2910 4926
170 309 212 355 An
235 308 426 357 counitionis
448 308 646 356 BRLLARMINI
670 309 850 357 momentu
874 307 1062 378 Responsio„
1121 297 1184 358 465

82 473 120 528 ιιι
136 465 336 530 subditorum
356 466 392 529 in
407 467 512 549 Reges
534 487 616 544 suos,
631 467 744 545 officia,
762 467 857 530 fidem
873 467 1018 549 perimat.
1065 462 1183 544 Quare,

83 569 143 632 etsi
159 571 318 633 sententio
332 571 398 633 latu
412 570 463 647 sit,
479 570 658 653 periturum
675 570 756 653 Regi
771 569 990 634 nihilominus.

115 736 164 792 Qui
176 774 182 784 .
194 773 200 784 .
214 773 219 784 .
228 736 299 799 jurat
309 752 335 786 ee
347 736 506 786 obediturum
519 736 582 799 llegi
593 737 719 794 hoeretioo
732 736 910 787 nonobstante
922 737 1183 786 excommunicatione

150 816 232 881 Pupw,
244 833 328 867 noune
335 818 406 880 jurat
417 817 493 868 simul
505 832 531 867 oe
543 833 594 866 non
605 833 738 880 agnoeooro
751 819 777 867 in
790 818 859 882 Pupn
874 822 1024 881 potestatem
1042 833 1184 866 exeommu-

148 898 249 948 uieendi
263 900 342 962 Reges
353 901 501 949 heeretieool
535 900 638 962 Alioqui
651 936 657 948 .
672 939 677 950 .
691 937 696 948 .
709 900 951 962 nonjurumeninm
969 900 1013 948 ned
1024 900 1182 960 saerilegium

149 984 221 1038 esset,
228 979 313 1043 jurare
325 995 350 1030 se
361 995 413 1030 non
425 981 585 1030 obediturum
596 981 730 1030 sementino
741 981 1034 1030 excommunicationiou
1046 979 1113 1042 Papa
1125 980 1183 1028 lotoe

149 1062 176 1110 in
189 1061 283 1124 Regem
299 1062 455 1121 hoereticum,
466 1063 487 1112 oi
500 1063 612 1112 erederet
622 1078 674 1128 euno
690 1064 717 1111 in
734 1062 801 1126 Papo
813 1100 818 1110 .
832 1099 838 1110 .
851 1067 1002 1126 potestatem
1013 1062 1183 1111 excommuni-

150 1142 341 1209 oondi.—[Bell.
351 1143 426 1208 Apol.
437 1159 483 1207 pro
494 1143 578 1208 Resu]
590 1159 614 1208 p.
628 1147 679 1193 191.
693 1143 760 1208 [Op.,
773 1144 884 1192 tomuli.
896 1143 942 1216 ool.
955 1145 1010 1193 811.
1023 1143 1068 1206 Ι).]

130 1273 190 1346 Qui
196 1275 290 1355 jurat
301 1295 333 1337 oe
345 1274 537 1337 obediturum
546 1274 635 1356 Regi,
648 1295 709 1338 non
721 1275 861 1337 obstante
872 1276 1184 1338 eoeoommunieatione

84 1376 190 1458 Papae,
207 1399 306 1440 nonne
321 1379 415 1460 jurat
429 1379 523 1440 simul
536 1399 568 1440 ee
583 1399 643 1440 ooo
659 1398 825 1459 agnoscere
840 1379 874 1438 in
889 1379 981 1458 Papo
996 1384 1184 1458 potestatem

81 1481 368 1543 eoeeommuoicandi
384 1481 509 1563 Reges?
532 1480 577 1543 ait
593 1479 780 1544 Curdinalie
826 1479 900 1542 Non
917 1481 1012 1561 jurat
1033 1482 1135 1559 otenel,
1152 1502 1184 1544 oe

83 1602 144 1643 non
164 1603 340 1665 agnoscere.
385 1583 539 1665 Agnoscit
561 1583 658 1661 enim,
678 1590 711 1646 et
735 1582 895 1665 supponit,
920 1581 1060 1666 adeoque
1081 1584 1184 1666 ponit,

81 1683 118 1747 in
140 1706 178 1748 eo
195 1692 384 1766 potestatem
403 1687 698 1750 eeeommunieandi.
744 1686 819 1751 Qua
840 1685 970 1769 quidem
988 1685 1100 1769 posito,
1125 1708 1185 1751 nec

84 1789 254 1872 quicquam
270 1790 429 1869 obstante,
445 1790 637 1853 obediturum
651 1811 684 1853 oe
690 1790 785 1872 juret
799 1796 918 1855 tumen.
957 1790 1011 1852 Ita
1025 1791 1185 1873 nonjurut

85 1892 179 1954 simul
190 1914 223 1956 oe
238 1914 299 1956 ooo
313 1914 488 1976 agnoscere,
503 1893 570 1957 imo
586 1893 717 1957 seorsim
729 1895 829 1978 jurat,
846 1913 1011 1976 agnoscere
1031 1915 1066 1957 se
1081 1894 1184 1977 primo

78 2002 266 2076 potestatem
291 1998 587 2076 excommunicandi,
610 2019 676 2060 non
699 2004 810 2061 tamen
825 2018 991 2080 agnoscere
1006 1996 1041 2060 in
1057 2018 1182 2062 exeom-

87 2099 313 2163 municationio
343 2099 504 2164 sententia
532 2122 602 2163 eum
626 2100 691 2162 vim
721 2121 801 2179 esse,
825 2121 889 2182 qno
915 2099 1033 2178 minus,
1059 2121 1097 2163 eu
1119 2123 1184 2163 non

84 2201 244 2280 obstante,
262 2203 354 2286 Regi,
370 2203 421 2266 vel
435 2210 508 2286 post
522 2224 593 2266 eom
608 2203 718 2281 lutam,
735 2203 858 2266 obedire
872 2202 993 2286 possit3
1018 2204 1096 2266 Non
1111 2226 1183 2267 eum

84 2303 148 2366 vim
169 2304 283 2382 inesse,
299 2313 337 2368 ut
359 2305 555 2370 deserendus
579 2306 630 2383 nit,
654 2327 673 2368 ιι
695 2305 770 2368 filiis
785 2308 927 2384 Pam-,a
949 2305 1086 2369 subditis
1101 2306 1182 2383 Rex,

85 2408 389 2472 excommunicatus.
432 2407 548 2481 ¹Credet
574 2429 639 2471 eone
679 2409 713 2471 in
739 2409 831 2490 Papa
864 2429 970 2471 oerum
1000 2413 1184 2488 potestatem

84 2512 370 2575 encommuniouudi
384 2513 492 2596 Reges.
529 2513 610 2576 Esto
625 2511 717 2591 enim,
727 2519 764 2575 ut
780 2511 831 2587 sit,
852 2512 934 2595 (quae
951 2511 1080 2594 quidem
1095 2512 1186 2574 nulla

10 2678 14 2685 ,
85 2615 146 2695 est)
165 2615 221 2678 sed
236 2623 305 2678 esto
319 2623 428 2679 tumen
444 2623 481 2679 ut
496 2615 548 2694 sit,
564 2621 597 2678 et
613 2615 722 2679 eredat
738 2636 806 2678 esse
815 2639 824 2691 ;
840 2616 1055 2697 juramentum
1074 2622 1186 2678 tumen

86 2718 157 2794 erit,
174 2724 206 2780 et
221 2739 288 2781 non
302 2720 510 2800 semileginm.
545 2720 624 2782 Non
640 2719 726 2782 enim
733 2718 860 2801 jurabit
874 2739 907 2781 se
918 2739 979 2781 non
994 2719 1187 2782 obediturum

85 2821 243 2883 sententie
257 2823 582 2885 eeeommuoicutiooio
604 2843 623 2884 α
640 2822 732 2903 Papa
748 2823 819 2884 Iule
834 2823 868 2884 io
883 2822 1006 2904 Regem.
1046 2820 1186 2885 Obediet

85 2923 181 3000 enim,
200 2925 322 3007 Regem
336 2924 469 2988 habebit
482 2925 564 2987 sieut
586 2923 756 2987 Etonieum
778 2930 808 2987 et
827 2921 1065 3000 Publicanumd,
1082 2922 1187 3006 quood

85 3026 236 3090 Ecclesiae
265 3028 376 3105 eleves,
408 3027 513 3109 quoad
544 3027 694 3109 Regnum
721 3027 894 3090 eoelorum:
920 3026 975 3089 sed
999 3047 1052 3089 eas
1076 3033 1186 3088 tamen

85 3129 167 3193 vires
188 3130 320 3212 negabit
334 3129 441 3193 inesse
455 3129 491 3193 in
510 3150 549 3193 ea
563 3128 733 3206 sententia,
750 3137 787 3191 ut
802 3129 895 3191 tollat
912 3128 1091 3210 congenitm
1106 3127 1185 3190 fide-

85 3233 184 3295 litatis
199 3232 362 3296 vineulum
376 3232 532 3310 naturale,
543 3231 603 3294 etsi
616 3252 777 3295 sacrorum
789 3230 1046 3294 communionem
1057 3252 1187 3293 omnem

85 3337 196 3400 tollat:
220 3336 301 3400 nihil
317 3336 403 3399 enim
419 3335 576 3413 claudere,
592 3335 674 3398 nihil
689 3334 789 3417 ligare
804 3333 900 3411 eliud,
918 3355 1014 3415 quam
1030 3333 1083 3396 eui
1098 3334 1183 3396 oleu-

86 3438 191 3502 dendo
206 3447 239 3502 et
253 3438 383 3522 ligando
398 3438 482 3502 dntae
497 3445 583 3516 sunt,
600 3459 696 3521 quam
712 3436 797 3519 quod
821 3437 862 3500 ad
883 3438 1021 3519 Regnum
1041 3437 1185 3499 celorum

87 3550 219 3626 spectet,
242 3550 298 3606 out
320 3543 514 3606 Ecclesiam:
538 3543 572 3604 in
591 3542 716 3604 vincula
737 3547 866 3620 nature,
884 3542 933 3604 vel
947 3542 1080 3622 politice,
1105 3540 1187 3604 nihil

86 3647 115 3710 ei
135 3647 218 3731 juris
242 3667 321 3709 esse.
367 3646 467 3709 Videt
491 3667 600 3729 aequus
618 3645 720 3708 lector
741 3652 934 3728 potestatem
958 3644 1010 3707 hie
1034 3644 1185 3707 affirmari

85 3749 180 3833 plane
189 3778 198 3830 ;
222 3771 321 3833 eaque
346 3749 391 3812 sie
415 3750 581 3829 affirmato,
601 3749 718 3832 'negari
737 3756 849 3813 temen
870 3749 941 3826 hoc,
958 3748 1187 3812 Exeommuni-

86 3854 212 3918 catione
242 3853 320 3917 solvi
350 3853 450 3917 civilio
481 3853 671 3917 obedientiae
700 3852 875 3916 vinculum.
929 3854 1022 3916 Stare
1053 3853 1186 3935 quidem

85 3978 273 4032 censurem3
305 3978 365 4020 nee
394 3964 503 4019 tamen
533 3956 671 4032 obstare,
700 3956 891 4038 quominus
920 3955 1000 4038 Regi
1026 3963 1185 4039 pareatur.

88 4062 160 4124 Nee
180 4060 213 4122 id
234 4060 343 4143 qumi-i,
366 4081 406 4122 on
431 4058 482 4137 sit,
499 4059 548 4122 vel
571 4079 639 4121 esse
662 4058 761 4142 possit
779 4057 1075 4122 Exeommunieutio
1087 4085 1096 4135 3
1120 4058 1186 4135 sed,

86 4163 142 4227 ubi
161 4165 230 4247 jam
245 4170 304 4242 est,
321 4185 418 4245 quem
433 4162 497 4226 vim
520 4162 646 4240 habeut,
663 4171 695 4224 et
714 4182 755 4224 un
779 4161 819 4223 ad
838 4161 963 4224 civilem
986 4159 1186 4224 subditorum

54 4350 60 4357 ἡ
87 4267 184 4330 fidem
200 4266 382 4331 solvendam
399 4287 433 4330 se
448 4265 600 4348 porrigat.

509 4425 520 4457 ⁴
537 4426 623 4491 [Mott.
635 4427 705 4476 xviii.
720 4425 769 4489 m]

130 4524 372 4561 innexum-nuso
863 4521 888 4569 11
903 4523 926 4569 ll
