2910 4926
252 262 318 328 352
565 283 608 333 sn
629 282 820 335 creausus
841 284 1040 337 autumna

253 439 438 498 animantur
459 438 542 500 omni
555 439 647 503 uerbo
662 440 732 520 Dei,
748 442 876 505 eundem
898 443 1045 506 babentes
1065 442 1244 521 omium,
1265 459 1358 524 quern

253 543 285 600 et
304 538 415 604 cibum.
459 541 592 606 Coelesti
611 564 695 625 pane
714 544 742 607 si
759 553 944 623 vcscsmtur,
960 545 1024 609 Dei
1039 550 1072 609 et
1087 565 1206 609 mensoe
1221 552 1256 608 et
1276 565 1356 610 oon-

252 640 336 705 vivio
358 641 385 704 si
409 641 571 722 intersint,
596 645 821 729 Dominum-si
838 646 947 711 cibum
968 646 1101 726 habent,
1123 649 1158 710 in
1183 649 1258 710 caelo
1284 668 1357 711 cum

253 742 386 807 Domino
401 753 486 810 sunt.
530 746 590 810 Vis
605 748 666 813 hoc
681 749 820 833 deniqne
835 749 1054 829 disertissime,
1071 771 1143 833 quae
1159 750 1356 835 Hieronymi

252 848 368 911 mensi
402 848 518 932 accipe.
563 853 717 914 Ascendit
742 855 776 915 in
801 854 909 916 calum
942 855 1095 916 Dominus
1128 873 1197 917 cum
1228 854 1354 933 Enoch,

252 951 393 1013 asendit
413 971 482 1014 cunr
501 953 611 1017 Elias
659 956 794 1030 Iterum,
810 957 839 1018 si
854 956 1069 1020 descenderint
1087 976 1183 1038 usquc
1196 957 1242 1019 ad
1253 956 1356 1036 infer-

252 1072 335 1132 num,
350 1054 423 1116 inde
437 1056 565 1119 educam
584 1078 644 1136 eos,
661 1058 745 1139 quod
758 1078 852 1139 super
865 1058 997 1122 Datban
1011 1065 1042 1121 et
1058 1059 1181 1121 Abiron
1194 1059 1355 1141 impletum

251 1177 318 1220 esse
343 1162 562 1240 copnoscimus.
607 1161 682 1224 Etsi
711 1162 909 1226 ascenderint
933 1184 1029 1245 usqscc
1059 1163 1114 1225 ad-
1130 1164 1248 1242 calum,
1277 1164 1356 1226 inde

253 1260 416 1324 detraham
430 1283 491 1339 cos,
507 1265 581 1346 quia
596 1270 626 1327 ct
642 1264 752 1328 Enoch
766 1271 797 1328 et
811 1266 905 1327 Elias
925 1267 1012 1347 rapti
1034 1285 1103 1328 cum
1123 1264 1306 1347 emporibus
1319 1267 1355 1329 in

252 1363 360 1425 calm
370 1364 432 1427 Dei
446 1372 596 1448 repuniur
610 1367 772 1432 arbitrio&
811 1368 928 1451 Neque
941 1367 1035 1432 nobis
1046 1369 1115 1451 jam
1130 1366 1265 1431 dubium
1279 1388 1355 1431 esse

252 1472 370 1547 potest,
394 1468 472 1550 quid
496 1469 697 1554 Hieronymo
718 1471 822 1534 visum
843 1471 896 1549 sit,
919 1470 960 1534 de
984 1470 1101 1533 duobus
1123 1469 1188 1532 illis
1209 1470 1354 1534 Testibus

252 1565 288 1631 in
302 1569 505 1656 Apocalypsi,
522 1572 577 1656 qui
591 1572 642 1637 vel
660 1573 869 1654 spiritualiter
885 1572 964 1637 dicit
979 1573 1212 1655 intellipendum
1226 1572 1352 1652 librum,

255 1671 300 1752 (et
315 1671 421 1736 locum
435 1674 522 1737 huno
537 1675 741 1758 nominatim)
760 1676 851 1739 uelsi
866 1676 1047 1754 causaliter,
1067 1674 1164 1759 (quod
1179 1674 1256 1738 facit
1271 1676 1353 1739 Cur-

253 1773 391 1857 diuslis)
410 1776 556 1840 Judaicis
568 1776 691 1858 fabulis
713 1777 967 1859 acquiescendum
990 1786 1081 1841 esse·.
1129 1776 1352 1862 Hieronymus

252 1897 329 1959 ergo
344 1879 584 1961 praetereundus
598 1880 646 1942 illi
661 1879 733 1958 suit,
750 1880 946 1962 Bulingcrus
964 1887 1050 1943 certe
1064 1879 1295 1962 praeteriisset&

295 1981 341 2044 At
355 1981 577 2064 Augustinum
592 1982 674 2046 nihil
689 1990 759 2046 erat
774 2003 832 2047 cur
846 1982 989 2045 referret
1035 1982 1152 2065 Neque
1175 1981 1262 2044 enim
1277 2002 1351 2062 nos,

185 2081 193 2108 '
251 2102 356 2165 neque
372 2084 539 2166 quisquam
557 2084 654 2168 (quod
669 2085 745 2167 scio)
772 2083 909 2162 dubitat,
925 2084 1083 2166 inquibus
1103 2086 1171 2146 nati
1192 2089 1265 2147 sunt
1280 2104 1351 2148 cor·

249 2185 386 2265 poribus,
412 2188 513 2250 vivae
536 2188 647 2250 Enoch
672 2194 702 2250 ct
727 2188 855 2249 Elian:
890 2187 955 2264 sed,
982 2207 1024 2249 an
1047 2207 1121 2250 cum
1146 2185 1351 2252 Antichristo

251 2288 426 2370 pugnaturi
444 2288 520 2368 sint,
542 2294 574 2353 et
598 2288 637 2353 ab
656 2309 695 2352 eo
713 2289 844 2352 tandem
868 2287 1075 2351 trucidandi?
1099 2287 1185 2371 quod
1206 2309 1268 2353 neo
1291 2288 1349 2368 ibi,

252 2412 313 2456 uec
337 2414 475 2476 usquam
506 2392 583 2456 dicit
613 2393 826 2476 Augustinus.
871 2394 943 2457 Noc
972 2393 1042 2456 sine
1074 2391 1187 2457 fraude
1214 2391 1349 2472 factum,

252 2495 338 2577 quod
348 2496 508 2579 praescidit
516 2496 570 2559 hio
586 2496 765 2559 Cardinalis
781 2502 903 2579 partem
915 2496 1084 2561 sententiae
1098 2496 1195 2580 hujus
1208 2496 1351 2581 priorem

254 2598 322 2676 (cur
337 2607 445 2661 nutem
460 2599 597 2660 adducat
609 2599 797 2674 Cardinalis,
814 2600 897 2680 quod
905 2601 939 2661 in
954 2619 1019 2662 rem
1033 2620 1121 2662 suam
1135 2620 1196 2661 non
1203 2597 1347 2682 facitur)

251 2722 314 2783 qun
343 2701 434 2782 ponit
463 2700 665 2782 Augustinus
698 2701 784 2763 iuter
814 2702 1017 2784 quaestioues,
1054 2722 1133 2785 quas
1162 2703 1251 2764 salva
1280 2700 1350 2781 fide

249 2802 395 2882 ipnorare
414 2803 519 2880 liceat,
535 2803 585 2865 vel
606 2802 813 2884 definitionem
837 2804 874 2865 dc
898 2805 943 2865 cis
964 2803 1159 2884 suspendere,
1175 2802 1226 2866 vel
1248 2803 1349 2866 ctiam

250 2908 409 2988 conjicere.
454 2908 517 2971 vel
540 2929 608 2970 cunr
631 2909 781 2988 quaritur
799 2908 941 2990 (inquit),
957 2907 1010 2968 ubi
1029 2908 1071 2968 sit
1086 2927 1167 2968 nunc
1182 2907 1284 2985 Elios,
1300 2909 1352 2970 uel

249 3010 368 3087 Enoch,
386 3032 427 3073 an
449 3012 493 3073 ibi
520 3011 651 3094 (scilieet
673 3010 708 3073 in
726 3010 889 3093 Paradiso)
910 3032 952 3072 an
975 3010 1060 3085 alibi,
1077 3030 1153 3091 quos
1168 3016 1271 3072 tamen
1286 3031 1349 3073 non

250 3113 434 3190 dubitamus,
451 3114 608 3194 inquibus
623 3114 690 3175 nati
705 3119 777 3175 sunt
792 3113 981 3193 corporibus,
997 3114 1126 3175 donc&
1170 3112 1288 3190 Quare,
1306 3135 1350 3176 an

248 3214 283 3277 in
291 3215 445 3296 paradiso
467 3224 539 3278 tum
553 3214 668 3279 Enbch
680 3222 712 3278 et
728 3215 824 3291 Elias,
841 3215 978 3277 incertus
996 3213 1044 3296 (ut
1059 3213 1199 3295 videtur)
1216 3215 1348 3296 Augus-

248 3317 347 3398 tinus,
365 3319 404 3382 de
421 3340 484 3402 quo
499 3318 578 3382 adeo
594 3323 696 3379 certus
711 3317 901 3381 cardinalis.

280 3446 343 3511 ηε
359 3445 441 3509 Hier]
460 3446 487 3493 in
510 3445 589 3494 Amos
606 3445 640 3493 ix.
663 3442 700 3506 [6.
719 3444 775 3506 Op,
819 3444 900 3493 tiones
922 3444 985 3503 istae,
1005 3457 1067 3504 quas
1086 3456 1138 3490 esse
1157 3446 1251 3505 preter
1269 3440 1350 3490 fidem

248 3515 309 3560 tom.
318 3511 352 3561 vi.
363 3512 409 3560 col.
419 3512 473 3560 349.
486 3509 531 3571 D.]
818 3507 962 3567 arbitretur,
980 3522 1056 3569 quam
1073 3510 1133 3554 sunt
1144 3506 1196 3556 illae
1211 3507 1239 3555 in
1256 3505 1351 3568 quibus

281 3584 290 3609 ¹
308 3577 336 3640 [“
343 3575 375 3625 Si
390 3572 570 3630 descenderint,
589 3573 633 3631 nit,
649 3571 776 3634 usquead
818 3571 887 3620 salva
906 3571 964 3630 tide,
983 3586 1032 3633 qua
1049 3569 1187 3619 Christiani
1199 3583 1293 3628 sumus,
1304 3573 1352 3618 sut

247 3638 385 3702 insanum,
393 3638 454 3686 inde
462 3652 555 3685 nonus
563 3651 620 3685 nura
631 3636 717 3685 educet
727 3650 774 3684 cos.
818 3636 949 3697 ignoratur
960 3634 1022 3696 quid
1033 3648 1119 3683 verum
1132 3635 1173 3691 sit,
1186 3638 1212 3684 et
1222 3634 1351 3682 mutantia

248 3737 254 3750 .
267 3739 273 3751 .
285 3737 291 3750 .
305 3702 376 3760 Quod
388 3716 462 3764 super
474 3700 574 3749 Dathsn
585 3705 611 3749 ot
622 3700 720 3748 Abiron
731 3700 776 3747 irn-
819 3698 951 3748 definitivs
959 3699 1127 3761 suspenditur,
1138 3698 1349 3759 autalitarqnam

247 3765 591 3829 pletumesseeoguoscirnus,
613 3764 776 3812 uosviventes
819 3769 863 3819 ast,
878 3763 1131 3812 humanaetinfirma
1141 3762 1281 3825 suspicions
1292 3775 1350 3810 oon·

248 3835 322 3879 tarrae
333 3830 417 3879 hiatus
428 3829 563 3878 absorbuit.
619 3827 775 3877 uiaaoende-
813 3827 911 3888 jieitur.
947 3826 1033 3875 Veluti
1045 3840 1101 3874 oum
1119 3827 1248 3888 quaritur,
1264 3825 1351 3886 qualis

247 3893 309 3951 rint,
332 3894 425 3956 iuquit,
447 3908 525 3955 usquc
543 3892 579 3941 ad
600 3891 694 3950 coelurn
715 3890 775 3940 inde
818 3891 856 3939 vel
880 3892 924 3940 ubi
942 3891 978 3938 sit
997 3890 1133 3952 paradisus,
1151 3889 1195 3938 ubi
1214 3889 1351 3938 constitnit

248 3956 381 4007 &uanam
393 3972 433 4006 cos
441 3972 452 4015 ;
463 3957 522 4019 quia
532 3962 559 4007 et
570 3955 655 4005 Enoch
665 3954 774 4014 etEliss,
818 3954 885 4004 Deus
896 3954 1034 4012 hominem,
1045 3968 1119 4015 quom
1131 3953 1287 4002 formaritex
1295 3952 1350 4015 pnl-

247 4022 315 4085 rspti
330 4036 387 4070 eum
407 4021 551 4084 corporibus
568 4021 595 4068 in
614 4019 713 4076 coslum,
727 4018 775 4068 Dei
817 4034 888 4079 vero;
901 4033 958 4067 eum
966 4018 1194 4067 tamenesscillum
1203 4016 1349 4080 paradisum

248 4090 370 4147 sginum
381 4083 566 4135 arbitrio.”—S.
575 4082 647 4132 Hier.
656 4083 684 4131 in
696 4084 774 4130 Amos
817 4081 879 4131 fides
888 4082 1032 4130 Christiana
1042 4095 1094 4129 uon
1105 4080 1218 4136 dubitat,
1236 4080 1277 4129 rel
1289 4094 1349 4129 cum

247 4150 283 4199 ix.
296 4152 319 4199 2.
332 4149 393 4198 ibid.
406 4149 451 4198 eol.
460 4149 514 4200 347.
526 4147 558 4196 Δ.
572 4146 612 4211 Β.]
817 4147 947 4207 qnaeritur,
955 4147 999 4194 ubi
1010 4146 1045 4193 sit
1053 4159 1120 4193 nuuc
1128 4144 1197 4193 Elias
1203 4144 1243 4192 rel
1251 4143 1350 4203 Enoch,

280 4213 480 4327 :stru
493 4212 584 4324 ist
816 4207 1350 4322 :sensumsununs

279 4350 292 4375 ¹
307 4280 521 4403 Hortdstupiird'tii
532 4339 565 4403 [p.
580 4312 635 4387 iit.
647 4337 715 4387 Edit.
724 4336 776 4387 001.
821 4338 973 4413 corporibus,
1003 4288 1149 4412 iiioreJ’iIU-U-
1162 4335 1186 4384 S.
1204 4335 1283 4399 Aug]
1308 4335 1349 4384 De

247 4405 429 4537 Agriffiom
445 4468 521 4520 aliter
540 4480 566 4516 sc
587 4465 682 4517 habent
699 4481 776 4530 quaes
820 4398 1266 4528 tldedrexpcrdlgkdiddi'ld.xildi.[dd]2⁷')
1291 4398 1348 4463 09,
