2910 4926
193 1246 266 1344 ΑΙ)
312 1246 664 1344 CARDINALIS
710 1246 1080 1345 BELLARMINI
1269 1269 1279 1330 1

334 1544 628 1620 APOLOGIAM
658 1543 938 1619 RESPONSIO.

131 1947 345 2024 AEvaocUM
361 1947 479 2011 animal
494 1947 634 2024 TORTUS,
650 1954 702 2010 eat
721 1947 790 2030 jam
806 1967 893 2024 sane,
909 1967 973 2029 quo
988 1945 1104 2030 dignus
1119 1955 1185 2009 ost:
1210 1957 1350 2009 Sororium

82 2049 266 2114 cardinalis
280 2049 348 2133 ipse
363 2048 456 2112 nobis
471 2048 660 2132 comparuit.
708 2052 757 2113 Ae
772 2070 806 2112 se
820 2049 957 2112 'Portum
971 2047 1073 2111 fuisse
1083 2057 1113 2111 ⁸:
1136 2047 1188 2111 vel
1199 2021 1348 2136 ffinff'

83 2152 146 2217 sub
173 2153 264 2217 'Porti
284 2153 440 2235 aperiebat
466 2151 654 2230 delituaaeb,
679 2152 799 2216 fatetur
824 2152 918 2216 ultro.
964 2151 1085 2216 Latent
1110 2173 1187 2235 ergo
1199 2149 1308 2214 ntem]

84 2257 209 2333 Romae,
225 2276 292 2318 non
306 2276 373 2319 uno
387 2254 495 2334 modo,
512 2254 571 2318 sub
587 2256 676 2318 larva
692 2256 726 2318 S.
743 2256 783 2318 R.
799 2255 838 2318 n.
855 2252 1051 2319 cardinales.

128 2359 201 2422 Nec
217 2357 290 2422 berre
305 2364 414 2422 tamen
429 2364 534 2421 noster
548 2359 601 2422 hie
616 2359 710 2421 latuit
718 2368 741 2420 c:
758 2378 828 2436 nee,
841 2377 898 2420 our
911 2356 959 2418 ita
974 2356 1076 2434 latuit,
1089 2356 1186 2436 ratio·

83 2482 161 2525 nem
186 2460 292 2524 reddit
317 2460 395 2525 eatis
415 2460 581 2536 idoneam
605 2481 732 2543 nempe,
756 2462 830 2542 qaia
852 2460 933 2541 Repe·
955 2460 1055 2522 vuum
1078 2479 1188 2522 nomen

83 2583 176 2625 auum
206 2565 317 2643 celare,
343 2563 462 2628 ideireo
488 2563 592 2626 visum
619 2563 792 2641 Cardinali,
815 2582 935 2629 nornen
957 2559 1079 2642 falsum
1101 2582 1187 2643 proe-

83 2664 231 2728 scribere.
275 2665 389 2748 Atqui,
415 2666 516 2728 celare
537 2684 652 2743 emm,
677 2664 841 2727 interdum
864 2663 941 2727 lieet
952 2689 961 2741 ;
982 2664 1188 2744 praescribere

77 2766 211 2850 suham,
226 2768 317 2833 nullo
338 2767 434 2832 modo
449 2767 533 2831 licet.
580 2769 686 2846 Certe,
702 2789 769 2831 non
783 2767 875 2830 licuit
890 2767 976 2846 olim,
993 2773 1069 2830 ante
1083 2787 1187 2849 nuper

84 2875 181 2935 natos
196 2891 214 2934 e
232 2870 349 2934 Schola
362 2891 446 2933 nova
460 2869 636 2953 aequivocos
651 2868 860 2934 Christianos.

128 2975 186 3051 At,
215 2974 272 3037 iila
301 2973 379 3036 satis
408 2972 534 3050 idonea,
559 2992 617 3036 cur
642 2973 711 3056 jam
734 2972 868 3035 tandem
895 2977 1101 3053 compareat.-
1135 2969 1185 3032 vel
1201 2972 1265 3037 [Sua
1275 2991 1327 3040 per-

85 3076 199 3158 Ipsum
223 3076 341 3154 audite,
365 3076 449 3159 apud
465 3076 623 3139 Caesarem
646 3085 679 3138 et
699 3074 863 3158 Principes
887 3073 1136 3157 queribundum,
1153 3078 1186 3135 et
1199 3053 1260 3153 ἓξὲξ
1268 3045 1332 3155 ἐξ,

83 3177 164 3262 qnid
189 3179 305 3256 doleat,
332 3200 389 3242 cur
416 3177 548 3261 prodeat
578 3184 792 3241 enarrantem.
845 3177 921 3240 Cum
949 3198 1004 3259 epo
1029 3173 1185 3259 pauperi,
1198 3171 1291 3233 Pmtd

82 3280 201 3364 inquit.
246 3282 390 3359 Fatetur,
412 3281 497 3364 quod
511 3301 563 3344 res
579 3288 638 3359 est,
658 3281 759 3362 punyi
774 3301 808 3343 se
817 3305 826 3358 3
851 3280 976 3359 Aculei,
993 3301 1073 3363 quos
1088 3279 1186 3342 habet

84 3383 184 3447 Liber
204 3385 335 3467 Regius,
348 3390 547 3465 pomerum
566 3383 740 3461 hominem,
756 3382 807 3445 vel
828 3382 897 3464 ipso
919 3383 1115 3445 confitente:
1139 3390 1185 3459 ut,

83 3487 140 3569 qui
170 3494 245 3550 aute
274 3507 309 3551 se
337 3487 538 3549 Murrnuou
576 3486 724 3562 Touana,
753 3485 840 3548 idem
873 3485 941 3569 jam
973 3506 1007 3548 se
1037 3485 1187 3547 Mancon

84 3590 248 3652 Parnon
270 3589 409 3653 scribere
431 3588 609 3672 potuisset:
633 3589 696 3652 nisi
713 3588 799 3671 quod
814 3589 929 3651 Mancl
943 3608 1062 3651 nomen
1077 3588 1186 3651 minus

81 3692 167 3755 forte
191 3691 339 3769 arrideat,
366 3698 536 3774 propterea
558 3691 642 3774 quod
665 3692 788 3755 Marco
808 3711 911 3774 nuper
934 3689 1186 3754 nonnullarum

115 3883 126 3905 ¹
160 3879 175 3903 ‘⁶
183 3875 226 3925 Ad
237 3891 296 3926 eum
307 3877 401 3926 librum
415 3875 501 3938 (Regia
511 3874 611 3938 Jacobi)
656 3881 718 3926 tom.
728 3877 770 3926 vii.
783 3876 839 3926 coll.
849 3878 904 3928 705.
917 3876 948 3936 D,
960 3876 1015 3927 706.
1028 3874 1071 3939 Α.]

162 3941 255 3990 rariter
276 3946 302 3990 et
324 3941 436 3990 modesto
463 3939 612 4003 respondero
689 3939 700 3972 δ
727 3941 824 4053 &Verba
851 3941 1000 3990 Bellarmini
1022 3939 1054 3989 de
1080 3954 1186 4003 praesen-

83 4005 179 4055 etndui.
192 4041 198 4053 .
211 4042 217 4053 .
230 4041 237 4053 .
250 4005 314 4062 Quia
324 4020 383 4054 voro
394 4005 478 4066 regius
489 4005 555 4053 iiber
565 4019 611 4053 no·
657 4006 694 4054 tie
711 4004 729 4053 O
750 4006 805 4054 riuti
825 4006 853 4053 in
873 4003 1048 4067 Eucharistia]
1057 4037 1085 4045 -
1096 4004 1184 4066 lieoog.

84 4086 145 4120 men
161 4070 270 4119 auctoris
286 4084 338 4119 non
353 4069 514 4132 praeferebat:
531 4069 613 4118 visum
658 4086 682 4134 p.
693 4070 784 4181 Πύρ.
795 4074 817 4119 8.
830 4072 861 4119 Α.
875 4070 930 4132 Op,
941 4069 1025 4118 tom.i.
1039 4068 1070 4117 ad
1082 4068 1152 4132 init]

83 4136 163 4185 etiam
175 4132 613 4196 mihieatjnatiadecausianomen
690 4133 727 4196 ε[
757 4134 798 4183 ido
811 4133 884 4183 Ovid.
896 4132 970 4182 ‘friat
984 4133 1022 4182 iii.
1035 4135 1057 4180 4.
1070 4133 1126 4196 25]

83 4214 171 4250 meum
199 4198 237 4246 ita
263 4203 355 4261 tegere,
378 4205 408 4247 ut
429 4203 515 4247 tamen
538 4197 614 4260 juxta
690 4197 1184 4262 ‘¹[“SedquiaouruintotnPrariatione,

84 4264 185 4326 regulae
197 4262 382 4312 Eooleoiaetioae
399 4277 491 4311 nomeu
509 4263 614 4325 alicujus
657 4268 732 4325 atquo
750 4262 812 4312 adeo
829 4264 855 4311 in
874 4268 928 4310 toto
945 4262 1010 4311 libro
1021 4276 1068 4322 ego
1079 4275 1185 4323 pungar,

84 4328 154 4377 docti
168 4328 219 4376 riri
237 4326 302 4376 liber
317 4333 423 4388 gereret,
439 4327 492 4389 qui,
511 4327 530 4375 ei
552 4342 614 4389 opus
657 4342 704 4389 ego
727 4342 820 4390 corpur,
849 4326 1015 4375 ote.''-ltoll.
1044 4326 1117 4387 Apol.
1141 4339 1185 4386 pro

83 4397 158 4450 emet,
180 4391 212 4440 de
238 4391 303 4441 libro
324 4391 393 4441 odito
416 4392 538 4440 rationem
562 4391 614 4440 rod·
659 4391 743 4455 Resp]
766 4407 789 4454 p.
810 4393 833 4439 4.
856 4392 907 4440 lino
929 4395 951 4440 1.
974 4390 1040 4455 [Op.‚
1063 4395 1124 4437 tom.
1142 4389 1185 4437 vii.

84 4455 284 4506 deret''-Bell.
306 4455 379 4519 Apol.
399 4471 445 4520 pro
464 4455 536 4520 ltoep.
559 4457 614 4519 Op,
659 4457 704 4506 col.
718 4458 772 4510 7⁰6.
786 4455 827 4518 D,]

128 4552 369 4590 “BENE-Bw.
909 4558 931 4607 B
