2910 4926
487 287 671 338 nomena
692 288 874 337 nuseousm.
1170 276 1233 338 199

126 447 254 506 venatos
277 442 373 526 longe
397 451 560 528 superent.
606 445 662 523 At,
680 445 735 528 qui
751 447 874 528 Regem
894 446 1030 508 miretur
1044 447 1145 529 Repes
1162 453 1231 511 tam

120 567 240 627 paucos
254 569 440 627 natuerasse,
456 549 524 632 ipse
539 548 646 632 plures
660 548 835 634 Episcopus
850 557 960 612 tamen
981 571 1045 613 non
1069 558 1228 630 numerat,

125 652 258 733 quinque
281 660 431 716 tantum:
456 653 647 716 Dnnstanns
670 652 757 715 enim
782 661 874 716 extra
897 675 1028 716 causum
1049 654 1144 730 hane,
1164 655 1229 718 nisi

125 774 214 816 amor
227 756 398 834 mulierum,
416 755 544 818 libertus
560 777 686 838 quoque
701 756 927 820 Ecclesiastieu
948 757 1000 820 sit.
1045 759 1117 822 Nee
1140 765 1227 822 reete

124 865 234 921 tamen
258 859 408 923 subducit
433 860 479 922 ibi
504 860 653 923 rationes.
701 861 780 924 Non
806 861 893 924 enim
916 862 962 925 ibi
983 863 1129 925 Deennus
1148 883 1228 925 uuus

123 969 270 1039 tenetur3
296 963 352 1026 sed
366 965 488 1026 Decuai
510 964 580 1041 duo,
601 964 752 1045 Episcopi
767 969 920 1045 quatern,-
941 965 1057 1044 Abdus,
1075 971 1105 1028 et
1119 966 1225 1044 Prior,

122 1072 239 1147 praeter
253 1068 424 1130 canonicos
440 1068 525 1145 duos,
541 1067 743 1150 totidemque
758 1068 933 1130 Rectorest.

155 1198 253 1248 Notum
265 1204 310 1259 est,
323 1208 418 1263 quanta
428 1215 515 1264 passus
532 1237 538 1250 .
557 1237 563 1249 .
581 1237 587 1250 .
606 1200 760 1250 Anselmus.
779 1237 784 1249 .
803 1238 808 1249 .
821 1216 837 1250 a
848 1200 1068 1263 RegeWilhelmo,
1079 1202 1225 1265 quotannis

185 1281 333 1339 exniaverit,
345 1282 444 1344 quoties
454 1283 506 1332 ad.
520 1318 525 1330 .
539 1319 545 1331 .
558 1282 709 1332 Pontificem
719 1281 983 1346 confugerit—[Bell.
995 1283 1069 1346 Apol.
1081 1297 1127 1347 pro
1139 1282 1224 1348 Resp]

186 1376 210 1425 p.
224 1363 262 1414 70.
281 1363 348 1427 [Op.,
365 1366 419 1412 tom
430 1364 475 1413 vii.
487 1364 535 1413 eol.
545 1364 600 1415 743.
613 1364 658 1428 Ι).]

164 1461 350 1537 Anselmus,
381 1461 475 1524 annis
504 1461 555 1524 vix
586 1461 737 1525 duobusu
763 1461 849 1524 ultro
875 1463 1014 1524 caelavit
1041 1468 1074 1524 et
1099 1462 1221 1529 volens.
1237 1482 1386 1597 gnosum.

121 1562 208 1625 Nam
233 1563 303 1625 Rex
327 1563 492 1626 hominem
517 1563 656 1626 exeundi
685 1563 836 1647 cupidum
859 1563 997 1626 retinere
1020 1562 1164 1628 voluerat
1187 1566 1223 1629 in
1257 1548 1327 1613 anu]

121 1667 245 1749 Regno,
274 1675 325 1730 ter
355 1667 493 1730 exeundi
522 1667 648 1730 veniam
678 1668 818 1749 negavit.
863 1669 907 1730 Et
937 1667 999 1730 hoc
1027 1674 1066 1730 tn
1096 1669 1224 1731 exilium

120 1770 235 1833 vocas?
281 1771 327 1833 At
348 1791 419 1852 qnae
444 1791 540 1834 causa
560 1769 752 1832 turbarum?
798 1770 954 1834 Nondum
968 1770 1140 1834 concilium
1156 1773 1222 1836 Ro-

118 1894 261 1950 manum,
286 1894 346 1935 nee
369 1874 475 1937 adhue
498 1872 685 1936 conclusum
709 1873 754 1936 ibi
778 1874 815 1935 de
838 1874 1041 1936 investitatum.
1065 1874 1160 1937 ·Non
1184 1896 1223 1939 ea

118 1995 194 2056 ergo
217 1982 289 2039 tum
311 1977 458 2040 Anselmi
478 1998 582 2053 causa,
600 1977 654 2040 sed
678 1977 763 2060 quod
778 1977 980 2040 Turbanumv
997 1977 1032 2039 in
1048 1977 1222 2041 schismate

117 2078 238 2162 Papam
258 2079 432 2162 agnoverit,
450 2100 545 2161 quem
561 2080 631 2141 Rex
653 2086 686 2141 et
702 2080 852 2162 Regnum
872 2079 1017 2142 nondum
1041 2079 1222 2143 habuerant

117 2202 175 2262 pro
191 2182 287 2264 Papa.
334 2183 387 2245 Ita
400 2203 475 2244 vero
491 2188 562 2244 tum
582 2202 648 2244 non
666 2183 786 2245 Sancta
800 2181 946 2244 Anselmi
967 2202 1063 2244 eausa
1077 2181 1155 2261 haec,
1171 2184 1222 2247 vel

116 2284 232 2366 liquidi
252 2285 353 2369 juris3
377 2292 414 2347 ut
433 2284 556 2366 (audito
573 2283 671 2366 Regis
693 2283 819 2364 nuntio)
840 2283 986 2346 inducias
1006 2284 1097 2347 daret
1113 2285 1221 2349 Urba·

116 2408 189 2467 nna,
215 2389 406 2471 etamplius
429 2388 672 2452 deliberandum
697 2395 851 2452 censeret.
897 2389 953 2467 At,
969 2409 1043 2451 eum
1058 2388 1222 2452 Pasebalis

116 2513 218 2555 novus
233 2491 392 2569 Pontifex,
409 2491 528 2574 quique
548 2512 631 2555 novo
652 2492 798 2574 exemplo
818 2491 859 2554 ad
883 2513 973 2555 arma
995 2492 1119 2575 primus
1141 2513 1219 2556 eon-

116 2595 275 2674 elamavit,
299 2596 451 2659 loricatus
478 2595 564 2678 ipse:
598 2594 652 2677 qui
678 2595 769 2676 Regi,
791 2616 851 2658 nee
869 2616 931 2676 pro
955 2597 1004 2657 sui
1031 2596 1145 2676 cupitis
1170 2617 1220 2659 re-

116 2699 296 2780 demptione,
317 2699 531 2761 Eeeleu'arum
554 2699 756 2760 investiturus
779 2698 902 2779 impune
925 2699 1153 2779 permissurum
1177 2721 1219 2778 se,

115 2823 193 2882 ecce,
215 2823 319 2866 eorum
339 2803 415 2880 Deo,
435 2803 593 2879 diuerut',
617 2800 694 2882 quid
713 2801 842 2879 mirum,
867 2801 893 2863 si
914 2801 1009 2884 paulo
1032 2802 1221 2866 commotior

116 2906 186 2968 Rex
213 2905 316 2989 Regni
350 2905 474 2967 aditum
504 2904 660 2968 Anselmo
692 2904 870 2982 interdixit,
902 2905 1014 2968 eadem
1043 2911 1114 2966 tum
1145 2926 1220 2968 eum

115 3010 270 3073 Pascbule
285 3010 461 3073 sentienti?
508 3010 614 3075 Quem
629 3016 750 3087 tamen,
766 3009 879 3074 Adelae
901 3009 1017 3072 sororis
1037 3030 1102 3071 suae
1116 3009 1219 3092 preci-

113 3111 184 3191 bus,
200 3134 266 3176 non
290 3113 336 3175 ita
358 3112 462 3176 multo
481 3120 564 3196 post,
580 3114 701 3196 recepit
716 3114 750 3175 in
767 3113 916 3194 gratiam,
933 3111 1089 3194 bonisque
1104 3112 1169 3174 suis
1184 3112 1217 3174 in

114 3215 247 3298 plenum
262 3216 415 3279 restituit.

146 3353 224 3404 Dedit
240 3355 280 3402 illi
296 3358 383 3403 tamen
399 3352 466 3402 Deus
482 3358 539 3416 post
555 3357 663 3402 mortum
676 3350 807 3401 wilhelmi
823 3387 829 3400 .
846 3387 853 3400 .
873 3386 879 3398 .
895 3349 1031 3412 gloriosam
1042 3348 1218 3397 victoriam.—

179 3434 252 3499 [Bell.
263 3435 338 3498 Apol.
351 3449 396 3499 pro
408 3434 493 3498 Resp]
504 3449 528 3499 p.
540 3434 579 3486 79.
594 3434 661 3499 [ορ.,
671 3437 732 3482 tom.
745 3432 788 3482 vii.
805 3431 852 3480 eol.
864 3430 920 3482 743.
929 3429 974 3493 Ι).]

157 3534 244 3597 Nam
263 3535 396 3596 victoria
417 3533 481 3612 illa,
501 3535 610 3616 (quam
626 3531 797 3613 memoras)
816 3529 979 3593 Paschalis
995 3534 1072 3604 erat,
1089 3528 1215 3591 Caesare

112 3645 184 3703 tum
204 3645 237 3701 et
260 3637 471 3721 PrincipibuS,
491 3658 557 3699 non
577 3657 682 3713 causa,
704 3633 760 3697 sed
780 3635 812 3696 vi
836 3632 1018 3716 superioris.
1064 3631 1168 3693 Furor
1181 3632 1215 3693 in

112 3761 205 3805 eursu
219 3741 291 3819 fuit,
304 3742 442 3803 cementi
450 3738 559 3820 furori
574 3759 690 3801 cessum
706 3745 788 3813 est¹;
811 3736 921 3799 fateris
936 3736 1014 3818 ipse,
1030 3755 1105 3797 unu
1115 3734 1213 3796 Ante-

112 3865 265 3908 cessurum
286 3845 414 3906 relictus
436 3849 513 3918 estu,
532 3841 681 3925 qnodque
697 3862 736 3904 ex
753 3862 814 3903 usu
828 3841 883 3923 jus
900 3846 1089 3902 accreverat.
1136 3839 1215 3902 Non

53 4007 60 4018 ,
108 3947 163 4030 jus
178 3968 264 4030 ergo,
281 3946 339 4009 sed
350 3944 478 4030 justitia
493 3943 604 4007 defuit.

144 4126 152 4155 ²
172 4124 253 4237 §ide
263 4124 336 4173 Praet.
349 4123 441 4173 Monit.
453 4138 494 4186 pp.
507 4125 547 4180 38,
559 4122 620 4186 serp]
684 4120 738 4169 Vit.
759 4120 784 4169 S.
797 4119 910 4168 Amelm.
935 4120 991 4182 Op,
1010 4120 1034 4168 S.
1047 4119 1161 4169 Anselm.
1179 4117 1212 4168 ud

144 4197 156 4220 ¹
196 4187 520 4251 dmerus[al.Eadmerus]
534 4188 562 4235 in
579 4187 640 4235 Vita
683 4184 755 4246 init]

111 4255 196 4303 Ansel.
215 4254 281 4319 [Op.,
299 4253 323 4302 S.
336 4253 448 4301 Anselm.
462 4252 494 4300 ad
505 4250 574 4314 init]
714 4257 725 4280 ¹
760 4247 826 4298 Vide
845 4247 919 4299 ond.
938 4247 1040 4297 Remed.
1061 4248 1147 4296 Amor.
1165 4247 1209 4295 lin.

142 4319 317 4382 '[Urbanum
332 4333 365 4366 se.
378 4318 411 4365 11.
432 4316 497 4365 Vide
518 4315 639 4376 e'usdem,
683 4315 738 4364 119.

111 4383 180 4432 Hist.
193 4383 258 4432 Nou.
275 4382 319 4431 lib.
330 4383 346 4431 i.
366 4383 438 4444 pto.
456 4380 513 4430 ud·
539 4396 559 4429 e
583 4379 638 4444 Op,
714 4376 1056 4442 1[13011.Ap01.pr01usp.
1075 4374 1130 4437 Op,
1148 4378 1209 4423 tom.

111 4448 137 4496 S.
151 4447 274 4507 Anselmi,
286 4448 341 4496 Pur.
354 4445 441 4508 1675]
683 4445 725 4492 vii.
745 4443 859 4494 901111.
873 4440 915 4503 A.]

142 4521 159 4543 ⁸*
176 4512 248 4562 Idem
267 4510 370 4561 ibidem.
392 4512 450 4575 [ie.
466 4509 591 4560 Edmerus
610 4510 638 4558 in
