2910 4926
440 253 622 303 aronoorsn
645 254 824 303 nrsmssro.
1125 238 1187 303 129

87 413 143 492 At,
160 409 296 494 confinio
312 416 384 474 tum
406 416 439 474 et
454 411 611 474 tumultus.
656 411 712 475 An
733 433 772 476 ex
787 433 851 496 quo
862 412 961 493 pauci
975 411 1011 474 in
1025 410 1187 490 Concleri,

88 517 237 579 tumultus
251 513 342 593 nulli,
353 512 442 576 nulla
456 511 619 594 conflatio?
641 515 761 578 Annon
771 517 882 597 plures
892 515 1074 597 Antipapae,
1087 534 1188 577 seces-

89 619 193 684 siones
202 619 321 700 plures,
331 618 429 697 pluro
444 616 624 694 schismata,
636 603 806 700 postquam
817 638 868 680 res
882 618 978 680 rediit
992 618 1037 679 od
1043 618 1189 699 paucos?

88 723 133 787 Et
152 722 188 786 hi
204 721 257 804 qui
271 721 377 783 Rome
392 720 471 783 dant
493 720 699 803 Episcopum,
715 741 772 784 cur
794 720 895 803 magis
911 721 1059 784 dicantur
1077 721 1188 783 Cordi-

88 827 185 903 nales,
202 846 297 907 quam
314 823 369 906 qui
390 823 520 906 reliquis
540 823 715 887 Ecclesiis?
746 825 814 887 Aut
829 845 886 887 cur
907 824 941 888 id
962 824 996 887 in
1013 823 1103 888 Urbe
1122 844 1190 887 non

88 927 212 991 faciunt
243 927 393 990 Cououici
416 926 653 1002 Lateruuenses,
680 926 775 1008 quod,
805 935 1018 1011 preterquam
1043 927 1079 989 in
1098 926 1188 1007 urbe,

93 1031 264 1093 Conventus
289 1029 513 1092 Canonieorurn
527 1028 614 1106 facit,
630 1050 687 1092 seu
710 1029 890 1112 Religiosus
912 1030 963 1108 sit,
980 1051 1037 1094 seu
1059 1029 1192 1113 Capitu-

89 1132 188 1197 laris?
213 1133 345 1210 Saltem,
358 1153 415 1196 cur
430 1154 498 1195 non
517 1133 666 1195 Cononici
681 1132 830 1196 dicantur
845 1132 1034 1216 quielipunt‚
1045 1134 1101 1197 sed
1114 1135 1193 1196 Cor·

91 1237 237 1299 diuolso?
269 1236 356 1302 Quid
379 1243 429 1299 est
452 1236 488 1298 in
513 1256 590 1299 voce
617 1237 806 1314 Cardianus,
830 1236 916 1319 quod
939 1236 980 1299 ad
999 1237 1193 1300 Electionem

90 1339 197 1418 faciat,
214 1339 264 1402 vel
281 1340 476 1402 Consilium?
503 1339 620 1417 Quare,
638 1336 800 1403 cardinali
816 1339 869 1402 hic
887 1340 1034 1403 nondum
1054 1340 1193 1403 conuale-

90 1448 165 1505 rata
180 1442 257 1506 satis
270 1462 321 1506 res
337 1449 394 1507 est.

136 1545 200 1609 Per
220 1567 322 1608 annos
346 1545 475 1629 quidem
498 1546 570 1628 plus
592 1546 681 1611 mille
704 1544 731 1609 si
755 1547 1010 1624 considerentur,
1025 1546 1081 1609 isti
1102 1546 1194 1630 (quos

93 1649 219 1731 quaerit)
248 1649 433 1712 cardinales
454 1649 599 1712 nondum
617 1649 667 1713 vel
690 1650 767 1714 dicti
789 1650 840 1715 vel
861 1650 939 1714 facti
961 1657 1057 1729 sunt;
1080 1671 1195 1732 neque,

92 1751 144 1815 vel
166 1773 240 1815 cum
261 1753 398 1816 Sanctus
415 1751 657 1816 Hildebrandus
680 1753 862 1835 eligeretur,
881 1754 989 1835 (quem
1012 1753 1196 1836 nuperrime

88 1855 159 1938 jam
175 1854 354 1918 Cardinalis
371 1856 556 1919 Sanctorum
574 1856 609 1919 in
624 1856 736 1918 Festos
752 1856 906 1937 retulitss.)
955 1855 1063 1920 Quare
1078 1854 1198 1918 frustra

85 1958 244 2039 judicium
258 1958 297 2021 de
313 1958 362 2037 iis,
378 1965 411 2022 et
426 1961 603 2022 testimonia
619 1961 752 2022 Petrum
767 1965 902 2022 ueterum
917 1958 1078 2042 pollicitus
1094 1965 1153 2021 est.

127 2067 217 2132 Neque
233 2068 288 2118 haec
299 2070 426 2119 revocatio
443 2069 475 2119 ad
487 2085 585 2133 psueos,
598 2074 624 2118 et
635 2070 773 2120 eminentia
784 2085 840 2133 quea
858 2069 917 2119 inde
928 2073 1015 2119 secata
1031 2075 1069 2118 est
1081 2067 1198 2119 Cardine·

160 2149 232 2210 lium,
244 2154 297 2201 tam
308 2165 393 2200 recens
408 2155 454 2211 cst,
466 2156 495 2200 ut
505 2166 570 2200 nova
581 2150 631 2200 dici
647 2152 734 2215 possit,
745 2165 803 2200 eum
815 2151 875 2200 anni
887 2151 1020 2214 quingenti
1032 2149 1072 2199 vel
1084 2150 1198 2201 sexcenti

159 2230 192 2279 sb
204 2246 232 2280 co
244 2235 356 2294 tempore
372 2231 651 2296 numerentur-[Bell.
664 2232 738 2296 Apol.
752 2246 798 2296 pro
818 2230 903 2296 Respl
915 2247 938 2296 p.
952 2232 991 2281 al.
1004 2230 1070 2296 [Op.‚
1082 2233 1143 2281 tom.
1155 2231 1199 2281 rii.

160 2312 207 2361 col.
217 2313 272 2363 724.
285 2311 326 2377 Β.]

140 2404 190 2468 De
206 2402 332 2485 quibus,
349 2403 395 2466 ita
405 2405 474 2487 jam
490 2426 555 2466 non
571 2405 705 2483 laborat,
721 2411 759 2467 ut
774 2404 851 2467 satis
867 2404 896 2467 ci
912 2403 965 2484 sit,
981 2402 1145 2486 (quicquid
1160 2401 1199 2466 de
1215 2413 1308 2492 [idque
1337 2479 1344 2492 .

87 2507 213 2589 judicio
228 2508 283 2569 fiat
299 2509 432 2569 Petrum
448 2513 480 2571 et
502 2510 615 2571 veteris
628 2509 789 2591 Ecclesia)
810 2509 836 2571 si
855 2509 960 2571 selecti
981 2508 1049 2591 ejus
1065 2485 1363 2606 Presby·{)⁸1f„⁰¹p¹‡1',2{,}

96 2609 168 2687 teri,
185 2608 325 2692 quitum
341 2608 481 2686 demum,
498 2632 558 2674 nec
574 2618 648 2674 ante
664 2611 730 2674 veri
745 2610 884 2674 nominis
899 2611 1082 2673 Cardiuoles
1098 2615 1200 2687 erant,
1214 2607 1307 2670 ribus]

96 2719 234 2776 recentes
255 2733 315 2775 non
337 2714 422 2778 siut:
446 2714 559 2776 saltem
582 2736 643 2777 non
665 2715 741 2777 adeo
764 2719 910 2790 recentes,
930 2719 966 2775 ut
985 2714 1056 2776 noui
1079 2712 1203 2776 dicendi

96 2817 180 2889 sint;
216 2816 268 2896 qui
293 2836 391 2877 annos
420 2817 609 2898 pompantes,
634 2817 717 2880 forte
745 2817 843 2880 etiam
872 2816 1022 2897 (necdum
1049 2814 1135 2878 enim
1162 2814 1203 2877 de

97 2940 233 2982 numero
247 2918 360 3001 liquet)
374 2925 534 2982 sescentos
550 2925 718 2983 numerent.
764 2918 882 2981 Videat
897 2919 950 2982 hic
964 2926 1075 2982 tamen
1091 2915 1202 2981 Cardi-

99 3022 190 3100 nalis,
206 3022 281 3083 anui
297 3021 323 3083 si
338 3023 497 3103 quingenti
519 3022 594 3085 sutis
614 3024 689 3101 sint,
704 3029 823 3085 utnon
843 3023 934 3084 noui:
957 3041 999 3083 ne
1015 3028 1048 3084 et
1062 3020 1140 3083 anni
1155 3020 1203 3082 bis

99 3125 267 3206 puinpenti,
285 3131 359 3187 ante
375 3126 555 3207 quinpentos
572 3126 631 3189 hos
650 3126 789 3203 ultimos,
806 3126 883 3189 satis
899 3145 1055 3208 superque
1070 3124 1145 3201 sint,
1161 3144 1203 3187 ne

99 3228 221 3309 antiqui
246 3225 436 3291 habeantur.
482 3229 536 3291 Ad
562 3237 672 3292 nostra
697 3229 780 3293 forte
801 3236 957 3311 tempora,
981 3227 1035 3310 qui
1059 3225 1203 3289 hesterni

101 3351 221 3408 sumus,
236 3330 307 3392 nori
321 3351 388 3393 non
403 3339 517 3395 erunt:
541 3331 597 3395 sed
612 3331 674 3394 elia
685 3339 732 3395 est
747 3331 782 3393 in
797 3328 948 3395 Ecclesiis
959 3329 1107 3392 novitatis
1121 3327 1203 3391 ratio

100 3442 135 3498 et
155 3435 337 3506 vetustatis5
370 3434 530 3497 Saeculum
553 3435 674 3498 scilieet
697 3434 817 3499 Christi
839 3439 872 3497 et
892 3432 1138 3515 Apostolorum:
1161 3429 1204 3493 ad

102 3560 181 3622 qnos
197 3538 224 3602 si
238 3545 463 3620 comparentur
480 3539 664 3601 Cardinoles
677 3537 721 3616 hi,
738 3538 847 3618 nuperi
862 3543 937 3599 sunt
952 3542 1049 3617 atque
1063 3534 1144 3597 noui.

135 3675 218 3724 Multa
228 3676 297 3724 enim
307 3675 396 3724 scribit
411 3674 442 3724 de
454 3674 626 3724 Cardinslium
638 3675 796 3739 amplissima
807 3673 961 3737 dignitate..
972 3673 1076 3723 .Petrus
1085 3671 1205 3722 Damisni

167 3757 195 3805 in
212 3755 292 3819 Epist
305 3755 337 3805 sd
350 3755 486 3805 Cadaloum
497 3756 653 3820 antipapam
661 3755 787 3820 lt—[Bell.
800 3755 873 3820 Apol.
888 3770 934 3818 pro
949 3753 1034 3818 Resp]
1049 3769 1073 3818 p.
1084 3756 1122 3804 35.
1139 3752 1206 3818 [Op.,

167 3843 229 3886 tom.
238 3837 281 3885 rii.
294 3836 341 3886 col.
352 3837 406 3888 724.
417 3835 458 3900 Β.]

147 3926 357 3991 Considerata
371 3926 503 3989 tandem
517 3947 562 4002 re,
578 3926 685 4009 prodit
704 3948 761 4010 pro
783 3927 971 4008 antiquitate
986 3924 1206 3989 cardinalium
1219 3938 1371 4055 ppecsrdin.

104 4030 220 4094 Petrus
249 4029 411 4108 Damiani,
440 4029 698 4093 Hildebrandino
729 4030 858 4093 demum
886 4029 1002 4092 saeculo
1029 4028 1208 4092 Cardinslis
1220 4005 1367 4133 sgffissffi

136 4205 323 4270 qvideaeu.
336 4204 468 4256 delixcus.
482 4205 562 4257 Bsrch
581 4221 634 4271 cap.
678 4209 774 4271 scopisl
802 4208 845 4270 qui
867 4207 987 4258 videlicet
1012 4211 1039 4257 et
1066 4207 1208 4256 Romanum
1221 4133 1347 4262 glilliilb

103 4273 136 4322 iv.
155 4271 211 4334 Op„
222 4272 335 4320 tomvii.
347 4270 392 4319 col.
403 4273 457 4320 864.
469 4269 510 4335 C.]
679 4270 828 4322 Pontificem
856 4272 1034 4336 principaliter
1055 4272 1161 4332 eligunt,
1183 4275 1210 4320 et

137 4334 335 4399 rr‘iaenmua
356 4335 459 4384 interim
480 4335 512 4385 do
532 4336 634 4396 Senatu,
678 4336 829 4399 quibusdam
860 4337 917 4385 aliis
949 4336 1131 4399 praerogativis,
1158 4349 1210 4384 non

104 4400 137 4449 de
147 4400 273 4448 inferioris
290 4399 386 4449 ordinis
401 4399 475 4458 clero,
487 4399 518 4449 de
534 4401 634 4464 populo.
678 4399 753 4449 modo
776 4401 946 4463 quorumlibet
962 4400 1150 4463 Episcoporum,
1166 4398 1211 4448 sed

105 4464 173 4522 Quid
185 4464 273 4513 iibido
283 4462 453 4513 cardinalibus
465 4464 566 4515 videtur
578 4465 635 4528 lipi-
678 4469 704 4514 et
722 4464 932 4524 Patriarcharurn,
955 4470 1030 4528 atque
1052 4463 1210 4513 Primatuum

149 4559 392 4595 suasanus-assa.
930 4562 952 4608 K
