2910 4926
383 972 436 1030 An
458 969 568 1033 cinon
590 970 921 1037 Dnonunsninmuu.

514 1173 606 1237 Novo
628 1175 784 1257 doqmoto.

136 1606 200 1656 Cum
208 1607 264 1656 dixi
280 1607 348 1658 inter
357 1622 451 1666 omnes,
464 1645 469 1657 .
483 1645 489 1658 .
501 1645 508 1658 .
519 1608 568 1659 de.
582 1645 605 1659 ..
618 1609 755 1660 Catholicis
770 1609 898 1672 loquebar,
914 1608 1007 1658 nonde
1024 1608 1200 1659 schismaticis

168 1687 280 1751 -[Bell.
292 1689 366 1753 Apot
377 1704 424 1753 pro
435 1689 520 1754 Ruso]
535 1704 560 1754 p.
572 1691 628 1740 214.
648 1690 718 1756 [Op.,
730 1695 792 1740 tom.
804 1690 848 1738 vit
860 1690 907 1739 ool.
916 1691 972 1739 826.
980 1688 1023 1753 A.]

147 1822 199 1883 ΑΒ
214 1821 360 1885 Primum
368 1833 390 1886 ⁸.
428 1823 593 1887 Perfacilis
607 1844 682 1886 vero
695 1820 910 1906 respondendi
925 1821 1018 1884 ratio.
1054 1823 1202 1885 Convenit
1214 1835 1268 1948 ql.)
1284 1835 1333 1913 ‘De‘

103 1924 187 1987 inter
212 1944 323 1987 omnes.
369 1925 495 1992 Quibus
520 1926 609 1990 enim
634 1948 702 1989 non
725 1925 884 1997 convenit,
906 1945 1009 1986 omnes
1031 1925 1201 2008 (quotquot
1213 1900 1349 2028 pffiff

104 2027 191 2108 sunt)
206 2033 282 2089 sunt
292 2028 500 2091 Schismatioi.
525 2028 606 2094 Quis
622 2035 730 2091 autem
745 2028 858 2105 nescit,
868 2033 936 2090 tum
948 2026 1040 2089 facile
1050 2027 1200 2090 Pontifici
1213 2028 1245 2140 3⁴¹
1259 2027 1340 2090 Reges

102 2129 342 2207 schismaticum,
368 2138 425 2193 aut
447 2130 545 2193 etiam
568 2131 746 2194 hereticum
767 2128 905 2192 scribere
926 2129 1080 2211 quemvis,
1103 2149 1200 2211 quam
1213 2107 1338 2220 digium

102 2229 195 2293 facile
218 2232 303 2312 vulffi
321 2252 439 2313 pyrum
461 2252 591 2295 comesse
601 2230 624 2294 b.
672 2231 739 2295 Ubi
756 2231 890 2315 quaestio
910 2229 1024 2293 incidit
1046 2251 1199 2313 unquam,

101 2332 188 2397 inter
202 2334 362 2398 Caesarem
378 2342 411 2398 et
426 2335 626 2412 Pontificem,
643 2335 699 2418 qui
717 2356 736 2397 a
751 2335 877 2398 Caesore
892 2343 1071 2412 senserunt,
1089 2335 1200 2397 statim

102 2455 205 2498 omnes
228 2438 434 2501 Schismatici.
484 2439 595 2500 Omnes
616 2439 688 2500 illos
709 2437 804 2515 tolle3
827 2444 996 2521 postquem
1016 2439 1088 2500 illos
1110 2458 1201 2501 exce-

101 2538 196 2621 peris,
212 2540 269 2621 qni
283 2560 374 2604 seeus
386 2541 539 2618 sentiunt,
555 2541 638 2602 inter
652 2560 756 2602 omues
769 2539 909 2622 reliquos
924 2539 1017 2603 facile
1032 2543 1201 2604 conveniet.

102 2640 228 2704 Mirum
242 2642 340 2720 enim,
356 2662 469 2721 omnes,
489 2643 544 2724 qui
564 2641 604 2706 ab
624 2664 690 2706 uns
711 2649 802 2726 parte
825 2650 912 2720 sunt,
934 2663 1001 2705 non
1019 2642 1200 2705 convenire.

102 2741 144 2805 Id
167 2764 243 2826 ergo
266 2743 345 2807 dicit
369 2745 557 2809 cardinalis.
606 2746 754 2809 Convenit
777 2745 860 2808 inter
885 2763 996 2822 omnes,
1020 2744 1103 2806 inter
1126 2764 1201 2824 quos

102 2846 251 2908 convenit.
297 2846 385 2909 Inter
399 2867 502 2909 omnes
522 2868 593 2910 vere
611 2849 787 2911 catholicoe
808 2847 957 2910 convenit.
1003 2846 1098 2909 Nulli
1112 2846 1200 2910 enim

100 2949 167 3010 veri
186 2948 347 3027 Catholici,
363 2947 478 3032 quibus
493 2949 533 3013 de
546 2948 608 3012 hoe
622 2971 689 3013 non
705 2950 855 3013 convenit.

132 3114 160 3162 Si
171 3113 219 3163 hoo
228 3115 321 3177 dogma
331 3130 346 3164 o
355 3119 469 3178 tempore
480 3114 581 3177 ungor.
594 3114 654 3164 VIL
666 3150 674 3165 .
685 3151 692 3164 .
702 3151 709 3164 .
720 3115 825 3164 initium
836 3114 933 3174 hebuit,
945 3128 990 3163 our
1001 3150 1007 3163 .
1019 3150 1026 3163 .
1038 3151 1045 3164 .
1058 3116 1129 3176 qussi
1140 3118 1200 3165 novi

165 3193 292 3255 dogmatis
308 3194 425 3244 inventor
439 3199 484 3243 ont
499 3199 607 3244 soetstor
622 3193 844 3259 noousort-[Bell.
857 3193 931 3257 Apot
947 3207 994 3256 pro
1005 3193 1089 3258 Reno]
1106 3209 1131 3259 p.
1143 3197 1200 3245 214.

166 3273 232 3338 [Op.,
243 3279 303 3324 tonn
313 3275 357 3324 vit
368 3274 414 3324 cot
426 3276 482 3325 825.
493 3275 525 3324 Δ.
537 3274 582 3338 Β.]

143 3389 215 3452 Neo
237 3390 278 3452 ab
303 3388 518 3454 Hildebrandi
541 3397 687 3473 tempore
711 3389 822 3471 doymo
847 3391 905 3452 boo
929 3390 1054 3452 initium
1079 3391 1198 3455 habuit.

100 3492 179 3554 Non
202 3491 332 3575 doymo·
355 3494 483 3575 questio
508 3491 630 3556 habuit
674 3493 773 3571 Nam,
794 3513 869 3555 oum
890 3499 998 3555 essent
1021 3493 1127 3570 multi,
1144 3493 1200 3575 qui

99 3614 168 3676 pro,
183 3593 234 3657 vel
248 3602 369 3671 eontra,
386 3594 573 3673 seriberent,
589 3596 700 3677 doymo
714 3616 781 3658 non
799 3593 880 3675 fnit:
902 3593 1005 3657 voluit
1021 3594 1150 3676 quidem
1165 3596 1199 3657 id

98 3695 145 3758 ita
168 3716 239 3759 esse
261 3717 334 3780 pars
356 3697 541 3761 Pontifiois:
575 3717 643 3760 non
665 3695 727 3758 fuit
751 3703 873 3758 tamen.
918 3695 984 3758 Vix
1007 3695 1084 3758 dum
1111 3697 1199 3760 enim

98 3798 212 3880 doyoto
236 3797 298 3861 hoe
318 3799 447 3881 quidem
471 3808 529 3862 est.
576 3799 662 3865 Sunt
684 3796 842 3879 hodieque
864 3797 957 3859 misti
971 3796 1120 3878 Papistae,
1142 3799 1198 3881 qui

100 3905 175 3961 eunt
193 3898 228 3960 in
243 3898 307 3961 alia
320 3898 448 3976 omnia,
472 3919 532 3962 neo
549 3898 720 3981 quicquam
735 3897 895 3976 Pontifici,
911 3918 950 3961 ex
965 3905 1124 3980 potestate
1139 3920 1197 3961 sua

99 4001 256 4080 Cluvium,
278 4003 361 4086 juris
387 4022 466 4079 esse,
491 4007 705 4084 praeterqusm
728 3998 764 4062 in
786 4000 925 4081 Reynum
943 4001 1106 4072 culmum
1129 4021 1196 4062 non

97 4103 175 4167 inde
196 4105 274 4188 quid
296 4105 331 4167 in
346 4105 454 4186 nequa
473 4109 608 4168 tmerta.
654 4104 708 4167 Sic
730 4103 863 4181 Hortus,
885 4124 922 4167 en
948 4102 1077 4187 quidem
1099 4102 1135 4164 in
1160 4123 1195 4166 re

131 4287 237 4365 ⁸·[vide
254 4288 303 4339 Res
336 4303 373 4338 ns
388 4287 459 4338 'Porti
475 4290 536 4364 μθ..
552 4287 622 4337 Itdit.
666 4289 721 4337 640.
735 4287 777 4364 A]

100 4351 193 4412 Poht;
219 4357 246 4404 et
269 4353 331 4403 uel.
359 4351 415 4417 op,
435 4353 553 4401 tonui
575 4352 622 4402 eoi
698 4349 710 4383 ⁵
728 4351 811 4416 [voe
822 4351 906 4403 nisui
917 4351 1028 4402 nosen.
1040 4350 1088 4401 111.
1103 4351 1189 4415 nnn]
