2910 4926
258 265 325 330 446
571 280 614 326 su
637 279 826 327 cnunmsms
849 279 1047 326 sarnanum

258 434 390 501 Diaboli
405 432 522 514 faeiat,
539 435 641 517 cujus,
658 432 713 516 qui
735 432 782 495 ita
804 454 836 495 se
858 432 1007 510 evehunt,
1027 432 1143 516 captivi
1163 437 1258 509 sunt,
1281 453 1366 496 nere

257 537 452 602 Antichristi
469 538 506 599 in
528 536 601 600 sede
621 536 740 599 sedeat.
786 536 874 599 Nam
890 537 959 598 Rex
982 556 1048 599 non
1071 535 1164 598 aliter
1183 534 1316 597 libem
1329 556 1366 598 se

250 639 362 721 faeere
390 641 512 719 aititur,
538 661 599 703 nec
628 639 690 702 alio
719 640 789 702 loco
819 638 1001 717 consistere,
1027 658 1087 701 nce
1113 638 1285 721 quiequam
1313 639 1363 701 vel

257 743 423 807 tantillum
452 742 613 806 vindicare
643 741 705 805 sibi
734 741 770 804 in
799 741 997 805 Ecclesiam:
1032 763 1137 824 quam,
1168 740 1254 824 quod
1282 740 1364 804 olim

258 847 374 926 David,
392 847 557 930 iosaphat,
572 846 716 924 Ezekias,
733 847 754 907 J
755 844 838 909 osias
847 872 856 923 ;
881 866 960 928 quos
981 845 1036 909 ille
1055 851 1143 909 certo
1157 844 1218 908 scit
1232 844 1365 907 Diaboli

258 952 397 1032 captivos
419 970 486 1013 non
507 950 614 1027 fuisse,
631 970 690 1013 nec
704 949 850 1011 Ecclesia
865 950 1014 1012 seclusos.
1060 948 1187 1012 Certius
1201 947 1237 1012 id
1252 955 1365 1011 autem

257 1053 370 1131 multo,
394 1074 490 1135 quam
508 1052 610 1134 Papa,
635 1051 674 1115 de
698 1049 951 1129 Hildebrandor,
975 1050 1156 1129 Rolandot',
1173 1050 1363 1127 Inibaidos,

137 1168 201 1231 323
258 1155 314 1239 qui
339 1163 373 1219 et
396 1155 530 1238 grassati
552 1163 627 1218 sunt
649 1154 685 1218 in
701 1155 849 1233 Caesares,
866 1161 898 1218 et
920 1154 955 1217 in
970 1155 1127 1218 Ecclesias
1141 1154 1364 1237 Tyrannidem

260 1259 462 1322 invexerunt.

289 1395 471 1459 Quicunque..
486 1396 533 1445 ‚in
546 1395 674 1445 Ecclesia.
687 1434 692 1445 .
704 1430 710 1444 .
723 1400 790 1456 suut,
798 1399 843 1446 aut
855 1395 969 1444 Pastores
980 1399 1024 1443 aut
1036 1394 1101 1444 Ores
1112 1397 1178 1444 sunt
1195 1395 1262 1444 Oves
1273 1398 1362 1444 autem

321 1478 464 1542 pastoribus
481 1477 595 1528 subditas
612 1491 664 1528 esse
681 1477 779 1532 debere.
799 1493 849 1527 non
867 1477 993 1540 scriptura
1010 1476 1099 1537 solum,
1115 1475 1178 1526 sed.
1196 1511 1203 1525 .
1220 1477 1288 1526 rstio
1305 1479 1364 1540 ipsa

322 1559 599 1622 demonstrat—[Bell.
611 1559 685 1622 Apol.
697 1574 743 1623 pro
755 1559 842 1625 Resp]
860 1573 884 1622 p.
894 1562 950 1610 183.
963 1558 1029 1624 [Op.,
1041 1559 1154 1609 tomrii.
1165 1558 1211 1608 ool
1221 1559 1278 1610 set.
1289 1558 1329 1622 C.]

96 1664 160 1730 [Rex
168 1665 245 1716 simul
300 1658 387 1722 Illud
417 1666 524 1722 autem
554 1658 594 1722 de
623 1659 809 1722 Pastorilas
838 1666 871 1723 et
904 1658 1028 1735 Oritas,
1059 1657 1183 1740 quoties
1212 1657 1362 1734 allatmn,

93 1734 216 1860 pugni
256 1760 353 1825 toties
376 1762 548 1845 rejectum:
572 1782 630 1824 sua
652 1782 767 1844 nempe
789 1761 913 1824 ratione
937 1762 1097 1839 Pastores,
1120 1781 1178 1824 sua
1200 1759 1264 1823 alia
1281 1760 1364 1823 Oves

93 1796 154 1844 oris

257 1886 333 1943 esse,
356 1873 424 1927 tam
449 1865 625 1946 Pontifices,
650 1886 746 1948 quam
766 1865 875 1947 Reges.
920 1865 1001 1928 Tam
1023 1864 1063 1928 de
1085 1864 1209 1948 populis
1231 1864 1361 1942 dieitur,

260 1968 339 2031 Oves
353 1988 418 2031 esse
433 1987 484 2030 eos
497 1969 563 2030 ane
578 1970 721 2046 Pastore,
736 1967 794 2031 nbi
815 1969 885 2030 Ros
907 1968 1032 2031 nullus:
1056 1990 1152 2051 quam
1171 1967 1228 2032 ubi
1250 1967 1362 2031 nullus

255 2074 433 2153 Apostolus.
458 2071 558 2149 illex,
589 2080 622 2134 et
651 2072 725 2134 Osis
750 2078 800 2135 est
829 2079 862 2134 et
888 2073 1025 2143 Pastor;
1060 2070 1208 2141 Pontifex
1232 2070 1360 2133 itidem.

258 2175 328 2238 Rex
346 2175 429 2252 Ovis,
452 2173 509 2236 ubi
533 2173 666 2237 verbum
693 2173 792 2252 audit,
819 2173 876 2238 uhi
903 2175 1111 2238 Sacramenta
1131 2171 1278 2256 percipit,
1302 2173 1360 2236 ubi

256 2277 385 2361 ligatur,
394 2279 445 2341 vel
459 2278 601 2342 solvitur.
634 2279 751 2341 Pastor
764 2285 831 2353 est3
854 2277 911 2341 ubi
921 2277 1088 2361 Synodum
1103 2275 1198 2357 cogit,
1209 2276 1360 2340 Canones

256 2382 433 2459 confirmat,
459 2380 575 2444 abusus
598 2380 738 2463 corrigit,
765 2379 923 2444 rationem
949 2379 1049 2462 exigit
1072 2378 1169 2442 officii
1191 2378 1251 2455 sni,
1266 2380 1316 2442 vel
1341 2402 1360 2442 a

255 2483 417 2564 Pontifice.
463 2484 612 2547 Pontifex
635 2485 761 2560 Pastor,
785 2483 862 2545 dum
885 2483 1046 2566 praedicat,
1061 2481 1212 2564 baptizat,
1229 2482 1358 2545 Eucha-

254 2586 378 2649 ristiam
400 2586 544 2668 porrigit,
560 2595 689 2669 peccata
703 2587 754 2648 rel
773 2585 911 2648 remittit
925 2586 976 2648 vel
997 2585 1133 2646 retinet:
1158 2583 1251 2646 Idem
1271 2585 1357 2661 Oris,

254 2688 332 2751 dum
347 2689 506 2750 rationem
520 2689 634 2764 reddit,
644 2696 681 2751 nt
693 2689 840 2769 Pelagius
852 2687 1058 2751 Childoberto
1067 2692 1085 2750 ¹:
1109 2688 1186 2750 dum
1201 2688 1356 2750 mandata

255 2791 379 2872 accipit,
404 2800 441 2852 ut
468 2790 641 2873 Gregorius
667 2813 686 2853 a
709 2791 884 2854 Mauritio⁵
896 2817 905 2868 5
939 2791 1016 2853 dum
1042 2791 1258 2854 obedientiam
1284 2813 1358 2873 pro·

254 2894 373 2970 fitetur,
384 2901 421 2955 ut
433 2894 499 2956 Leo
515 2900 645 2975 quartum
661 2894 815 2956 Lethario
830 2904 863 2957 et
879 2888 1075 2957 Ludovieo²z
1099 2894 1176 2956 dum
1191 2893 1359 2957 abdicatur

254 3017 396 3074 munere,
412 3004 449 3059 ut
460 3003 526 3059 tres
536 2997 715 3079 Antipapae,
729 2997 768 3059 ab
782 2997 924 3060 Henrieo
936 2997 1032 3060 tertio
1041 2999 1066 3060 u:
1090 2996 1167 3060 dum
1178 2998 1359 3080 increpanti

254 3106 354 3180 paret,
365 3104 402 3160 nt
414 3099 433 3160 J
437 3098 570 3161 ehoiada
581 3099 602 3159 J
604 3109 704 3161 oasoV:
722 3099 798 3161 dum
810 3099 998 3161 mandatum
1009 3121 1076 3161 non
1087 3098 1358 3182 praetergreditur,

254 3209 293 3263 nt
315 3201 419 3264 Zadoc
448 3201 668 3264 Salomonisr:
708 3201 785 3263 dum
816 3204 938 3284 Regem
967 3203 1142 3282 Dominam,
1174 3224 1206 3264 se
1236 3223 1359 3264 sacam

256 3304 410 3385 agnoseit,
427 3310 464 3366 nt
485 3304 676 3367 Ahimeleeh
700 3304 848 3368 Saulis¹z
873 3304 950 3367 dum
966 3305 1186 3368 exauctoranti
1203 3313 1305 3387 paret,
1321 3316 1358 3367 ut

254 3405 412 3468 Abiathar
429 3406 624 3469 salomonis.
663 3406 736 3471 Qua
749 3406 832 3483 Ovis,
850 3415 1000 3488 agnoscet
1013 3407 1163 3469 Pastores
1178 3428 1252 3468 suos
1268 3407 1357 3481 Rex;

256 3518 406 3590 agnoscat
423 3516 455 3571 et
471 3509 619 3571 Pontifex
637 3530 710 3570 suos
719 3536 728 3586 ;
752 3508 853 3587 cedat,
876 3509 972 3591 inque
987 3511 1088 3572 vicem
1103 3509 1217 3572 subdat
1233 3509 1298 3571 illis
1314 3531 1356 3585 se,
1383 3509 1388 3529 '

254 3616 288 3671 at
304 3632 364 3672 aaa
380 3611 544 3692 Smirtara
559 3612 667 3688 solam,
682 3612 739 3673 sed
751 3613 834 3673 ratio
850 3613 943 3673 etiam
959 3613 1026 3692 ipso
1042 3613 1243 3674 demonstrat.
1283 3613 1358 3678 Qua

255 3712 372 3774 Pastor
398 3715 476 3791 Rex,
500 3714 574 3796 jure
603 3736 660 3777 suo
685 3721 812 3790 ntet11r;
845 3714 1026 3776 admonitus
1048 3736 1067 3776 a
1090 3716 1168 3777 Jnre
1191 3715 1357 3777 Canonico

255 3823 367 3889 vestro,
390 3818 479 3899 eujus
502 3818 675 3880 Decretum
698 3825 763 3880 est:
789 3817 861 3878 Sive
884 3824 1035 3898 angeatur
1048 3840 1118 3899 por
1138 3825 1168 3879 et
1189 3819 1357 3898 disciplina

288 3972 299 3995 ⁰
327 3966 400 4028 Greg.
413 3966 485 4031 Vll]
861 3969 963 4035 ²[l'ide
976 3968 1065 4019 Batou.
1079 3969 1285 4019 Annsl.Ecel.od
1298 3985 1357 4019 aun.

289 4037 298 4066 ⁹
311 3966 399 4274 kias
412 4031 473 4095 lll.]
828 4035 882 4084 sat.
899 4048 968 4081 num.
981 4036 1015 4082 xi.
1027 4041 1087 4083 tom.
1100 4051 1124 4083 1.
1136 4033 1239 4097 col.55.]

292 4101 302 4130 ⁸
327 4095 375 4144 Seu
387 4097 524 4157 sinibaldo,
536 4114 568 4147 se.
582 4100 666 4147 innoe.
680 4098 739 4161 Ν]
859 4106 870 4128 ⁹
888 4097 965 4161 [Vide
984 4098 1047 4147 Plat.
1059 4101 1094 4148 in.
1105 4099 1166 4148 Vita
1178 4099 1252 4162 Greg.
1261 4099 1318 4157 vl..
1330 4100 1357 4147 iu

290 4167 299 4190 ¹
327 4161 393 4210 Vide
406 4162 500 4224 Pelagii
514 4163 549 4211 Pa
566 4179 588 4211 se
600 4164 620 4211 1.
639 4163 717 4225 Epist
730 4164 782 4211 xri.
829 4162 897 4211 Vitis
909 4163 1001 4211 Pontii.
1020 4178 1043 4225 p.
1057 4163 1125 4226 rso]

257 4225 299 4273 Ad
351 4179 616 4277 'liebertum-done.
632 4231 724 4275 tumr.
737 4227 782 4276 col.
859 4235 870 4256 ⁷
887 4227 915 4288 [2
928 4228 1018 4276 Chron.
1031 4230 1099 4276 xxiv.
1112 4231 1134 4276 6.
1146 4229 1211 4290 seq.]

257 4292 311 4339 803.
325 4291 423 4353 Α-Ο.]
859 4301 874 4320 w
891 4294 905 4339 2
918 4291 1009 4340 Chron.
1021 4293 1074 4340 viii.
1087 4295 1124 4341 15.

289 4363 297 4385 ¹
315 4354 349 4418 [S.
363 4354 435 4416 Greg.
455 4355 522 4415 Mag.
546 4355 588 4403 lib.
608 4356 644 4402 iii.
669 4355 724 4405 Iud.
746 4359 781 4405 xi.
858 4364 869 4386 ¹
888 4359 898 4403 l
914 4356 979 4405 Sam.
994 4357 1038 4418 [ul.
1052 4355 1122 4419 Reg]
1135 4357 1196 4405 xxii.
1209 4359 1248 4406 12.
1264 4360 1303 4407 15.

256 4418 336 4481 Epist.
349 4419 399 4467 lxv.
419 4419 459 4480 (ad
472 4420 573 4467 iiaurit.
586 4422 703 4482 August.)
726 4422 780 4484 Op„
859 4429 869 4458 t
888 4421 911 4484 [1
926 4422 966 4484 (al.
979 4424 1003 4485 3)
1017 4421 1076 4482 Reg.
1090 4422 1114 4470 ii.
1128 4420 1181 4483 27.]

255 4487 316 4532 tom.
328 4483 354 4531 ii.
372 4483 417 4531 col.
432 4485 486 4534 677.
500 4484 527 4531 B.
538 4483 575 4546 C.]
