2910 4926
260 262 326 326 392
576 278 619 326 ao
641 277 833 328 tinomaus
853 277 1054 329 smmum

287 476 288 480 ,
328 430 471 483 catholicoe
486 432 604 495 inveniri,
613 432 657 484 sed
669 469 807 485 ........
815 438 846 485 ut
860 434 973 499 injusta.
987 473 993 485 .
1005 470 1012 483 .
1023 470 1030 484 .
1040 433 1178 500 prohiberi,
1194 433 1220 485 ct
1235 433 1368 499 puniri...

328 513 406 579 [Bell.
417 513 493 579 Apol.
503 529 550 579 pro
561 513 645 580 Raso]
661 530 686 580 p.
700 518 754 567 1⁶6.
768 515 837 581 [Op.,
854 519 915 566 tom.
924 517 968 567 vii.
979 516 1025 566 ool.
1037 517 1093 569 Μ.
1105 515 1133 566 B.
1143 513 1182 578 0.]

100 649 149 714 [De
159 648 239 699 homi·
305 631 462 715 Imagines
473 631 601 716 quidem
615 631 802 696 Sanctorum
816 635 896 697 satis
910 639 1032 698 castas
1047 634 1131 697 idolo
1143 655 1207 698 ooo
1220 654 1296 716 esse,
1307 633 1368 697 sed

264 733 436 815 adorando,
460 742 493 799 et
523 735 690 814 adolendo,
718 736 814 820 (quod
838 737 917 801 olim
942 758 1032 802 aeneo
1058 737 1198 822 serpenti
1230 737 1366 816 factum,

99 714 175 766 cidiis
185 714 252 764 aliie·

98 794 149 895 lidi
156 778 252 909 :20:3st
265 837 350 921 quod
365 837 487 913 anobis
502 838 644 922 quotidie
658 839 708 922 fit)
726 840 849 903 avobis
864 841 950 904 idolo
964 840 1043 904 fieri.
1087 841 1175 904 Fessi
1196 842 1266 925 jam
1281 841 1370 923 opud

98 908 239 965 ”mm
267 942 443 1006 Catholicae
456 961 529 1005 soos
550 943 719 1006 homicidio
747 941 976 1025 fornicationes
1001 943 1097 1026 surm
1121 944 1242 1008 fatetur
1266 950 1368 1028 neget

99 975 158 1041 m]
719 992 729 1022 s
975 993 986 1022 r
1097 994 1106 1024 s
1241 995 1252 1024 r

255 1045 401 1128 probari.
445 1046 516 1110 Nos
530 1047 627 1110 etiam
635 1045 769 1129 probom'
784 1047 927 1112 dicimus
975 1048 1049 1112 Hoc
1062 1055 1112 1113 est
1126 1048 1213 1112 enim
1220 1047 1367 1130 motari,

255 1154 395 1234 'propter
418 1149 647 1215 conscientiam
672 1150 808 1228 admitti,
835 1172 896 1216 nec
924 1152 1101 1216 domiddt'io
1130 1151 1236 1231 modo,
1266 1151 1368 1215 etiam

263 1252 392 1336 Rcyam,
410 1253 651 1335 Principomque
669 1253 871 1332 pomariis,
893 1254 1026 1338 praetexi
1048 1254 1277 1330 coaetanea,
1298 1255 1369 1338 offi-

265 1356 357 1432 dam,
371 1356 524 1421 meritam.
569 1355 727 1439 Principis
741 1356 874 1421 Auraioi
893 1356 954 1435 bis,
973 1357 1077 1440 primo
1098 1357 1219 1421 frustra
1239 1361 1369 1420 tentata

256 1458 400 1536 ,eaedes⁸,
423 1457 564 1523 secundo
583 1457 801 1543 perpetratah.
847 1459 1005 1543 Uterque,
1020 1467 1088 1524 tam
1103 1460 1159 1543 qui
1176 1459 1367 1538 vulneravit,

256 1583 364 1645 ¹quam
388 1561 444 1646 qui
461 1562 644 1641 trucidavit,
666 1562 751 1647 quod
771 1562 857 1642 fecit,
882 1563 977 1647 officii
1000 1564 1250 1645 constantiaeque
1270 1583 1370 1626 causa

266 1665 388 1734 factum
408 1687 428 1731 a
451 1687 495 1744 se,
516 1666 567 1730 vel
593 1665 634 1729 ad
659 1674 798 1730 mortem
819 1687 923 1752 usque
946 1666 1119 1731 contestati
1140 1673 1229 1731 sunt.
1271 1664 1370 1730 Alter

267 1790 352 1848 vero,
390 1769 437 1833 ita
472 1768 601 1833 fascinis
630 1769 745 1833 vestris
782 1769 997 1849 dementatus,
1025 1777 1065 1863 ut
1098 1770 1208 1835 statim
1236 1776 1370 1853 peracta

257 1872 393 1954 actione
423 1880 491 1935 tam
520 1878 640 1951 sancta,
667 1871 863 1936 invisibilem
892 1894 927 1936 se
957 1873 1110 1937 continuo
1138 1873 1216 1952 fore,
1247 1871 1370 1937 misero

267 1997 455 2059 persuasum
491 1975 599 2040 fuerit.
642 1977 767 2040 Annon
798 1975 936 2058 probato
972 1977 1071 2056 v'obis,
1109 1976 1240 2049 defensa
1275 1975 1369 2041 vobis

268 2080 393 2143 haiom
407 2079 625 2143 Pooicieosis?
668 2080 791 2144 Annon
805 2078 862 2143 ubi
877 2079 1055 2162 designata,
1071 2079 1220 2155 Pontifex
1239 2080 1270 2145 ei
1292 2101 1369 2163 gra·

267 2182 430 2249 tulatus¹t
475 2183 564 2250 Quid
583 2182 664 2247 illud
685 2183 738 2246 hic
758 2205 861 2268 nuper
877 2184 963 2268 apud
983 2204 1044 2248 nos
1067 2183 1236 2248 infandum
1251 2183 1369 2263 scelus,

254 2289 322 2372 ,qui
347 2285 417 2372 ejus
441 2289 498 2367 rei,
523 2288 578 2371 qui
601 2287 720 2353 conscii
740 2309 863 2367 omnes,
884 2310 993 2353 nonne
1015 2289 1100 2368 fassi,
1123 2287 1371 2371 aCoafcosoriis

267 2393 333 2456 suis
357 2392 526 2474 probatam
555 2391 763 2476 parricidium
788 2391 892 2456 illud?
929 2413 1041 2456 nonne
1067 2393 1260 2456 consciendo
1282 2413 1371 2456 nexu

266 2495 370 2559 teneri
396 2517 439 2575 se,
466 2503 504 2559 ut
533 2495 684 2559 effectum
708 2494 848 2559 darent?
894 2495 1009 2559 Gelliae
1035 2495 1159 2577 Regem
1186 2495 1370 2559 Henrioum

266 2599 412 2663 Tertium
443 2599 498 2683 qui
528 2598 659 2662 sustulit
689 2598 881 2677 Monachus,
906 2618 1014 2662 nonne
1043 2619 1111 2661 rem
1143 2599 1324 2662 sciscitatus
1349 2621 1371 2662 a

266 2702 466 2785 theologis?
502 2722 612 2766 nonne
641 2722 716 2764 cum
748 2723 904 2785 responso
941 2700 1100 2780 dimissus,
1127 2702 1205 2783 jare
1233 2702 1267 2765 id
1295 2703 1368 2766 fieri

266 2802 399 2889 posset:
445 2805 565 2870 Nonne
585 2803 625 2868 de
644 2825 682 2868 eo
702 2803 788 2868 facto
812 2805 847 2869 iu
870 2803 960 2868 libris
983 2803 1147 2886 literisque
1166 2805 1278 2868 vestris
1299 2807 1371 2868 lcu-

267 2909 387 2973 datus?
413 2908 485 2973 Nec
501 2908 562 2972 alia
577 2928 613 2972 re
628 2914 746 2987 motus,
764 2930 870 2991 quam,
886 2928 928 2971 ne
944 2908 1136 2971 comcicntiae
1151 2929 1217 2972 suae
1232 2907 1370 2988 deesset,

255 3013 301 3096 ,(e
322 3012 414 3076 libris
428 3012 542 3076 vestris
562 3011 766 3093 informatae)
786 3011 920 3075 ultimus
943 3012 1014 3091 iste,
1038 3013 1233 3092 teterrimus,
1257 3020 1290 3077 et
1313 3014 1370 3097 qui

266 3137 397 3180 omnem
416 3116 654 3183 immanitatem
676 3115 835 3199 superavit
853 3115 1003 3193 Sicarius,
1019 3115 1117 3198 Regis
1131 3115 1227 3194 bello,
1242 3124 1276 3181 et
1290 3138 1370 3200 pace

267 3220 400 3284 maximi
426 3220 562 3284 Henrici
587 3218 713 3297 Quarti,
737 3240 906 3302 percussor
914 3217 932 3283 ¹.
978 3220 1066 3283 Nam
1093 3219 1171 3303 quid
1194 3219 1282 3284 aliud
1307 3221 1369 3285 sibi

267 3324 380 3388 volunt
400 3323 529 3407 publica
549 3343 629 3408 pyra
652 3323 756 3386 exusti
779 3322 937 3386 Marianae
960 3322 1058 3387 libri?
1082 3322 1160 3406 quid
1182 3322 1269 3387 aliud
1284 3324 1370 3388 Cen-

270 3447 345 3490 sura
366 3426 407 3490 de
428 3426 467 3490 iis
484 3426 646 3505 Sorbonae,
663 3427 749 3510 quod
763 3428 927 3504 hereseos,
946 3426 1053 3490 Curiae
1067 3426 1265 3505 Parisiensis,
1282 3428 1370 3512 quod

267 3531 346 3593 lesa
361 3531 544 3612 Majestotia
558 3529 735 3594 damnandi
751 3529 869 3593 sinte?
914 3530 991 3596 Non
1006 3529 1103 3594 modo
1119 3529 1196 3610 ficri
1212 3531 1297 3614 apud
1312 3554 1370 3598 vos

268 3632 369 3697 caedes
393 3633 510 3696 docent
532 3634 611 3712 hoec,
635 3633 692 3697 sed
713 3633 783 3697 fieri
805 3632 894 3698 vobis
916 3634 1121 3711 hortantibus,
1134 3634 1237 3699 factas
1259 3643 1370 3701 autem

267 3735 518 3818 approbantibus.

300 3919 436 3997 ¹[sl'hna1a
453 3919 522 3970 Hist
544 3921 589 3971 lib.
601 3921 670 3972 lxxv.
689 3938 745 3988 cap.
758 3925 796 3974 13.
843 3923 880 3986 (P.
892 3923 943 3972 xiv.
956 3938 989 3973 aa
1009 3922 1051 3973 die
1068 3923 1141 3989 Maii)
1161 3922 1256 3988 Regem
1273 3940 1371 3989 percus·

267 3985 525 4113 wffididids'daa
544 4050 796 4116 lib.lxxix.oap.17.
841 3989 942 4166 affigi!

267 4116 370 4164 tomiv.
382 4129 424 4178 pp.
437 4118 492 4174 212,
505 4115 576 4178 tlt]
841 4122 891 4167 rest

299 4179 305 4211 ¹
323 4180 430 4245 [rum.
450 4179 518 4257 Ηίιιἶ
536 4179 580 4229 lib.
592 4180 640 4229 liii
659 4195 713 4244 cap.
725 4181 747 4231 4.
765 4181 796 4231 od
840 4182 881 4232 ble
891 4182 918 4260 ta
930 4182 1039 4232 Cenauro
1054 4181 1085 4230 de
1096 4182 1123 4231 la
1133 4182 1270 4261 torboune,
1281 4191 1370 4237 contro

265 4244 529 4375 meidl'fihdussinmdiidd
540 4243 679 4358 plidsddvi.
702 4325 754 4374 cap.
773 4312 795 4361 8.
840 4246 1371 4378 diediswiaitdddtmdediailsids’liidiiiidiolo}

270 4379 331 4424 tom.
343 4375 376 4424 iv.
388 4389 413 4438 p.
426 4372 493 4438 762]
841 4376 933 4441 litt]

300 4437 307 4471 ¹
326 4438 504 4502 [Ravoillaoua
522 4452 564 4498 se,
584 4439 627 4501 qui
646 4438 721 4504 paulo
737 4444 796 4490 ante

943 4052 984 4102 ide
995 4052 1119 4112 libellum,
1136 4054 1176 4103 oui
1197 4054 1295 4114 titulus,
1308 4055 1370 4106 ‘Ar-

920 4117 970 4168 cla
982 4116 1048 4168 Cour
1063 4117 1095 4166 de
1113 4116 1263 4180 Parlemsnt,
1274 4135 1370 4171 ensem
