2910 4926
286 287 352 350 428
601 302 644 348 11)
666 300 857 349 1111111111
879 280 1078 349 sucinum

285 457 373 534 velit,
397 478 457 521 neo
479 455 543 520 uisi
560 458 677 538 popolo
699 458 864 520 mediante.
909 457 991 520 'Itum
1009 455 1205 540 paradoxum
1228 455 1394 539 paradoxo

286 561 441 625 cumulat.
487 560 531 624 Et
561 559 738 623 Metthinm
767 560 874 643 ipsum
903 559 1095 642 Apostolum
1124 553 1213 637 dicit,
1239 579 1307 622 non
1335 580 1394 642 per·

287 665 400 729 lesum
416 664 581 729 Christum
604 664 799 743 immediate,
815 670 849 727 et
869 664 970 726 Denm
992 665 1133 743 Patrem,
1152 664 1205 746 qni
1223 664 1393 726 sencitnoit

285 789 354 830 enm
374 789 394 830 n
413 768 553 846 mortuis,
570 767 626 830 sed
642 767 681 830 nb
696 767 877 844 inminibus,
894 775 926 830 et
943 787 1006 848 per
1019 768 1190 846 hominess,
1206 767 1392 849 Apostolum

284 873 432 934 eleetnm:
449 870 549 935 Proin
563 892 629 935 uon
644 871 837 952 Apostolum,
853 890 928 933 oum
943 869 977 933 id
992 868 1138 951 Apostoli
1152 870 1319 953 proprium
1336 869 1390 948 sit,

283 971 413 1054 ἅμέσως
428 996 447 1036 a
461 974 532 1037 Deo
548 972 718 1057 designari.
765 972 841 1051 Ubi,

552 1108 648 1173 Populo
659 1114 688 1159 ut
699 1109 827 1172 placerent
837 1124 899 1172 qous
911 1070 1010 1160 ieciniet
1020 1109 1138 1172 fabulor,

284 1227 497 1311 nescioquas
525 1229 686 1290 electiones
714 1234 747 1290 et
770 1230 1002 1309 preelectiones
1027 1236 1257 1293 commemoret
1282 1230 1390 1308 nobis,

285 1331 352 1409 sed,
377 1331 565 1414 dequibus,
591 1331 627 1394 in
656 1339 819 1410 contextu,
847 1332 981 1396 verbum
1010 1332 1148 1396 nullum.
1196 1332 1280 1396 Vide
1303 1355 1390 1413 vero,

285 1457 381 1519 quam
396 1435 450 1498 hio
468 1434 572 1497 multa
593 1442 713 1518 peccet.
759 1437 831 1499 Neo
846 1435 932 1499 enim
949 1436 1066 1500 Petrus
1080 1435 1126 1500 ibi
1142 1435 1252 1500 docuit
1266 1457 1391 1500 neeesse

284 1559 350 1601 esse
368 1538 444 1622 eligi
462 1560 579 1601 nnnm:
613 1538 677 1603 Sed
697 1545 838 1620 oportere
859 1544 967 1602 testem
986 1559 1079 1602 nnnm
1092 1542 1199 1622 fierit
1244 1539 1389 1626 (Iterum

284 1641 338 1705 hio
363 1642 528 1726 Scriptura
549 1642 718 1724 mutetur),
735 1642 921 1705 Stotnemnt
943 1643 1029 1719 dnos,
1045 1643 1157 1706 electos
1172 1664 1282 1706 aunon
1297 1644 1392 1708 nulla

200 1792 204 1807 .
284 1744 332 1809 ibi
346 1746 478 1809 mentio

318 1880 505 1943 Confugerunt.
518 1917 524 1929 .
537 1916 544 1930 .
556 1880 588 1930 od
605 1881 740 1931 eonsilium
759 1881 874 1942 sortium,
896 1895 946 1944 qno
968 1881 997 1930 in
1019 1881 1093 1932 rebus
1110 1881 1195 1932 dubiis
1215 1883 1254 1931 uti
1271 1883 1391 1934 solebant

349 1962 435 2013 Judsei
437 1998 557 2013 .......
569 1964 675 2014 Orontes
686 1963 777 2024 Deum,
787 1969 835 2014 ut.
848 1999 854 2012 .
867 2001 873 2013 .
885 1962 1029 2013 ostenderet
1039 1978 1069 2015 oo
1080 1964 1161 2026 signo,
1171 1980 1246 2027 quem
1258 1967 1313 2028 ipse
1327 1982 1390 2031 pree

351 2045 474 2107 elegisset
503 2044 554 2094 Ubi
565 2050 650 2095 sutem
662 2045 755 2096 eeoidit
764 2060 817 2095 sors
828 2060 903 2110 super
914 2045 1059 2105 1111111111,
1071 2046 1121 2110 ipsi
1130 2061 1227 2110 quoque
1239 2062 1296 2096 eum
1309 2048 1390 2112 elego

352 2129 428 2174 runt.
442 2162 448 2175 .
460 2163 466 2174 .
479 2126 572 2189 partim
591 2126 689 2190 judicio
711 2133 738 2177 et
757 2126 862 2176 oonsilio
878 2128 989 2190 proprio,
1009 2127 1103 2190 purtim
1125 2130 1230 2177 sortium
1249 2129 1390 2180 auxilio-

353 2207 426 2272 [Bell
439 2209 512 2272 Apol
523 2223 568 2270 pro
577 2208 665 2273 Resp]
677 2224 701 2273 p.
712 2208 768 2261 176.
785 2208 851 2273 [Op.,
861 2212 920 2258 tom.
933 2208 976 2258 rii.
989 2209 1045 2260 coli
1057 2211 1112 2259 802.
1125 2209 1155 2259 D.
1167 2212 1222 2260 803.
1234 2210 1281 2274 11]

125 2339 211 2452 beorn
331 2325 403 2388 Neo
418 2325 440 2387 J
442 2324 525 2388 udaei
546 2325 681 2395 sortilms
702 2327 752 2388 nli
771 2326 909 2389 solebant
925 2327 970 2388 od
983 2328 1153 2407 consilinm,
1179 2329 1236 2392 sed
1253 2329 1295 2392 nd
1313 2352 1388 2394 seu-

150 2404 240 2469 isim]
288 2427 434 2508 tentiam,
449 2429 577 2513 litisque
592 2429 787 2507 terminum,
810 2450 925 2512 neque,
942 2429 1025 2493 dotis
1041 2431 1189 2510 sortibus,
1205 2433 1338 2496 orabant
1352 2441 1389 2497 nt

287 2533 468 2610 ostenderet,
484 2553 571 2614 qoem
586 2534 651 2614 ipse
660 2533 880 2614 preelepisset.
910 2534 1087 2616 (Praeelepit
1102 2535 1185 2599 haue
1200 2535 1260 2600 sibi
1276 2559 1387 2601 vocem

284 2635 364 2717 ipse)
395 2635 468 2711 Sed,
493 2641 526 2697 ln
550 2637 681 2698 Domine
711 2638 843 2716 ostende,
869 2658 957 2719 quem
980 2636 1136 2720 eleperis‘.
1181 2640 1296 2723 Neque
1319 2662 1388 2703 corn

287 2738 446 2801 cecidisset
475 2760 568 2818 snper
593 2740 765 2802 Mottiiom
786 2762 864 2818 sons,
894 2742 955 2822 ipsi
981 2763 1097 2822 quoqne
1127 2764 1194 2805 enm
1220 2744 1387 2825 elepernnt.

288 2842 404 2925 Neque
422 2843 592 2925 (quantum
609 2844 737 2926 quidem
753 2866 792 2908 ex
808 2846 966 2927 scriptura
980 2827 1117 2928 constat)
1137 2848 1299 2930 quippiam
1315 2857 1389 2931 post

287 2945 450 3022 fecerunt3
475 2967 583 3008 verum
604 2955 824 3011 orlnnmerotns
845 2951 953 3011 statim
975 2956 1021 3011 est
1037 2950 1195 3012 Matthias
1210 2971 1277 3013 enm
1292 2953 1389 3015 nonde-

287 3050 376 3112 eirnu.
424 3049 540 3132 Neque
556 3048 695 3133 denique
710 3052 796 3113 Dens
814 3053 915 3133 elepit,
930 3059 960 3115 et
974 3053 1119 3134 Apostoli
1133 3054 1289 3136 elepernnl
1309 3077 1387 3134 enne,

281 3154 402 3232 partim
414 3153 539 3234 jndicio
556 3155 698 3234 proprio,
712 3155 834 3235 purtim
853 3157 983 3218 sortium
1002 3157 1131 3219 cnsilio.
1178 3156 1259 3221 Haec
1278 3160 1389 3222 omnia

288 3277 307 3318 1
333 3255 504 3319 Cardinale
534 3262 621 3319 suut.
668 3257 774 3322 Quom
807 3259 902 3322 toties
931 3259 984 3323 hie
1014 3260 1130 3343 repetit
1154 3261 1289 3342 elipendi
1315 3285 1387 3338 vox,

289 3359 386 3422 semel
402 3359 497 3422 modo
512 3358 547 3422 iu
564 3368 716 3423 contextu
736 3368 785 3423 est
796 3388 806 3440 ,-
830 3382 867 3424 oe
888 3370 959 3424 tum
982 3363 1053 3426 Deo
1076 3363 1135 3426 soli
1157 3363 1291 3427 tributo.
1341 3366 1387 3428 lin

288 3463 419 3524 Domine
434 3462 568 3540 ostende,
585 3484 672 3545 qoem
687 3464 837 3545 eleperis,·
862 3463 915 3546 qui
928 3463 1103 3528 Matthiam
1118 3464 1162 3528 ibi
1178 3465 1263 3529 solus
1279 3468 1387 3550 elegit.

320 3607 392 3665 Quod
405 3643 411 3656 .
424 3644 429 3655 .
444 3645 449 3657 .
463 3623 509 3658 nos
529 3609 638 3671 legimus
656 3612 836 3659 annumeratus
853 3613 892 3659 est
902 3644 908 3656 .
920 3645 927 3658 .
939 3643 954 3666 .,
967 3609 995 3658 in
1014 3609 1102 3660 Grseeo
1114 3647 1120 3658 .
1132 3646 1138 3659 ·
1151 3647 1157 3659 ·
1170 3616 1215 3669 est,
1227 3611 1388 3676 [σηκατεψη-

353 3688 435 3751 φίσθη,
446 3688 472 3737 id
484 3689 542 3752 est]
553 3689 678 3752 suffragiis
688 3690 782 3739 electus
790 3695 835 3750 est,
845 3694 874 3738 ut
885 3689 962 3739 etism
974 3691 1098 3755 interpres
1108 3691 1280 3755 chrysostomi
1290 3697 1388 3744 111111*Ι

354 3770 416 3820 Bell.
430 3771 503 3834 Apol.
515 3785 561 3834 pro
573 3770 660 3835 Resp]
671 3786 695 3835 p.
710 3772 763 3821 175.
783 3771 851 3835 [Op.,
863 3775 924 3821 tom.
936 3773 980 3821 vii.
991 3773 1047 3823 coll.
1060 3774 1153 3824 8011).
1166 3775 1272 3839 8031]

125 3866 248 3977 1110111111·
331 3871 429 3946 Nom,
446 3870 530 3952 quod
546 3870 674 3954 vapulat
694 3870 742 3933 illi
758 3872 826 3954 jam
841 3878 927 3933 cetos
949 3873 1107 3954 Interpres
1127 3896 1213 3952 saue,
1229 3874 1302 3958 (qui
1317 3875 1386 3937 Tri-

135 3932 234 3994 rugus]
288 3971 378 4035 denti
397 3973 444 4035 ita
465 3974 568 4036 factus
588 3973 803 4053 authenticus,
822 3982 860 4038 ut
881 3975 971 4058 rejici
993 3977 1083 4040 nullo
1105 3977 1201 4041 modo
1220 3976 1387 4061 posset':)

319 4168 329 4198 ‘¹
362 4159 527 4209 0011111111.
541 4159 575 4272 LI}
858 4160 983 4224 chryson.
1006 4162 1081 4213 Hom.
1101 4162 1148 4213 III.
1168 4165 1196 4212 in
1218 4164 1275 4213 Act.
1295 4167 1384 4227 Apost.

320 4233 328 4254 ¹
363 4224 461 4273 Terent.
474 4224 542 4273 And.
576 4225 620 4273 rol.
629 4229 651 4274 3.
857 4226 915 4277 Dee.
933 4228 1035 4276 Erssmo
1058 4229 1161 4290 interpr.
1179 4229 1234 4292 Op,
1252 4234 1313 4277 tom.
1325 4231 1341 4278 i.
1361 4244 1384 4293 p.

319 4297 328 4321 ⁸
358 4289 414 4338 Aet.
428 4290 515 4351 Apost.
527 4288 544 4336 i.
553 4287 603 4351 22]
858 4293 912 4340 139.
929 4291 956 4339 B.
976 4291 1146 4355 onustos]

319 4355 327 4385 ¹
363 4353 428 4402 lbid.
446 4368 494 4402 ver.
508 4353 561 4416 21]
890 4364 906 4385 ⁹¹
923 4355 949 4420 [“
972 4355 1077 4419 Insuper
1113 4358 1200 4407 oedem
1229 4363 1387 4409 nonomen

318 4425 330 4447 ¹¹
363 4416 428 4466 lbid.
446 4418 561 4481 venit]
857 4421 967 4480 synodus
1046 4423 1137 4472 statuit
1165 4429 1191 4471 et
1212 4421 1331 4483 declaret,
1357 4429 1387 4471 ut

318 4490 327 4510 ⁷
368 4480 527 4543 “Sullrngiis
557 4481 659 4532 additus
688 4485 779 4533 est.”-
788 4483 812 4532 S.
858 4485 912 4534 hoec
929 4486 984 4548 ipss
999 4489 1072 4534 vetus
1089 4488 1230 4550 etvulgsts
1245 4487 1343 4539 editio..
1359 4524 1385 4537 ..
