<?xml version="1.0" encoding="UTF-8"?>
<!DOCTYPE html PUBLIC "-//W3C//DTD XHTML 1.0 Transitional//EN"
    "http://www.w3.org/TR/xhtml1/DTD/xhtml1-transitional.dtd">
<html xmlns="http://www.w3.org/1999/xhtml" xml:lang="en" lang="en">
 <head>
  <title>
</title>
<meta http-equiv="Content-Type" content="text/html;charset=utf-8" />
  <meta name='ocr-system' content='tesseract 3.04.00' />
  <meta name='ocr-capabilities' content='ocr_page ocr_carea ocr_par ocr_line ocrx_word'/>
</head>
<body>
  <div class='ocr_page' id='page_1' title='image "./responsioadapol00andrgoog_0292.png"; bbox 0 0 2910 4926; ppageno 0'>
   <div class='ocr_carea' id='block_1_1' title="bbox 466 271 1209 336">
    <p class='ocr_par' dir='ltr' id='par_1_1' title="bbox 466 271 1209 336">
     <span class='ocr_line' id='line_1_1' title="bbox 466 271 1209 336; baseline -0.005 0"><span class='ocrx_word' id='word_1_1' title='bbox 466 287 649 336; x_wconf 70' lang='lat' dir='ltr'><strong>momorum</strong></span> <span class='ocrx_word' id='word_1_2' title='bbox 671 284 852 335; x_wconf 75' lang='lat' dir='ltr'><strong>urseousro.</strong></span> <span class='ocrx_word' id='word_1_3' title='bbox 1144 271 1209 332; x_wconf 72' lang='lat'><strong>249</strong></span> 
     </span>
    </p>
   </div>
   <div class='ocr_carea' id='block_1_2' title="bbox 143 439 1211 590">
    <p class='ocr_par' dir='ltr' id='par_1_2' title="bbox 143 439 1211 590">
     <span class='ocr_line' id='line_1_2' title="bbox 143 439 1211 508; baseline -0.006 -14"><span class='ocrx_word' id='word_1_4' title='bbox 143 444 237 494; x_wconf 74' lang='lat' dir='ltr'><strong>Scribit</strong></span> <span class='ocrx_word' id='word_1_5' title='bbox 247 443 294 508; x_wconf 75' lang='grc'><strong>[8.]</strong></span> <span class='ocrx_word' id='word_1_6' title='bbox 303 443 461 506; x_wconf 73' lang='lat' dir='ltr'><strong>Augustinus</strong></span> <span class='ocrx_word' id='word_1_7' title='bbox 473 481 478 491; x_wconf 96' lang='lat'>.</span> <span class='ocrx_word' id='word_1_8' title='bbox 490 480 496 491; x_wconf 92' lang='lat'>.</span> <span class='ocrx_word' id='word_1_9' title='bbox 510 480 530 492; x_wconf 90' lang='lat'><strong>..</strong></span> <span class='ocrx_word' id='word_1_10' title='bbox 544 444 655 493; x_wconf 73' lang='lat' dir='ltr'><strong>oblatum</strong></span> <span class='ocrx_word' id='word_1_11' title='bbox 668 443 743 493; x_wconf 82' lang='lat' dir='ltr'><strong>fuisso</strong></span> <span class='ocrx_word' id='word_1_12' title='bbox 760 441 910 492; x_wconf 78' lang='lat' dir='ltr'><strong>seerlfiolnm</strong></span> <span class='ocrx_word' id='word_1_13' title='bbox 927 439 1038 504; x_wconf 82' lang='lat' dir='ltr'><strong>eorporis</strong></span> <span class='ocrx_word' id='word_1_14' title='bbox 1049 439 1153 489; x_wconf 79' lang='lat' dir='ltr'><strong>Domini</strong></span> <span class='ocrx_word' id='word_1_15' title='bbox 1165 454 1211 502; x_wconf 91' lang='lat' dir='ltr'><strong>pro</strong></span> 
     </span>
     <span class='ocr_line' id='line_1_3' title="bbox 174 521 1211 590; baseline -0.005 -14"><span class='ocrx_word' id='word_1_16' title='bbox 174 528 260 576; x_wconf 81' lang='lat' dir='ltr'><strong>animo</strong></span> <span class='ocrx_word' id='word_1_17' title='bbox 271 525 491 590; x_wconf 67' lang='lat' dir='ltr'><strong>marrus-[Bou.</strong></span> <span class='ocrx_word' id='word_1_18' title='bbox 503 525 577 590; x_wconf 84' lang='lat' dir='ltr'>Apol.</span> <span class='ocrx_word' id='word_1_19' title='bbox 590 542 635 590; x_wconf 92' lang='lat' dir='ltr'><strong>pro</strong></span> <span class='ocrx_word' id='word_1_20' title='bbox 647 525 730 590; x_wconf 83' lang='lat' dir='ltr'><strong>Resp]</strong></span> <span class='ocrx_word' id='word_1_21' title='bbox 742 541 765 588; x_wconf 89' lang='lat' dir='ltr'><strong>p.</strong></span> <span class='ocrx_word' id='word_1_22' title='bbox 775 528 829 575; x_wconf 88' lang='grc'><strong>100.</strong></span> <span class='ocrx_word' id='word_1_23' title='bbox 843 524 910 590; x_wconf 88' lang='lat' dir='ltr'><strong>[Op.,</strong></span> <span class='ocrx_word' id='word_1_24' title='bbox 921 528 982 572; x_wconf 87' lang='lat' dir='ltr'><strong>tom.</strong></span> <span class='ocrx_word' id='word_1_25' title='bbox 992 524 1034 572; x_wconf 83' lang='lat' dir='ltr'><strong>vii.</strong></span> <span class='ocrx_word' id='word_1_26' title='bbox 1046 522 1093 571; x_wconf 89' lang='lat' dir='ltr'><strong>ool.</strong></span> <span class='ocrx_word' id='word_1_27' title='bbox 1105 521 1159 574; x_wconf 80' lang='grc'><strong>760.</strong></span> <span class='ocrx_word' id='word_1_28' title='bbox 1168 521 1211 586; x_wconf 92' lang='lat' dir='ltr'><strong>D.]</strong></span> 
     </span>
    </p>
   </div>
   <div class='ocr_carea' id='block_1_3' title="bbox 110 618 1321 1345">
    <p class='ocr_par' dir='ltr' id='par_1_3' title="bbox 110 618 1321 1345">
     <span class='ocr_line' id='line_1_4' title="bbox 154 618 1321 727; baseline -0.012 -21"><span class='ocrx_word' id='word_1_29' title='bbox 154 643 253 727; x_wconf 86' lang='lat' dir='ltr'>Apud</span> <span class='ocrx_word' id='word_1_30' title='bbox 267 643 488 725; x_wconf 85' lang='lat' dir='ltr'><strong>Augustinum</strong></span> <span class='ocrx_word' id='word_1_31' title='bbox 504 650 613 706; x_wconf 83' lang='lat' dir='ltr'><strong>autem</strong></span> <span class='ocrx_word' id='word_1_32' title='bbox 630 643 733 725; x_wconf 81' lang='lat' dir='ltr'><strong>magis</strong></span> <span class='ocrx_word' id='word_1_33' title='bbox 755 643 862 705; x_wconf 86' lang='lat' dir='ltr'><strong>etium.</strong></span> <span class='ocrx_word' id='word_1_34' title='bbox 907 642 1006 723; x_wconf 85' lang='lat' dir='ltr'><strong>Nam,</strong></span> <span class='ocrx_word' id='word_1_35' title='bbox 1021 661 1097 703; x_wconf 83' lang='lat' dir='ltr'><strong>oum</strong></span> <span class='ocrx_word' id='word_1_36' title='bbox 1112 618 1211 703; x_wconf 85' lang='lat' dir='ltr'><strong>dedu·</strong></span> <span class='ocrx_word' id='word_1_37' title='bbox 1223 645 1258 710; x_wconf 81' lang='lat' dir='ltr'><strong>[S.</strong></span> <span class='ocrx_word' id='word_1_38' title='bbox 1271 644 1321 693; x_wconf 78' lang='lat' dir='ltr'><strong>An-</strong></span> 
     </span>
     <span class='ocr_line' id='line_1_5' title="bbox 110 706 1308 827; baseline -0.004 -17"><span class='ocrx_word' id='word_1_39' title='bbox 110 754 238 810; x_wconf 87' lang='lat' dir='ltr'><strong>ceretur</strong></span> <span class='ocrx_word' id='word_1_40' title='bbox 265 746 305 809; x_wconf 84' lang='lat' dir='ltr'><strong>ad</strong></span> <span class='ocrx_word' id='word_1_41' title='bbox 338 745 520 827; x_wconf 87' lang='lat' dir='ltr'><strong>sepulerum</strong></span> <span class='ocrx_word' id='word_1_42' title='bbox 549 746 683 808; x_wconf 81' lang='lat' dir='ltr'><strong>carlover</strong></span> <span class='ocrx_word' id='word_1_43' title='bbox 716 746 866 821; x_wconf 89' lang='lat' dir='ltr'><strong>Monieae,</strong></span> <span class='ocrx_word' id='word_1_44' title='bbox 894 744 1033 807; x_wconf 81' lang='lat' dir='ltr'><strong>honesta</strong></span> <span class='ocrx_word' id='word_1_45' title='bbox 1062 745 1110 825; x_wconf 81' lang='lat' dir='ltr'><strong>(ut</strong></span> <span class='ocrx_word' id='word_1_46' title='bbox 1142 706 1308 806; x_wconf 57' lang='lat' dir='ltr'><strong>fierigusoj</strong></span> 
     </span>
     <span class='ocr_line' id='line_1_6' title="bbox 112 847 1213 933; baseline -0.005 -20"><span class='ocrx_word' id='word_1_47' title='bbox 112 851 240 932; x_wconf 84' lang='lat' dir='ltr'><strong>assolet)</strong></span> <span class='ocrx_word' id='word_1_48' title='bbox 259 851 434 913; x_wconf 81' lang='lat' dir='ltr'><strong>amicorum</strong></span> <span class='ocrx_word' id='word_1_49' title='bbox 455 871 582 933; x_wconf 83' lang='lat' dir='ltr'><strong>pompa,</strong></span> <span class='ocrx_word' id='word_1_50' title='bbox 600 849 677 932; x_wconf 88' lang='lat' dir='ltr'><strong>quid</strong></span> <span class='ocrx_word' id='word_1_51' title='bbox 699 849 815 925; x_wconf 80' lang='lat' dir='ltr'><strong>obstat,</strong></span> <span class='ocrx_word' id='word_1_52' title='bbox 833 869 895 930; x_wconf 93' lang='lat' dir='ltr'><strong>quo</strong></span> <span class='ocrx_word' id='word_1_53' title='bbox 910 848 1018 910; x_wconf 89' lang='lat' dir='ltr'><strong>minus</strong></span> <span class='ocrx_word' id='word_1_54' title='bbox 1033 847 1073 910; x_wconf 88' lang='lat' dir='ltr'><strong>de</strong></span> <span class='ocrx_word' id='word_1_55' title='bbox 1088 867 1213 930; x_wconf 87' lang='lat' dir='ltr'><strong>pompae</strong></span> 
     </span>
     <span class='ocr_line' id='line_1_7' title="bbox 112 950 1211 1035; baseline -0.004 -20"><span class='ocrx_word' id='word_1_56' title='bbox 112 960 239 1016; x_wconf 84' lang='lat' dir='ltr'><strong>caterva</strong></span> <span class='ocrx_word' id='word_1_57' title='bbox 260 954 326 1030; x_wconf 87' lang='lat' dir='ltr'><strong>illa,</strong></span> <span class='ocrx_word' id='word_1_58' title='bbox 348 953 397 1016; x_wconf 82' lang='lat' dir='ltr'><strong>vel</strong></span> <span class='ocrx_word' id='word_1_59' title='bbox 420 953 527 1035; x_wconf 91' lang='lat' dir='ltr'><strong>plures</strong></span> <span class='ocrx_word' id='word_1_60' title='bbox 548 952 587 1015; x_wconf 94' lang='lat' dir='ltr'><strong>de</strong></span> <span class='ocrx_word' id='word_1_61' title='bbox 609 951 725 1016; x_wconf 83' lang='lat' dir='ltr'><strong>oblatis</strong></span> <span class='ocrx_word' id='word_1_62' title='bbox 744 950 1044 1015; x_wconf 83' lang='lat' dir='ltr'>communicarent?</span> <span class='ocrx_word' id='word_1_63' title='bbox 1090 951 1211 1013; x_wconf 85' lang='lat' dir='ltr'><strong>Conve-</strong></span> 
     </span>
     <span class='ocr_line' id='line_1_8' title="bbox 113 1052 1213 1136; baseline -0.004 -17"><span class='ocrx_word' id='word_1_64' title='bbox 113 1063 228 1119; x_wconf 86' lang='lat' dir='ltr'><strong>nerant</strong></span> <span class='ocrx_word' id='word_1_65' title='bbox 250 1056 337 1119; x_wconf 88' lang='lat' dir='ltr'><strong>enim</strong></span> <span class='ocrx_word' id='word_1_66' title='bbox 362 1056 459 1118; x_wconf 86' lang='lat' dir='ltr'><strong>multi</strong></span> <span class='ocrx_word' id='word_1_67' title='bbox 482 1056 597 1118; x_wconf 84' lang='lat' dir='ltr'><strong>fratres</strong></span> <span class='ocrx_word' id='word_1_68' title='bbox 622 1076 658 1117; x_wconf 86' lang='lat' dir='ltr'><strong>ae</strong></span> <span class='ocrx_word' id='word_1_69' title='bbox 682 1054 837 1136; x_wconf 83' lang='lat' dir='ltr'><strong>religiosae</strong></span> <span class='ocrx_word' id='word_1_70' title='bbox 857 1053 1005 1130; x_wconf 82' lang='lat' dir='ltr'><strong>feminae;</strong></span> <span class='ocrx_word' id='word_1_71' title='bbox 1028 1073 1087 1116; x_wconf 90' lang='lat' dir='ltr'><strong>nec</strong></span> <span class='ocrx_word' id='word_1_72' title='bbox 1108 1052 1213 1136; x_wconf 88' lang='lat' dir='ltr'><strong>aptius</strong></span> 
     </span>
     <span class='ocr_line' id='line_1_9' title="bbox 112 1155 1213 1242; baseline -0.003 -21"><span class='ocrx_word' id='word_1_73' title='bbox 112 1159 152 1222; x_wconf 84' lang='lat' dir='ltr'><strong>ad</strong></span> <span class='ocrx_word' id='word_1_74' title='bbox 168 1180 238 1221; x_wconf 87' lang='lat' dir='ltr'><strong>eam</strong></span> <span class='ocrx_word' id='word_1_75' title='bbox 256 1181 324 1221; x_wconf 90' lang='lat' dir='ltr'><strong>rem</strong></span> <span class='ocrx_word' id='word_1_76' title='bbox 346 1172 475 1242; x_wconf 90' lang='lat' dir='ltr'><strong>tempus</strong></span> <span class='ocrx_word' id='word_1_77' title='bbox 493 1159 608 1234; x_wconf 90' lang='lat' dir='ltr'><strong>ullum,</strong></span> <span class='ocrx_word' id='word_1_78' title='bbox 626 1180 721 1241; x_wconf 87' lang='lat' dir='ltr'><strong>quom</strong></span> <span class='ocrx_word' id='word_1_79' title='bbox 738 1178 810 1220; x_wconf 88' lang='lat' dir='ltr'><strong>cum</strong></span> <span class='ocrx_word' id='word_1_80' title='bbox 827 1156 936 1219; x_wconf 84' lang='lat' dir='ltr'><strong>tristes</strong></span> <span class='ocrx_word' id='word_1_81' title='bbox 951 1155 1109 1232; x_wconf 90' lang='lat' dir='ltr'><strong>homines,</strong></span> <span class='ocrx_word' id='word_1_82' title='bbox 1126 1162 1213 1218; x_wconf 84' lang='lat' dir='ltr'><strong>etex</strong></span> 
     </span>
     <span class='ocr_line' id='line_1_10' title="bbox 110 1258 1131 1345; baseline -0.004 -21"><span class='ocrx_word' id='word_1_83' title='bbox 110 1261 262 1344; x_wconf 88' lang='lat' dir='ltr'><strong>praesenti</strong></span> <span class='ocrx_word' id='word_1_84' title='bbox 277 1262 458 1345; x_wconf 81' lang='lat' dir='ltr'><strong>spectaculo</strong></span> <span class='ocrx_word' id='word_1_85' title='bbox 474 1261 577 1343; x_wconf 81' lang='lat' dir='ltr'><strong>magis</strong></span> <span class='ocrx_word' id='word_1_86' title='bbox 592 1260 659 1324; x_wconf 86' lang='lat' dir='ltr'><strong>fere</strong></span> <span class='ocrx_word' id='word_1_87' title='bbox 675 1281 832 1323; x_wconf 79' lang='lat' dir='ltr'><strong>memores</strong></span> <span class='ocrx_word' id='word_1_88' title='bbox 848 1258 1041 1322; x_wconf 88' lang='lat' dir='ltr'><strong>conditionis</strong></span> <span class='ocrx_word' id='word_1_89' title='bbox 1057 1279 1131 1321; x_wconf 90' lang='lat' dir='ltr'><strong>suae.</strong></span> 
     </span>
    </p>
   </div>
   <div class='ocr_carea' id='block_1_4' title="bbox 117 1412 1216 2267">
    <p class='ocr_par' dir='ltr' id='par_1_4' title="bbox 146 1412 1214 1719">
     <span class='ocr_line' id='line_1_11' title="bbox 146 1412 1214 1477; baseline 0.001 -15"><span class='ocrx_word' id='word_1_90' title='bbox 146 1414 240 1463; x_wconf 78' lang='lat' dir='ltr'><strong>Scribit</strong></span> <span class='ocrx_word' id='word_1_91' title='bbox 252 1414 328 1463; x_wconf 83' lang='lat' dir='ltr'><strong>etiem</strong></span> <span class='ocrx_word' id='word_1_92' title='bbox 333 1450 442 1471; x_wconf 88' lang='lat'>.....</span> <span class='ocrx_word' id='word_1_93' title='bbox 461 1429 538 1463; x_wconf 90' lang='lat' dir='ltr'><strong>unum</strong></span> <span class='ocrx_word' id='word_1_94' title='bbox 550 1428 563 1462; x_wconf 87' lang='grc' dir='ltr'>ο</span> <span class='ocrx_word' id='word_1_95' title='bbox 575 1413 730 1476; x_wconf 84' lang='lat' dir='ltr'><strong>Presbyteris</strong></span> <span class='ocrx_word' id='word_1_96' title='bbox 747 1415 799 1462; x_wconf 85' lang='lat' dir='ltr'><strong>suis</strong></span> <span class='ocrx_word' id='word_1_97' title='bbox 816 1412 973 1463; x_wconf 81' lang='lat' dir='ltr'><strong>Seorifioium</strong></span> <span class='ocrx_word' id='word_1_98' title='bbox 989 1415 1099 1477; x_wconf 86' lang='lat' dir='ltr'><strong>eorporis</strong></span> <span class='ocrx_word' id='word_1_99' title='bbox 1110 1413 1214 1463; x_wconf 88' lang='lat' dir='ltr'>Domini</span> 
     </span>
     <span class='ocr_line' id='line_1_12' title="bbox 181 1493 1213 1557; baseline 0 -14"><span class='ocrx_word' id='word_1_100' title='bbox 181 1494 301 1544; x_wconf 85' lang='lat' dir='ltr'><strong>obtulisse</strong></span> <span class='ocrx_word' id='word_1_101' title='bbox 312 1496 339 1543; x_wconf 90' lang='lat' dir='ltr'><strong>in</strong></span> <span class='ocrx_word' id='word_1_102' title='bbox 351 1494 425 1544; x_wconf 92' lang='lat' dir='ltr'><strong>domo</strong></span> <span class='ocrx_word' id='word_1_103' title='bbox 437 1494 554 1557; x_wconf 74' lang='lat' dir='ltr'><strong>quodum,</strong></span> <span class='ocrx_word' id='word_1_104' title='bbox 573 1531 579 1543; x_wconf 90' lang='lat'>.</span> <span class='ocrx_word' id='word_1_105' title='bbox 599 1531 605 1543; x_wconf 92' lang='lat'>.</span> <span class='ocrx_word' id='word_1_106' title='bbox 625 1494 657 1543; x_wconf 82' lang='lat' dir='ltr'><strong>ad</strong></span> <span class='ocrx_word' id='word_1_107' title='bbox 675 1509 731 1543; x_wconf 81' lang='lat' dir='ltr'><strong>eom</strong></span> <span class='ocrx_word' id='word_1_108' title='bbox 746 1493 807 1556; x_wconf 79' lang='lat' dir='ltr'><strong>[leg.</strong></span> <span class='ocrx_word' id='word_1_109' title='bbox 822 1493 940 1556; x_wconf 80' lang='lat' dir='ltr'><strong>eandem]</strong></span> <span class='ocrx_word' id='word_1_110' title='bbox 964 1530 970 1542; x_wconf 92' lang='lat'><em>.</em></span> <span class='ocrx_word' id='word_1_111' title='bbox 991 1531 997 1542; x_wconf 90' lang='lat'><strong>.</strong></span> <span class='ocrx_word' id='word_1_112' title='bbox 1013 1509 1028 1543; x_wconf 83' lang='grc' dir='ltr'>ο</span> <span class='ocrx_word' id='word_1_113' title='bbox 1042 1495 1213 1556; x_wconf 77' lang='lat' dir='ltr'><strong>malignorum</strong></span> 
     </span>
     <span class='ocr_line' id='line_1_13' title="bbox 181 1574 1214 1640; baseline 0.001 -16"><span class='ocrx_word' id='word_1_114' title='bbox 181 1576 317 1638; x_wconf 84' lang='lat' dir='ltr'><strong>spirituum</strong></span> <span class='ocrx_word' id='word_1_115' title='bbox 335 1577 467 1624; x_wconf 79' lang='lat' dir='ltr'><strong>vexatione</strong></span> <span class='ocrx_word' id='word_1_116' title='bbox 487 1575 643 1639; x_wconf 80' lang='lat' dir='ltr'><strong>purgandum</strong></span> <span class='ocrx_word' id='word_1_117' title='bbox 653 1575 779 1639; x_wconf 76' lang='lat' dir='ltr'><strong>¹.—[Bell.</strong></span> <span class='ocrx_word' id='word_1_118' title='bbox 792 1574 866 1638; x_wconf 83' lang='lat' dir='ltr'>Apol.</span> <span class='ocrx_word' id='word_1_119' title='bbox 879 1589 924 1637; x_wconf 91' lang='lat' dir='ltr'><strong>pro</strong></span> <span class='ocrx_word' id='word_1_120' title='bbox 936 1574 1020 1638; x_wconf 83' lang='lat' dir='ltr'><strong>Resp]</strong></span> <span class='ocrx_word' id='word_1_121' title='bbox 1037 1590 1061 1638; x_wconf 90' lang='lat' dir='ltr'><strong>p.</strong></span> <span class='ocrx_word' id='word_1_122' title='bbox 1074 1577 1128 1625; x_wconf 85' lang='grc'><strong>100.</strong></span> <span class='ocrx_word' id='word_1_123' title='bbox 1146 1575 1214 1640; x_wconf 91' lang='lat' dir='ltr'><strong>[Op.,</strong></span> 
     </span>
     <span class='ocr_line' id='line_1_14' title="bbox 182 1656 482 1719; baseline 0.003 -15"><span class='ocrx_word' id='word_1_124' title='bbox 182 1661 242 1705; x_wconf 87' lang='lat' dir='ltr'><strong>tom.</strong></span> <span class='ocrx_word' id='word_1_125' title='bbox 254 1657 298 1704; x_wconf 84' lang='lat' dir='ltr'><strong>vii.</strong></span> <span class='ocrx_word' id='word_1_126' title='bbox 314 1657 360 1706; x_wconf 89' lang='lat' dir='ltr'><strong>eol.</strong></span> <span class='ocrx_word' id='word_1_127' title='bbox 373 1656 429 1707; x_wconf 80' lang='grc'><strong>760.</strong></span> <span class='ocrx_word' id='word_1_128' title='bbox 442 1656 482 1719; x_wconf 89' lang='lat' dir='ltr'><strong>D.]</strong></span> 
     </span>
    </p>

    <p class='ocr_par' dir='ltr' id='par_1_5' title="bbox 117 1770 1216 2267">
     <span class='ocr_line' id='line_1_15' title="bbox 161 1770 1214 1854; baseline 0.002 -20"><span class='ocrx_word' id='word_1_129' title='bbox 161 1770 279 1846; x_wconf 82' lang='lat' dir='ltr'><strong>Etiam,</strong></span> <span class='ocrx_word' id='word_1_130' title='bbox 296 1792 370 1834; x_wconf 90' lang='lat' dir='ltr'><strong>eum</strong></span> <span class='ocrx_word' id='word_1_131' title='bbox 385 1770 575 1854; x_wconf 87' lang='lat' dir='ltr'><strong>Presbytero</strong></span> <span class='ocrx_word' id='word_1_132' title='bbox 590 1771 776 1853; x_wconf 85' lang='lat' dir='ltr'><strong>Augustini,</strong></span> <span class='ocrx_word' id='word_1_133' title='bbox 793 1792 902 1834; x_wconf 81' lang='lat' dir='ltr'><strong>annon</strong></span> <span class='ocrx_word' id='word_1_134' title='bbox 921 1771 1101 1850; x_wconf 85' lang='lat' dir='ltr'><strong>verisimile,</strong></span> <span class='ocrx_word' id='word_1_135' title='bbox 1118 1772 1214 1836; x_wconf 83' lang='lat' dir='ltr'><strong>efflic-</strong></span> 
     </span>
     <span class='ocr_line' id='line_1_16' title="bbox 117 1873 1215 1959; baseline 0.002 -23"><span class='ocrx_word' id='word_1_136' title='bbox 117 1884 169 1937; x_wconf 92' lang='lat' dir='ltr'><strong>tos</strong></span> <span class='ocrx_word' id='word_1_137' title='bbox 184 1873 219 1936; x_wconf 91' lang='lat' dir='ltr'><strong>in</strong></span> <span class='ocrx_word' id='word_1_138' title='bbox 234 1873 330 1937; x_wconf 91' lang='lat' dir='ltr'><strong>domo</strong></span> <span class='ocrx_word' id='word_1_139' title='bbox 345 1895 452 1937; x_wconf 89' lang='lat' dir='ltr'><strong>servos</strong></span> <span class='ocrx_word' id='word_1_140' title='bbox 467 1876 633 1956; x_wconf 77' lang='lat' dir='ltr'><strong>spirituum</strong></span> <span class='ocrx_word' id='word_1_141' title='bbox 648 1875 854 1955; x_wconf 77' lang='lat' dir='ltr'><strong>molipnorum</strong></span> <span class='ocrx_word' id='word_1_142' title='bbox 869 1875 910 1950; x_wconf 85' lang='lat' dir='ltr'><strong>oi,</strong></span> <span class='ocrx_word' id='word_1_143' title='bbox 926 1874 1097 1937; x_wconf 83' lang='lat' dir='ltr'><strong>oblationis</strong></span> <span class='ocrx_word' id='word_1_144' title='bbox 1116 1876 1215 1959; x_wconf 83' lang='lat' dir='ltr'><strong>parti-</strong></span> 
     </span>
     <span class='ocr_line' id='line_1_17' title="bbox 119 1975 1216 2061; baseline 0.001 -20"><span class='ocrx_word' id='word_1_145' title='bbox 119 1979 204 2061; x_wconf 87' lang='lat' dir='ltr'><strong>cipes</strong></span> <span class='ocrx_word' id='word_1_146' title='bbox 215 1977 331 2053; x_wconf 86' lang='lat' dir='ltr'><strong>fuisse;</strong></span> <span class='ocrx_word' id='word_1_147' title='bbox 349 1999 484 2060; x_wconf 90' lang='lat' dir='ltr'><strong>quornm</strong></span> <span class='ocrx_word' id='word_1_148' title='bbox 499 1978 601 2059; x_wconf 80' lang='lat' dir='ltr'><strong>magis</strong></span> <span class='ocrx_word' id='word_1_149' title='bbox 617 1978 779 2054; x_wconf 82' lang='lat' dir='ltr'><strong>intererat,</strong></span> <span class='ocrx_word' id='word_1_150' title='bbox 791 1975 897 2058; x_wconf 82' lang='lat' dir='ltr'><strong>infesti</strong></span> <span class='ocrx_word' id='word_1_151' title='bbox 911 1980 1041 2058; x_wconf 80' lang='lat' dir='ltr'><strong>spiritus</strong></span> <span class='ocrx_word' id='word_1_152' title='bbox 1054 1981 1216 2042; x_wconf 70' lang='lat' dir='ltr'><strong>vestitione</strong></span> 
     </span>
     <span class='ocr_line' id='line_1_18' title="bbox 119 2080 1214 2165; baseline 0.001 -22"><span class='ocrx_word' id='word_1_153' title='bbox 119 2081 257 2165; x_wconf 84' lang='lat' dir='ltr'><strong>purgari,</strong></span> <span class='ocrx_word' id='word_1_154' title='bbox 275 2102 371 2164; x_wconf 88' lang='lat' dir='ltr'><strong>quam</strong></span> <span class='ocrx_word' id='word_1_155' title='bbox 396 2081 509 2143; x_wconf 88' lang='lat' dir='ltr'><strong>domus</strong></span> <span class='ocrx_word' id='word_1_156' title='bbox 533 2080 583 2144; x_wconf 89' lang='lat' dir='ltr'><strong>vel</strong></span> <span class='ocrx_word' id='word_1_157' title='bbox 609 2088 725 2163; x_wconf 89' lang='lat' dir='ltr'><strong>postes,</strong></span> <span class='ocrx_word' id='word_1_158' title='bbox 745 2081 795 2143; x_wconf 90' lang='lat' dir='ltr'><strong>vel</strong></span> <span class='ocrx_word' id='word_1_159' title='bbox 820 2080 975 2145; x_wconf 81' lang='lat' dir='ltr'><strong>tabulata.</strong></span> <span class='ocrx_word' id='word_1_160' title='bbox 1022 2082 1104 2147; x_wconf 80' lang='lat' dir='ltr'><strong>Quis</strong></span> <span class='ocrx_word' id='word_1_161' title='bbox 1128 2083 1214 2145; x_wconf 89' lang='lat' dir='ltr'><strong>enim</strong></span> 
     </span>
     <span class='ocr_line' id='line_1_19' title="bbox 120 2183 1215 2267; baseline 0 -20"><span class='ocrx_word' id='word_1_162' title='bbox 120 2205 186 2247; x_wconf 94' lang='lat' dir='ltr'><strong>non</strong></span> <span class='ocrx_word' id='word_1_163' title='bbox 200 2190 303 2267; x_wconf 91' lang='lat' dir='ltr'><strong>putet,</strong></span> <span class='ocrx_word' id='word_1_164' title='bbox 319 2192 351 2247; x_wconf 93' lang='lat' dir='ltr'><strong>et</strong></span> <span class='ocrx_word' id='word_1_165' title='bbox 371 2184 524 2260; x_wconf 84' lang='lat' dir='ltr'><strong>oratione,</strong></span> <span class='ocrx_word' id='word_1_166' title='bbox 541 2191 574 2246; x_wconf 88' lang='lat' dir='ltr'><strong>et</strong></span> <span class='ocrx_word' id='word_1_167' title='bbox 595 2183 767 2260; x_wconf 83' lang='lat' dir='ltr'><strong>oblatione,</strong></span> <span class='ocrx_word' id='word_1_168' title='bbox 783 2184 1034 2248; x_wconf 81' lang='lat' dir='ltr'><strong>communicasse</strong></span> <span class='ocrx_word' id='word_1_169' title='bbox 1055 2185 1126 2248; x_wconf 90' lang='lat' dir='ltr'><strong>illos</strong></span> <span class='ocrx_word' id='word_1_170' title='bbox 1142 2206 1215 2249; x_wconf 90' lang='lat' dir='ltr'><strong>oum</strong></span> 
     </span>
    </p>
   </div>
   <div class='ocr_carea' id='block_1_5' title="bbox 122 2285 1083 2369">
    <p class='ocr_par' dir='ltr' id='par_1_6' title="bbox 122 2285 1083 2369">
     <span class='ocr_line' id='line_1_20' title="bbox 122 2285 1083 2369; baseline -0.001 -19"><span class='ocrx_word' id='word_1_171' title='bbox 122 2287 323 2368; x_wconf 87' lang='lat' dir='ltr'><strong>Presbytero,</strong></span> <span class='ocrx_word' id='word_1_172' title='bbox 340 2286 380 2349; x_wconf 88' lang='lat' dir='ltr'><strong>ad</strong></span> <span class='ocrx_word' id='word_1_173' title='bbox 396 2308 474 2368; x_wconf 89' lang='lat' dir='ltr'><strong>quos</strong></span> <span class='ocrx_word' id='word_1_174' title='bbox 489 2286 662 2369; x_wconf 82' lang='lat' dir='ltr'><strong>Presbyter</strong></span> <span class='ocrx_word' id='word_1_175' title='bbox 676 2285 859 2349; x_wconf 83' lang='lat' dir='ltr'><strong>liberandos</strong></span> <span class='ocrx_word' id='word_1_176' title='bbox 875 2307 912 2349; x_wconf 90' lang='lat' dir='ltr'><strong>eo</strong></span> <span class='ocrx_word' id='word_1_177' title='bbox 927 2287 1083 2349; x_wconf 82' lang='lat' dir='ltr'><strong>venerat?</strong></span> 
     </span>
    </p>
   </div>
   <div class='ocr_carea' id='block_1_6' title="bbox 154 2440 1219 2664">
    <p class='ocr_par' dir='ltr' id='par_1_7' title="bbox 154 2440 1219 2664">
     <span class='ocr_line' id='line_1_21' title="bbox 154 2440 1218 2502; baseline 0 -11"><span class='ocrx_word' id='word_1_178' title='bbox 154 2441 343 2491; x_wconf 75' lang='lat' dir='ltr'><strong>Nazianzenum</strong></span> <span class='ocrx_word' id='word_1_179' title='bbox 355 2441 382 2489; x_wconf 91' lang='lat' dir='ltr'><strong>in</strong></span> <span class='ocrx_word' id='word_1_180' title='bbox 394 2441 485 2502; x_wconf 81' lang='lat' dir='ltr'><strong>exiguo</strong></span> <span class='ocrx_word' id='word_1_181' title='bbox 495 2440 585 2490; x_wconf 75' lang='lat' dir='ltr'><strong>cellula</strong></span> <span class='ocrx_word' id='word_1_182' title='bbox 595 2444 723 2490; x_wconf 84' lang='lat' dir='ltr'><strong>exstructo</strong></span> <span class='ocrx_word' id='word_1_183' title='bbox 735 2440 843 2490; x_wconf 81' lang='lat' dir='ltr'><strong>oratorio</strong></span> <span class='ocrx_word' id='word_1_184' title='bbox 855 2477 861 2488; x_wconf 92' lang='lat'><em>.</em></span> <span class='ocrx_word' id='word_1_185' title='bbox 875 2478 880 2489; x_wconf 92' lang='lat'>.</span> <span class='ocrx_word' id='word_1_186' title='bbox 893 2440 1017 2491; x_wconf 81' lang='lat' dir='ltr'><strong>celebrere</strong></span> <span class='ocrx_word' id='word_1_187' title='bbox 1030 2442 1133 2491; x_wconf 87' lang='lat' dir='ltr'><strong>solitum</strong></span> <span class='ocrx_word' id='word_1_188' title='bbox 1145 2447 1218 2492; x_wconf 75' lang='lat' dir='ltr'><strong>tosto</strong></span> 
     </span>
     <span class='ocr_line' id='line_1_22' title="bbox 186 2520 1219 2587; baseline 0.001 -16"><span class='ocrx_word' id='word_1_189' title='bbox 186 2527 229 2571; x_wconf 89' lang='lat' dir='ltr'><strong>tur</strong></span> <span class='ocrx_word' id='word_1_190' title='bbox 245 2521 340 2571; x_wconf 84' lang='lat' dir='ltr'><strong>Sozom.</strong></span> <span class='ocrx_word' id='word_1_191' title='bbox 361 2522 405 2570; x_wconf 87' lang='lat' dir='ltr'><strong>lib.</strong></span> <span class='ocrx_word' id='word_1_192' title='bbox 417 2522 460 2570; x_wconf 78' lang='lat' dir='ltr'><strong>vii.</strong></span> <span class='ocrx_word' id='word_1_193' title='bbox 480 2520 559 2585; x_wconf 86' lang='lat' dir='ltr'><strong>[Hist.</strong></span> <span class='ocrx_word' id='word_1_194' title='bbox 571 2521 635 2585; x_wconf 85' lang='lat' dir='ltr'><strong>esp]</strong></span> <span class='ocrx_word' id='word_1_195' title='bbox 649 2521 783 2584; x_wconf 86' lang='lat' dir='ltr'><strong>5.-[Bell.</strong></span> <span class='ocrx_word' id='word_1_196' title='bbox 802 2522 876 2584; x_wconf 83' lang='lat' dir='ltr'><strong>Apol.</strong></span> <span class='ocrx_word' id='word_1_197' title='bbox 895 2536 940 2585; x_wconf 88' lang='lat' dir='ltr'><strong>pro</strong></span> <span class='ocrx_word' id='word_1_198' title='bbox 958 2521 1030 2586; x_wconf 86' lang='lat' dir='ltr'><strong>Resp.</strong></span> <span class='ocrx_word' id='word_1_199' title='bbox 1048 2537 1072 2586; x_wconf 91' lang='lat' dir='ltr'><strong>p.</strong></span> <span class='ocrx_word' id='word_1_200' title='bbox 1085 2524 1140 2572; x_wconf 86' lang='grc'><strong>100.</strong></span> <span class='ocrx_word' id='word_1_201' title='bbox 1163 2523 1219 2587; x_wconf 77' lang='lat' dir='ltr'><strong>Op,</strong></span> 
     </span>
     <span class='ocr_line' id='line_1_23' title="bbox 187 2601 488 2664; baseline -0.003 -12"><span class='ocrx_word' id='word_1_202' title='bbox 187 2601 488 2664; x_wconf 52' lang='lat' dir='ltr'><strong>mmmmm</strong></span> 
     </span>
    </p>
   </div>
   <div class='ocr_carea' id='block_1_7' title="bbox 105 2717 1354 2849">
    <p class='ocr_par' dir='ltr' id='par_1_8' title="bbox 105 2717 1354 2849">
     <span class='ocr_line' id='line_1_24' title="bbox 105 2717 1354 2849; baseline -0.002 -65"><span class='ocrx_word' id='word_1_203' title='bbox 105 2733 110 2739; x_wconf 85' lang='lat'>&#39;</span> <span class='ocrx_word' id='word_1_204' title='bbox 166 2722 208 2784; x_wconf 92' lang='lat' dir='ltr'><strong>In</strong></span> <span class='ocrx_word' id='word_1_205' title='bbox 234 2719 439 2783; x_wconf 80' lang='lat' dir='ltr'><strong>Nazianzeno</strong></span> <span class='ocrx_word' id='word_1_206' title='bbox 464 2725 572 2780; x_wconf 83' lang='lat' dir='ltr'><strong>autem</strong></span> <span class='ocrx_word' id='word_1_207' title='bbox 597 2717 679 2781; x_wconf 86' lang='lat' dir='ltr'><strong>fallit</strong></span> <span class='ocrx_word' id='word_1_208' title='bbox 709 2739 767 2782; x_wconf 92' lang='lat' dir='ltr'><strong>nos</strong></span> <span class='ocrx_word' id='word_1_209' title='bbox 794 2720 983 2783; x_wconf 75' lang='lat' dir='ltr'><strong>cardinalis.</strong></span> <span class='ocrx_word' id='word_1_210' title='bbox 1030 2723 1108 2784; x_wconf 94' lang='lat' dir='ltr'><strong>Non</strong></span> <span class='ocrx_word' id='word_1_211' title='bbox 1132 2723 1219 2785; x_wconf 92' lang='lat' dir='ltr'><strong>enim</strong></span> <span class='ocrx_word' id='word_1_212' title='bbox 1232 2733 1354 2849; x_wconf 40' lang='lat' dir='ltr'><strong>§orep</strong></span> 
     </span>
    </p>
   </div>
   <div class='ocr_carea' id='block_1_8' title="bbox 123 2799 1316 2908">
    <p class='ocr_par' dir='ltr' id='par_1_9' title="bbox 123 2799 1316 2908">
     <span class='ocr_line' id='line_1_25' title="bbox 123 2799 1316 2908; baseline -0.004 -18"><span class='ocrx_word' id='word_1_213' title='bbox 123 2830 316 2891; x_wconf 72' lang='lat' dir='ltr'><strong>exstructum</strong></span> <span class='ocrx_word' id='word_1_214' title='bbox 333 2825 381 2885; x_wconf 81' lang='lat' dir='ltr'><strong>illi</strong></span> <span class='ocrx_word' id='word_1_215' title='bbox 397 2825 430 2885; x_wconf 83' lang='lat' dir='ltr'><strong>io</strong></span> <span class='ocrx_word' id='word_1_216' title='bbox 444 2824 557 2904; x_wconf 63' lang='lat' dir='ltr'><strong>empna</strong></span> <span class='ocrx_word' id='word_1_217' title='bbox 573 2824 684 2885; x_wconf 82' lang='lat' dir='ltr'><strong>cellula</strong></span> <span class='ocrx_word' id='word_1_218' title='bbox 703 2823 892 2902; x_wconf 75' lang='lat' dir='ltr'><strong>oratorium,</strong></span> <span class='ocrx_word' id='word_1_219' title='bbox 906 2824 961 2887; x_wconf 88' lang='lat' dir='ltr'><strong>sed</strong></span> <span class='ocrx_word' id='word_1_220' title='bbox 977 2825 1091 2908; x_wconf 84' lang='lat' dir='ltr'><strong>exiguo</strong></span> <span class='ocrx_word' id='word_1_221' title='bbox 1106 2825 1221 2888; x_wconf 81' lang='lat' dir='ltr'><strong>cellule</strong></span> <span class='ocrx_word' id='word_1_222' title='bbox 1259 2799 1316 2862; x_wconf 50' lang='grc' dir='ltr'><strong>η’]</strong></span> 
     </span>
    </p>
   </div>
   <div class='ocr_carea' id='block_1_9' title="bbox 124 2925 1223 3419">
    <p class='ocr_par' dir='ltr' id='par_1_10' title="bbox 124 2925 1223 3419">
     <span class='ocr_line' id='line_1_26' title="bbox 124 2925 1221 3010; baseline -0.003 -17"><span class='ocrx_word' id='word_1_223' title='bbox 124 2935 286 2993; x_wconf 84' lang='lat' dir='ltr'><strong>exstructo</strong></span> <span class='ocrx_word' id='word_1_224' title='bbox 300 2928 333 2990; x_wconf 94' lang='lat' dir='ltr'><strong>in</strong></span> <span class='ocrx_word' id='word_1_225' title='bbox 345 2926 540 3004; x_wconf 85' lang='lat' dir='ltr'><strong>Oratorium,</strong></span> <span class='ocrx_word' id='word_1_226' title='bbox 551 2925 590 2988; x_wconf 82' lang='lat' dir='ltr'><strong>ab</strong></span> <span class='ocrx_word' id='word_1_227' title='bbox 607 2925 656 3000; x_wconf 93' lang='lat' dir='ltr'><strong>iis,</strong></span> <span class='ocrx_word' id='word_1_228' title='bbox 670 2925 725 3007; x_wconf 92' lang='lat' dir='ltr'><strong>qui</strong></span> <span class='ocrx_word' id='word_1_229' title='bbox 736 2926 870 2989; x_wconf 87' lang='lat' dir='ltr'><strong>eandem</strong></span> <span class='ocrx_word' id='word_1_230' title='bbox 882 2948 955 2991; x_wconf 90' lang='lat' dir='ltr'><strong>cum</strong></span> <span class='ocrx_word' id='word_1_231' title='bbox 967 2927 1022 2990; x_wconf 88' lang='lat' dir='ltr'><strong>illo</strong></span> <span class='ocrx_word' id='word_1_232' title='bbox 1034 2928 1221 3010; x_wconf 83' lang='lat' dir='ltr'><strong>religionem</strong></span> 
     </span>
     <span class='ocr_line' id='line_1_27' title="bbox 125 3028 1221 3112; baseline -0.003 -16"><span class='ocrx_word' id='word_1_233' title='bbox 125 3028 407 3112; x_wconf 85' lang='lat' dir='ltr'><strong>Constantinopoli</strong></span> <span class='ocrx_word' id='word_1_234' title='bbox 433 3028 565 3112; x_wconf 80' lang='lat' dir='ltr'><strong>professi</strong></span> <span class='ocrx_word' id='word_1_235' title='bbox 596 3036 683 3106; x_wconf 92' lang='lat' dir='ltr'><strong>sunt,</strong></span> <span class='ocrx_word' id='word_1_236' title='bbox 713 3029 748 3090; x_wconf 90' lang='lat' dir='ltr'><strong>in</strong></span> <span class='ocrx_word' id='word_1_237' title='bbox 779 3050 842 3110; x_wconf 91' lang='lat' dir='ltr'><strong>quo</strong></span> <span class='ocrx_word' id='word_1_238' title='bbox 869 3037 1045 3092; x_wconf 85' lang='lat' dir='ltr'><strong>conventus</strong></span> <span class='ocrx_word' id='word_1_239' title='bbox 1071 3030 1221 3093; x_wconf 85' lang='lat' dir='ltr'><strong>habebat.</strong></span> 
     </span>
     <span class='ocr_line' id='line_1_28' title="bbox 124 3128 1222 3217; baseline -0.004 -19"><span class='ocrx_word' id='word_1_240' title='bbox 124 3130 340 3212; x_wconf 79' lang='grc' dir='ltr'>Ἐκκλησίοζε</span> <span class='ocrx_word' id='word_1_241' title='bbox 361 3129 394 3195; x_wconf 86' lang='grc' dir='ltr'><strong>δὲ</strong></span> <span class='ocrx_word' id='word_1_242' title='bbox 412 3130 445 3194; x_wconf 81' lang='grc' dir='ltr'><strong>ἐν</strong></span> <span class='ocrx_word' id='word_1_243' title='bbox 467 3129 601 3216; x_wconf 73' lang='grc' dir='ltr'>οἰκίσκῳ</span> <span class='ocrx_word' id='word_1_244' title='bbox 618 3137 723 3217; x_wconf 81' lang='grc' dir='ltr'>μικρῷ</span> <span class='ocrx_word' id='word_1_245' title='bbox 741 3128 817 3217; x_wconf 81' lang='grc' dir='ltr'>παρ’</span> <span class='ocrx_word' id='word_1_246' title='bbox 837 3129 999 3212; x_wconf 81' lang='grc' dir='ltr'>ὁμοδόξων</span> <span class='ocrx_word' id='word_1_247' title='bbox 1018 3129 1105 3217; x_wconf 81' lang='grc' dir='ltr'>αὐτῷ</span> <span class='ocrx_word' id='word_1_248' title='bbox 1118 3157 1154 3196; x_wconf 85' lang='grc' dir='ltr'><strong>τε</strong></span> <span class='ocrx_word' id='word_1_249' title='bbox 1169 3131 1222 3196; x_wconf 80' lang='grc' dir='ltr'><strong>καὶ</strong></span> 
     </span>
     <span class='ocr_line' id='line_1_29' title="bbox 125 3230 1223 3320; baseline -0.002 -20"><span class='ocrx_word' id='word_1_250' title='bbox 125 3240 191 3304; x_wconf 81' lang='grc' dir='ltr'>τοῖς</span> <span class='ocrx_word' id='word_1_251' title='bbox 200 3233 314 3315; x_wconf 80' lang='grc' dir='ltr'>ὁμοίως</span> <span class='ocrx_word' id='word_1_252' title='bbox 324 3231 559 3320; x_wconf 82' lang='grc' dir='ltr'>θρησκέυουσιν</span> <span class='ocrx_word' id='word_1_253' title='bbox 573 3231 618 3300; x_wconf 77' lang='grc' dir='ltr'><strong>εἰς</strong></span> <span class='ocrx_word' id='word_1_254' title='bbox 633 3230 795 3319; x_wconf 79' lang='grc' dir='ltr'>εόκτήριον</span> <span class='ocrx_word' id='word_1_255' title='bbox 807 3230 892 3296; x_wconf 83' lang='grc' dir='ltr'>οἷκον</span> <span class='ocrx_word' id='word_1_256' title='bbox 908 3233 1223 3299; x_wconf 65' lang='grc' dir='ltr'>κατασκευασθέντκ.</span> 
     </span>
     <span class='ocr_line' id='line_1_30' title="bbox 126 3336 1223 3419; baseline -0.004 -16"><span class='ocrx_word' id='word_1_257' title='bbox 126 3340 236 3416; x_wconf 88' lang='lat' dir='ltr'><strong>Vides,</strong></span> <span class='ocrx_word' id='word_1_258' title='bbox 252 3338 438 3402; x_wconf 89' lang='lat' dir='ltr'><strong>convenisse</strong></span> <span class='ocrx_word' id='word_1_259' title='bbox 452 3338 486 3399; x_wconf 91' lang='lat' dir='ltr'><strong>in</strong></span> <span class='ocrx_word' id='word_1_260' title='bbox 503 3337 652 3400; x_wconf 86' lang='lat' dir='ltr'><strong>Oratorio</strong></span> <span class='ocrx_word' id='word_1_261' title='bbox 672 3336 727 3399; x_wconf 91' lang='lat' dir='ltr'><strong>illo</strong></span> <span class='ocrx_word' id='word_1_262' title='bbox 745 3357 867 3413; x_wconf 88' lang='lat' dir='ltr'><strong>omnes,</strong></span> <span class='ocrx_word' id='word_1_263' title='bbox 884 3337 1024 3419; x_wconf 90' lang='lat' dir='ltr'><strong>quitum</strong></span> <span class='ocrx_word' id='word_1_264' title='bbox 1040 3339 1223 3401; x_wconf 83' lang='lat' dir='ltr'><strong>Constanti-</strong></span> 
     </span>
    </p>
   </div>
   <div class='ocr_carea' id='block_1_10' title="bbox 120 3520 1229 4552">
    <p class='ocr_par' dir='ltr' id='par_1_11' title="bbox 120 3520 1227 4087">
     <span class='ocr_line' id='line_1_31' title="bbox 161 3520 1223 3587; baseline 0.001 -16"><span class='ocrx_word' id='word_1_265' title='bbox 161 3524 172 3554; x_wconf 66' lang='lat' dir='ltr'><strong>l</strong></span> <span class='ocrx_word' id='word_1_266' title='bbox 186 3523 212 3587; x_wconf 88' lang='lat'><strong>[“</strong></span> <span class='ocrx_word' id='word_1_267' title='bbox 220 3522 287 3571; x_wconf 84' lang='lat' dir='ltr'><strong>Num</strong></span> <span class='ocrx_word' id='word_1_268' title='bbox 297 3536 377 3584; x_wconf 85' lang='lat' dir='ltr'><strong>nequo</strong></span> <span class='ocrx_word' id='word_1_269' title='bbox 388 3520 458 3570; x_wconf 84' lang='lat' dir='ltr'><strong>ineis</strong></span> <span class='ocrx_word' id='word_1_270' title='bbox 466 3521 657 3584; x_wconf 73' lang='lat' dir='ltr'><strong>precibusques</strong></span> <span class='ocrx_word' id='word_1_271' title='bbox 700 3522 724 3569; x_wconf 86' lang='lat' dir='ltr'><strong>S.</strong></span> <span class='ocrx_word' id='word_1_272' title='bbox 734 3522 800 3582; x_wconf 81' lang='lat' dir='ltr'><strong>Aug.</strong></span> <span class='ocrx_word' id='word_1_273' title='bbox 808 3520 840 3569; x_wconf 91' lang='lat' dir='ltr'><strong>do</strong></span> <span class='ocrx_word' id='word_1_274' title='bbox 849 3520 902 3570; x_wconf 78' lang='lat' dir='ltr'><strong>Cir.</strong></span> <span class='ocrx_word' id='word_1_275' title='bbox 915 3521 969 3570; x_wconf 89' lang='lat' dir='ltr'><strong>Doi.</strong></span> <span class='ocrx_word' id='word_1_276' title='bbox 982 3522 1025 3571; x_wconf 91' lang='lat' dir='ltr'><strong>lib.</strong></span> <span class='ocrx_word' id='word_1_277' title='bbox 1034 3524 1097 3572; x_wconf 85' lang='lat' dir='ltr'><strong>xxii.</strong></span> <span class='ocrx_word' id='word_1_278' title='bbox 1109 3538 1161 3587; x_wconf 84' lang='lat' dir='ltr'><strong>esp.</strong></span> <span class='ocrx_word' id='word_1_279' title='bbox 1169 3524 1223 3573; x_wconf 81' lang='lat' dir='ltr'><strong>viii.</strong></span> 
     </span>
     <span class='ocr_line' id='line_1_32' title="bbox 128 3585 1223 3650; baseline 0.001 -14"><span class='ocrx_word' id='word_1_280' title='bbox 128 3587 176 3636; x_wconf 81' lang='lat' dir='ltr'><strong>tibi</strong></span> <span class='ocrx_word' id='word_1_281' title='bbox 196 3587 314 3646; x_wconf 85' lang='lat' dir='ltr'><strong>fudimus,</strong></span> <span class='ocrx_word' id='word_1_282' title='bbox 336 3601 393 3634; x_wconf 90' lang='lat' dir='ltr'><strong>eum</strong></span> <span class='ocrx_word' id='word_1_283' title='bbox 416 3585 546 3634; x_wconf 82' lang='lat' dir='ltr'><strong>offerretur</strong></span> <span class='ocrx_word' id='word_1_284' title='bbox 567 3600 612 3647; x_wconf 88' lang='lat' dir='ltr'><strong>pro</strong></span> <span class='ocrx_word' id='word_1_285' title='bbox 628 3600 657 3634; x_wconf 84' lang='lat' dir='ltr'><strong>eo</strong></span> <span class='ocrx_word' id='word_1_286' title='bbox 699 3591 758 3634; x_wconf 85' lang='lat' dir='ltr'><strong>sect.</strong></span> <span class='ocrx_word' id='word_1_287' title='bbox 770 3590 793 3633; x_wconf 85' lang='grc'><strong>6.</strong></span> <span class='ocrx_word' id='word_1_288' title='bbox 812 3586 868 3648; x_wconf 84' lang='lat' dir='ltr'><strong>Op,</strong></span> <span class='ocrx_word' id='word_1_289' title='bbox 880 3590 940 3634; x_wconf 92' lang='lat' dir='ltr'><strong>tom.</strong></span> <span class='ocrx_word' id='word_1_290' title='bbox 950 3587 994 3635; x_wconf 83' lang='lat' dir='ltr'><strong>vii.</strong></span> <span class='ocrx_word' id='word_1_291' title='bbox 1006 3587 1050 3636; x_wconf 89' lang='lat' dir='ltr'><strong>col.</strong></span> <span class='ocrx_word' id='word_1_292' title='bbox 1061 3590 1130 3637; x_wconf 81' lang='lat'><strong>1063.</strong></span> <span class='ocrx_word' id='word_1_293' title='bbox 1144 3588 1172 3638; x_wconf 90' lang='lat' dir='ltr'><strong>B.</strong></span> <span class='ocrx_word' id='word_1_294' title='bbox 1182 3588 1223 3650; x_wconf 81' lang='grc'><strong>0.]</strong></span> 
     </span>
     <span class='ocr_line' id='line_1_33' title="bbox 128 3649 1226 3715; baseline 0.003 -15"><span class='ocrx_word' id='word_1_295' title='bbox 128 3651 279 3700; x_wconf 77' lang='lat' dir='ltr'><strong>sacrificium</strong></span> <span class='ocrx_word' id='word_1_296' title='bbox 289 3651 364 3714; x_wconf 87' lang='lat' dir='ltr'><strong>pretii</strong></span> <span class='ocrx_word' id='word_1_297' title='bbox 378 3650 524 3712; x_wconf 79' lang='lat' dir='ltr'><strong>nostri,jam</strong></span> <span class='ocrx_word' id='word_1_298' title='bbox 537 3649 613 3711; x_wconf 79' lang='lat' dir='ltr'><strong>juxto</strong></span> <span class='ocrx_word' id='word_1_299' title='bbox 623 3665 657 3699; x_wconf 84' lang='lat' dir='ltr'><strong>se·</strong></span> <span class='ocrx_word' id='word_1_300' title='bbox 732 3649 927 3714; x_wconf 70' lang='grc' dir='ltr'>ΤΕκκληοΙαζε</span> <span class='ocrx_word' id='word_1_301' title='bbox 949 3650 974 3700; x_wconf 68' lang='grc' dir='ltr'><strong>δὲ</strong></span> <span class='ocrx_word' id='word_1_302' title='bbox 993 3653 1018 3699; x_wconf 69' lang='grc' dir='ltr'><strong>όν</strong></span> <span class='ocrx_word' id='word_1_303' title='bbox 1037 3652 1134 3714; x_wconf 73' lang='grc' dir='ltr'>οἰκίσκῳ</span> <span class='ocrx_word' id='word_1_304' title='bbox 1152 3656 1226 3715; x_wconf 70' lang='grc' dir='ltr'>μικρῷ</span> 
     </span>
     <span class='ocr_line' id='line_1_34' title="bbox 128 3713 1226 3779; baseline 0.003 -16"><span class='ocrx_word' id='word_1_305' title='bbox 128 3716 261 3779; x_wconf 83' lang='lat' dir='ltr'><strong>pulchrum</strong></span> <span class='ocrx_word' id='word_1_306' title='bbox 277 3717 358 3778; x_wconf 87' lang='lat' dir='ltr'><strong>posito</strong></span> <span class='ocrx_word' id='word_1_307' title='bbox 375 3715 500 3769; x_wconf 71' lang='lat' dir='ltr'><strong>cadavere,</strong></span> <span class='ocrx_word' id='word_1_308' title='bbox 512 3716 657 3776; x_wconf 76' lang='lat' dir='ltr'><strong>priusquam</strong></span> <span class='ocrx_word' id='word_1_309' title='bbox 701 3716 753 3776; x_wconf 82' lang='grc' dir='ltr'>παρ’</span> <span class='ocrx_word' id='word_1_310' title='bbox 770 3713 886 3778; x_wconf 76' lang='grc' dir='ltr'>ὁμοδόξων</span> <span class='ocrx_word' id='word_1_311' title='bbox 900 3717 963 3778; x_wconf 66' lang='grc' dir='ltr'><strong>αὐτῷ</strong></span> <span class='ocrx_word' id='word_1_312' title='bbox 976 3735 1005 3764; x_wconf 81' lang='grc' dir='ltr'><strong>τε</strong></span> <span class='ocrx_word' id='word_1_313' title='bbox 1022 3718 1060 3766; x_wconf 69' lang='grc' dir='ltr'><strong>καὶ</strong></span> <span class='ocrx_word' id='word_1_314' title='bbox 1077 3720 1128 3767; x_wconf 77' lang='grc' dir='ltr'>τοῖς</span> <span class='ocrx_word' id='word_1_315' title='bbox 1144 3719 1226 3778; x_wconf 71' lang='grc' dir='ltr'>ὁμοίως</span> 
     </span>
     <span class='ocr_line' id='line_1_35' title="bbox 129 3778 1226 3842; baseline 0.002 -13"><span class='ocrx_word' id='word_1_316' title='bbox 129 3779 432 3842; x_wconf 78' lang='lat' dir='ltr'><strong>deponeretur,sicutlllic</strong></span> <span class='ocrx_word' id='word_1_317' title='bbox 440 3779 493 3827; x_wconf 86' lang='lat' dir='ltr'><strong>fieri</strong></span> <span class='ocrx_word' id='word_1_318' title='bbox 502 3779 623 3834; x_wconf 75' lang='lat' dir='ltr'><strong>solooneo</strong></span> <span class='ocrx_word' id='word_1_319' title='bbox 631 3778 659 3826; x_wconf 91' lang='lat' dir='ltr'><strong>in</strong></span> <span class='ocrx_word' id='word_1_320' title='bbox 702 3778 871 3842; x_wconf 74' lang='grc' dir='ltr'>θρησκέυουσιν</span> <span class='ocrx_word' id='word_1_321' title='bbox 896 3779 928 3830; x_wconf 75' lang='grc' dir='ltr'><strong>εἷς</strong></span> <span class='ocrx_word' id='word_1_322' title='bbox 956 3779 1079 3840; x_wconf 76' lang='grc' dir='ltr'>εὖκτήοιον</span> <span class='ocrx_word' id='word_1_323' title='bbox 1100 3781 1165 3832; x_wconf 75' lang='grc' dir='ltr'>οἶκον</span> <span class='ocrx_word' id='word_1_324' title='bbox 1188 3801 1226 3831; x_wconf 83' lang='grc' dir='ltr'><strong>κα·</strong></span> 
     </span>
     <span class='ocr_line' id='line_1_36' title="bbox 129 3842 1226 3909; baseline 0.002 -15"><span class='ocrx_word' id='word_1_325' title='bbox 129 3845 166 3894; x_wconf 74' lang='lat' dir='ltr'><strong>eis</strong></span> <span class='ocrx_word' id='word_1_326' title='bbox 178 3845 292 3907; x_wconf 81' lang='lat' dir='ltr'><strong>precibus</strong></span> <span class='ocrx_word' id='word_1_327' title='bbox 303 3859 350 3906; x_wconf 80' lang='lat' dir='ltr'><strong>ego</strong></span> <span class='ocrx_word' id='word_1_328' title='bbox 368 3842 504 3892; x_wconf 83' lang='lat' dir='ltr'><strong>flevi.&#39;&#39;-S.</strong></span> <span class='ocrx_word' id='word_1_329' title='bbox 518 3845 584 3905; x_wconf 75' lang='lat' dir='ltr'><strong>Aug.</strong></span> <span class='ocrx_word' id='word_1_330' title='bbox 597 3843 657 3892; x_wconf 84' lang='lat' dir='ltr'><strong>Con·</strong></span> <span class='ocrx_word' id='word_1_331' title='bbox 700 3843 896 3894; x_wconf 73' lang='grc' dir='ltr'>τασκιναοθέντι.</span> <span class='ocrx_word' id='word_1_332' title='bbox 929 3847 1121 3897; x_wconf 71' lang='grc' dir='ltr'><strong>Μετὰδὲτοῦῐο</strong></span> <span class='ocrx_word' id='word_1_333' title='bbox 1132 3860 1226 3909; x_wconf 77' lang='grc' dir='ltr'>περιφα-</span> 
     </span>
     <span class='ocr_line' id='line_1_37' title="bbox 129 3907 1227 3974; baseline 0.004 -17"><span class='ocrx_word' id='word_1_334' title='bbox 129 3910 185 3958; x_wconf 83' lang='lat' dir='ltr'><strong>fess.</strong></span> <span class='ocrx_word' id='word_1_335' title='bbox 203 3908 245 3957; x_wconf 90' lang='lat' dir='ltr'><strong>lib.</strong></span> <span class='ocrx_word' id='word_1_336' title='bbox 258 3910 292 3958; x_wconf 85' lang='lat' dir='ltr'><strong>ix.</strong></span> <span class='ocrx_word' id='word_1_337' title='bbox 313 3924 365 3972; x_wconf 82' lang='lat' dir='ltr'><strong>cup.</strong></span> <span class='ocrx_word' id='word_1_338' title='bbox 379 3910 418 3956; x_wconf 83' lang='lat'><strong>12.</strong></span> <span class='ocrx_word' id='word_1_339' title='bbox 436 3907 491 3970; x_wconf 72' lang='lat' dir='ltr'><strong>Op,</strong></span> <span class='ocrx_word' id='word_1_340' title='bbox 509 3912 569 3956; x_wconf 83' lang='lat' dir='ltr'><strong>tom.</strong></span> <span class='ocrx_word' id='word_1_341' title='bbox 581 3909 597 3957; x_wconf 91' lang='lat' dir='ltr'><strong>i.</strong></span> <span class='ocrx_word' id='word_1_342' title='bbox 610 3908 656 3957; x_wconf 86' lang='lat' dir='ltr'><strong>eol.</strong></span> <span class='ocrx_word' id='word_1_343' title='bbox 702 3908 743 3966; x_wconf 73' lang='grc' dir='ltr'><strong>νὴς</strong></span> <span class='ocrx_word' id='word_1_344' title='bbox 753 3911 801 3957; x_wconf 73' lang='grc' dir='ltr'><strong>τῶν</strong></span> <span class='ocrx_word' id='word_1_345' title='bbox 816 3911 842 3957; x_wconf 75' lang='grc' dir='ltr'><strong>ἐν</strong></span> <span class='ocrx_word' id='word_1_346' title='bbox 855 3910 885 3974; x_wconf 77' lang='grc' dir='ltr'><strong>τῇ</strong></span> <span class='ocrx_word' id='word_1_347' title='bbox 895 3911 965 3958; x_wconf 77' lang='grc' dir='ltr'>πόλει</span> <span class='ocrx_word' id='word_1_348' title='bbox 978 3909 1033 3961; x_wconf 64' lang='grc' dir='ltr'><strong>νέως</strong></span> <span class='ocrx_word' id='word_1_349' title='bbox 1045 3909 1147 3972; x_wconf 67' lang='grc' dir='ltr'>γέγονεν</span> <span class='ocrx_word' id='word_1_350' title='bbox 1158 3911 1227 3961; x_wconf 69' lang='lat' dir='ltr'><strong>otrus</strong></span> 
     </span>
     <span class='ocr_line' id='line_1_38' title="bbox 120 3972 1227 4087; baseline 0.004 -65"><span class='ocrx_word' id='word_1_351' title='bbox 120 3973 186 4025; x_wconf 65' lang='lat'><strong>287.</strong></span> <span class='ocrx_word' id='word_1_352' title='bbox 197 3972 248 4087; x_wconf 38' lang='lat' dir='ltr'><strong>BQ!</strong></span> <span class='ocrx_word' id='word_1_353' title='bbox 701 4010 706 4020; x_wconf 90' lang='lat'><em>.</em></span> <span class='ocrx_word' id='word_1_354' title='bbox 720 4008 727 4021; x_wconf 83' lang='lat'><strong>.</strong></span> <span class='ocrx_word' id='word_1_355' title='bbox 739 4009 745 4021; x_wconf 90' lang='lat'><em>.</em></span> <span class='ocrx_word' id='word_1_356' title='bbox 758 4010 762 4021; x_wconf 93' lang='lat'>.</span> <span class='ocrx_word' id='word_1_357' title='bbox 774 3973 935 4022; x_wconf 73' lang='lat' dir='ltr'><strong>&#39;Arauraolov</strong></span> <span class='ocrx_word' id='word_1_358' title='bbox 946 3975 971 4023; x_wconf 79' lang='grc' dir='ltr'><strong>δὲ</strong></span> <span class='ocrx_word' id='word_1_359' title='bbox 982 3975 1074 4033; x_wconf 72' lang='grc' dir='ltr'>ταύτην</span> <span class='ocrx_word' id='word_1_360' title='bbox 1085 3973 1131 4034; x_wconf 67' lang='grc' dir='ltr'><strong>τόν</strong></span> <span class='ocrx_word' id='word_1_361' title='bbox 1143 3977 1227 4035; x_wconf 75' lang='grc' dir='ltr'>ἔκκλη·</span> 
     </span>
    </p>

    <p class='ocr_par' dir='ltr' id='par_1_12' title="bbox 131 4035 1229 4552">
     <span class='ocr_line' id='line_1_39' title="bbox 164 4035 1226 4102; baseline 0.003 -16"><span class='ocrx_word' id='word_1_362' title='bbox 164 4047 173 4070; x_wconf 77' lang='lat'>¹</span> <span class='ocrx_word' id='word_1_363' title='bbox 191 4037 217 4102; x_wconf 88' lang='lat'><strong>[“</strong></span> <span class='ocrx_word' id='word_1_364' title='bbox 250 4038 273 4086; x_wconf 85' lang='lat' dir='ltr'><strong>ir</strong></span> <span class='ocrx_word' id='word_1_365' title='bbox 291 4037 440 4086; x_wconf 84' lang='lat' dir='ltr'><strong>tribunitius</strong></span> <span class='ocrx_word' id='word_1_366' title='bbox 452 4074 457 4085; x_wconf 92' lang='lat'>.</span> <span class='ocrx_word' id='word_1_367' title='bbox 471 4074 477 4086; x_wconf 89' lang='lat'>.</span> <span class='ocrx_word' id='word_1_368' title='bbox 490 4073 495 4084; x_wconf 89' lang='lat'><em>.</em></span> <span class='ocrx_word' id='word_1_369' title='bbox 509 4051 565 4085; x_wconf 85' lang='lat' dir='ltr'><strong>cum</strong></span> <span class='ocrx_word' id='word_1_370' title='bbox 583 4035 657 4086; x_wconf 79' lang='lat' dir='ltr'><strong>efflie·</strong></span> <span class='ocrx_word' id='word_1_371' title='bbox 701 4038 754 4086; x_wconf 73' lang='grc' dir='ltr'>σόον</span> <span class='ocrx_word' id='word_1_372' title='bbox 765 4037 928 4098; x_wconf 76' lang='grc' dir='ltr'>ὀνομάζουσιν,</span> <span class='ocrx_word' id='word_1_373' title='bbox 943 4041 973 4089; x_wconf 81' lang='grc' dir='ltr'><strong>ὡς</strong></span> <span class='ocrx_word' id='word_1_374' title='bbox 990 4040 1035 4100; x_wconf 72' lang='grc' dir='ltr'><strong>μὲν</strong></span> <span class='ocrx_word' id='word_1_375' title='bbox 1044 4037 1131 4101; x_wconf 69' lang='grc' dir='ltr'>ᾠόμην,</span> <span class='ocrx_word' id='word_1_376' title='bbox 1144 4043 1226 4091; x_wconf 76' lang='grc' dir='ltr'>καθότι</span> 
     </span>
     <span class='ocr_line' id='line_1_40' title="bbox 131 4101 1229 4167; baseline 0.003 -16"><span class='ocrx_word' id='word_1_377' title='bbox 131 4103 201 4151; x_wconf 78' lang='lat' dir='ltr'><strong>lione</strong></span> <span class='ocrx_word' id='word_1_378' title='bbox 212 4102 360 4151; x_wconf 73' lang='lat' dir='ltr'><strong>animalium</strong></span> <span class='ocrx_word' id='word_1_379' title='bbox 375 4108 402 4150; x_wconf 85' lang='lat' dir='ltr'><strong>et</strong></span> <span class='ocrx_word' id='word_1_380' title='bbox 417 4116 544 4150; x_wconf 78' lang='lat' dir='ltr'><strong>servorum</strong></span> <span class='ocrx_word' id='word_1_381' title='bbox 556 4116 658 4150; x_wconf 83' lang='lat' dir='ltr'><strong>suorum</strong></span> <span class='ocrx_word' id='word_1_382' title='bbox 701 4101 729 4150; x_wconf 87' lang='grc' dir='ltr'><strong>τό</strong></span> <span class='ocrx_word' id='word_1_383' title='bbox 737 4104 814 4163; x_wconf 78' lang='grc' dir='ltr'>δόγμα</span> <span class='ocrx_word' id='word_1_384' title='bbox 821 4105 863 4161; x_wconf 81' lang='grc' dir='ltr'><strong>τῆς</strong></span> <span class='ocrx_word' id='word_1_385' title='bbox 871 4105 897 4151; x_wconf 69' lang='grc' dir='ltr'><strong>ἓν</strong></span> <span class='ocrx_word' id='word_1_386' title='bbox 904 4103 991 4167; x_wconf 74' lang='lat' dir='ltr'><strong>Nmalp</strong></span> <span class='ocrx_word' id='word_1_387' title='bbox 997 4104 1097 4153; x_wconf 82' lang='grc' dir='ltr'>συνόδου</span> <span class='ocrx_word' id='word_1_388' title='bbox 1104 4106 1229 4154; x_wconf 77' lang='grc' dir='ltr'>πεπτωκός</span> 
     </span>
     <span class='ocr_line' id='line_1_41' title="bbox 131 4166 1227 4229; baseline 0.002 -13"><span class='ocrx_word' id='word_1_389' title='bbox 131 4166 235 4216; x_wconf 85' lang='lat' dir='ltr'><strong>domum</strong></span> <span class='ocrx_word' id='word_1_390' title='bbox 247 4182 317 4216; x_wconf 81' lang='lat' dir='ltr'><strong>suum</strong></span> <span class='ocrx_word' id='word_1_391' title='bbox 335 4168 470 4229; x_wconf 82' lang='lat' dir='ltr'><strong>spirituum</strong></span> <span class='ocrx_word' id='word_1_392' title='bbox 488 4166 658 4228; x_wconf 77' lang='lat' dir='ltr'><strong>malignorum</strong></span> <span class='ocrx_word' id='word_1_393' title='bbox 702 4168 746 4224; x_wconf 66' lang='grc' dir='ltr'><strong>ἤδη</strong></span> <span class='ocrx_word' id='word_1_394' title='bbox 757 4169 784 4215; x_wconf 81' lang='grc' dir='ltr'><strong>ἐν</strong></span> <span class='ocrx_word' id='word_1_395' title='bbox 796 4167 1045 4217; x_wconf 75' lang='grc' dir='ltr'>Κωνσταντινονπόλει</span> <span class='ocrx_word' id='word_1_396' title='bbox 1057 4170 1095 4217; x_wconf 73' lang='lat' dir='ltr'><strong>nat</strong></span> <span class='ocrx_word' id='word_1_397' title='bbox 1105 4171 1227 4229; x_wconf 71' lang='grc' dir='ltr'>τεθνηκός,</span> 
     </span>
     <span class='ocr_line' id='line_1_42' title="bbox 131 4231 1228 4294; baseline 0 -14"><span class='ocrx_word' id='word_1_398' title='bbox 131 4233 185 4280; x_wconf 79' lang='lat' dir='ltr'><strong>rim</strong></span> <span class='ocrx_word' id='word_1_399' title='bbox 196 4233 297 4280; x_wconf 83' lang='lat' dir='ltr'><strong>noxium</strong></span> <span class='ocrx_word' id='word_1_400' title='bbox 307 4233 404 4294; x_wconf 84' lang='lat' dir='ltr'><strong>perpeti</strong></span> <span class='ocrx_word' id='word_1_401' title='bbox 415 4232 584 4293; x_wconf 81' lang='lat' dir='ltr'><strong>comperisset,</strong></span> <span class='ocrx_word' id='word_1_402' title='bbox 592 4245 659 4293; x_wconf 69' lang='lat' dir='ltr'><strong>rogo</strong></span> <span class='ocrx_word' id='word_1_403' title='bbox 702 4233 731 4281; x_wconf 76' lang='grc' dir='ltr'><strong>ὥς</strong></span> <span class='ocrx_word' id='word_1_404' title='bbox 749 4231 830 4289; x_wconf 66' lang='grc' dir='ltr'><strong>εἰπεῖν,</strong></span> <span class='ocrx_word' id='word_1_405' title='bbox 852 4233 889 4280; x_wconf 78' lang='grc' dir='ltr'><strong>διὰ</strong></span> <span class='ocrx_word' id='word_1_406' title='bbox 906 4233 952 4290; x_wconf 74' lang='grc' dir='ltr'><strong>τὴν</strong></span> <span class='ocrx_word' id='word_1_407' title='bbox 973 4231 1071 4292; x_wconf 76' lang='grc' dir='ltr'>δύναμιν</span> <span class='ocrx_word' id='word_1_408' title='bbox 1089 4236 1137 4281; x_wconf 76' lang='grc' dir='ltr'><strong>τῶν</strong></span> <span class='ocrx_word' id='word_1_409' title='bbox 1153 4235 1228 4294; x_wconf 72' lang='grc' dir='ltr'>ἑτερο-</span> 
     </span>
     <span class='ocr_line' id='line_1_43' title="bbox 132 4295 1229 4358; baseline 0.002 -14"><span class='ocrx_word' id='word_1_410' title='bbox 132 4297 171 4345; x_wconf 82' lang='lat' dir='ltr'><strong>vit</strong></span> <span class='ocrx_word' id='word_1_411' title='bbox 181 4302 284 4353; x_wconf 85' lang='lat' dir='ltr'><strong>nostros,</strong></span> <span class='ocrx_word' id='word_1_412' title='bbox 291 4311 331 4344; x_wconf 87' lang='lat' dir='ltr'><strong>me</strong></span> <span class='ocrx_word' id='word_1_413' title='bbox 342 4296 451 4355; x_wconf 79' lang='lat' dir='ltr'><strong>absente,</strong></span> <span class='ocrx_word' id='word_1_414' title='bbox 461 4295 624 4358; x_wconf 86' lang='lat' dir='ltr'><strong>presbyteros,</strong></span> <span class='ocrx_word' id='word_1_415' title='bbox 633 4300 661 4343; x_wconf 91' lang='lat' dir='ltr'><strong>ut</strong></span> <span class='ocrx_word' id='word_1_416' title='bbox 705 4298 782 4356; x_wconf 75' lang='grc' dir='ltr'>δόξων,</span> <span class='ocrx_word' id='word_1_417' title='bbox 805 4295 885 4345; x_wconf 77' lang='grc' dir='ltr'>ἔνθαδε</span> <span class='ocrx_word' id='word_1_418' title='bbox 907 4296 1005 4354; x_wconf 77' lang='grc' dir='ltr'>ἀνέστη,</span> <span class='ocrx_word' id='word_1_419' title='bbox 1029 4298 1067 4345; x_wconf 74' lang='grc' dir='ltr'><strong>καὶ</strong></span> <span class='ocrx_word' id='word_1_420' title='bbox 1085 4297 1173 4352; x_wconf 69' lang='grc' dir='ltr'>ἀνεβίω</span> <span class='ocrx_word' id='word_1_421' title='bbox 1192 4297 1229 4346; x_wconf 75' lang='grc' dir='ltr'><strong>διὰ</strong></span> 
     </span>
     <span class='ocr_line' id='line_1_44' title="bbox 132 4360 1228 4425; baseline 0.001 -16"><span class='ocrx_word' id='word_1_422' title='bbox 132 4361 225 4423; x_wconf 79' lang='lat' dir='ltr'><strong>aliquis</strong></span> <span class='ocrx_word' id='word_1_423' title='bbox 236 4375 323 4409; x_wconf 90' lang='lat' dir='ltr'><strong>eorum</strong></span> <span class='ocrx_word' id='word_1_424' title='bbox 339 4360 384 4409; x_wconf 92' lang='lat' dir='ltr'><strong>illo</strong></span> <span class='ocrx_word' id='word_1_425' title='bbox 396 4365 517 4421; x_wconf 81' lang='lat' dir='ltr'><strong>pergeret,</strong></span> <span class='ocrx_word' id='word_1_426' title='bbox 529 4361 599 4421; x_wconf 86' lang='lat' dir='ltr'><strong>eujus</strong></span> <span class='ocrx_word' id='word_1_427' title='bbox 610 4375 661 4408; x_wconf 81' lang='lat' dir='ltr'><strong>ora·</strong></span> <span class='ocrx_word' id='word_1_428' title='bbox 704 4364 751 4408; x_wconf 76' lang='grc' dir='ltr'><strong>τῶν</strong></span> <span class='ocrx_word' id='word_1_429' title='bbox 771 4368 847 4423; x_wconf 69' lang='lat' dir='ltr'><strong>spone</strong></span> <span class='ocrx_word' id='word_1_430' title='bbox 861 4361 896 4409; x_wconf 85' lang='lat' dir='ltr'><strong>lov</strong></span> <span class='ocrx_word' id='word_1_431' title='bbox 913 4361 1139 4425; x_wconf 55' lang='lat' dir='ltr'><strong>semoy-Soron.</strong></span> <span class='ocrx_word' id='word_1_432' title='bbox 1162 4361 1228 4411; x_wconf 85' lang='lat' dir='ltr'><strong>Hist.</strong></span> 
     </span>
     <span class='ocr_line' id='line_1_45' title="bbox 132 4381 1144 4489; baseline 0.001 -17"><span class='ocrx_word' id='word_1_433' title='bbox 132 4426 244 4474; x_wconf 88' lang='lat' dir='ltr'><strong>tionibus</strong></span> <span class='ocrx_word' id='word_1_434' title='bbox 251 4424 374 4474; x_wconf 84' lang='lat' dir='ltr'><strong>cederent.</strong></span> <span class='ocrx_word' id='word_1_435' title='bbox 393 4424 507 4473; x_wconf 86' lang='lat' dir='ltr'><strong>Perrexit</strong></span> <span class='ocrx_word' id='word_1_436' title='bbox 516 4424 663 4481; x_wconf 84' lang='lat' dir='ltr'><strong>unns,obtu·</strong></span> <span class='ocrx_word' id='word_1_437' title='bbox 705 4423 781 4486; x_wconf 79' lang='lat' dir='ltr'><strong>Eccl]</strong></span> <span class='ocrx_word' id='word_1_438' title='bbox 795 4381 909 4489; x_wconf 62' lang='lat' dir='ltr'><strong>llibsvii.</strong></span> <span class='ocrx_word' id='word_1_439' title='bbox 922 4425 996 4489; x_wconf 81' lang='lat' dir='ltr'><strong>[cop]</strong></span> <span class='ocrx_word' id='word_1_440' title='bbox 1009 4430 1030 4476; x_wconf 82' lang='lat'><strong>5.</strong></span> <span class='ocrx_word' id='word_1_441' title='bbox 1044 4425 1053 4489; x_wconf 88' lang='lat'>[</span> <span class='ocrx_word' id='word_1_442' title='bbox 1072 4427 1144 4475; x_wconf 76' lang='grc'><strong>.283.</strong></span> 
     </span>
     <span class='ocr_line' id='line_1_46' title="bbox 133 4489 662 4552; baseline 0.002 -16"><span class='ocrx_word' id='word_1_443' title='bbox 133 4489 166 4537; x_wconf 90' lang='lat' dir='ltr'><strong>lit</strong></span> <span class='ocrx_word' id='word_1_444' title='bbox 179 4490 217 4538; x_wconf 92' lang='lat' dir='ltr'><strong>ibi</strong></span> <span class='ocrx_word' id='word_1_445' title='bbox 231 4490 380 4540; x_wconf 76' lang='lat' dir='ltr'><strong>sacrificium</strong></span> <span class='ocrx_word' id='word_1_446' title='bbox 392 4491 501 4552; x_wconf 80' lang='lat' dir='ltr'><strong>eorporis</strong></span> <span class='ocrx_word' id='word_1_447' title='bbox 513 4489 662 4539; x_wconf 81' lang='lat' dir='ltr'><strong>christi.··-</strong></span> 
     </span>
    </p>
   </div>
   <div class='ocr_carea' id='block_1_11' title="bbox 0 0 1486 4926">
    <p class='ocr_par' dir='ltr' id='par_1_13' title="bbox 0 0 1486 4926">
     <span class='ocr_line' id='line_1_47' title="bbox 0 0 1486 4926; baseline 0 0"><span class='ocrx_word' id='word_1_448' title='bbox 0 0 1486 4926; x_wconf 95' lang='lat' dir='ltr'><strong> </strong></span> 
     </span>
    </p>
   </div>
  </div>
 </body>
</html>
