2910 4926
458 295 641 346 iroroonu
663 297 846 348 aesmusro.
1135 280 1200 345 309

99 450 242 516 sessione
256 452 340 536 pulsi
352 452 382 516 vi
395 455 523 538 partim,
533 455 652 538 partim
662 462 734 519 astu
744 453 933 536 Pontificis,)
950 474 1076 537 semper
1089 459 1199 518 tamen

98 555 304 620 retinuerunt
334 557 488 621 Germani
518 559 670 625 Caesares.
730 560 847 625 Titulis
876 566 986 623 autem
1014 557 1199 640 Principem

99 659 243 741 quemvis
266 659 429 743 insignire,
452 682 510 744 par
534 670 593 740 est,
617 663 740 746 priscis,
764 664 847 726 suis:
871 684 937 726 non
964 661 1127 744 insignire,
1150 658 1198 722 in·
1254 646 1321 709 224

99 760 191 825 civile
229 783 354 846 semper
391 770 439 826 est
469 764 640 844 habitum;
678 766 739 830 etsi
769 765 865 828 titulo
895 765 978 828 forte
1010 785 1061 828 res
1097 763 1198 827 abest.

100 864 299 928 Exciderunt
324 866 372 947 (ut
394 866 442 947 fit)
469 867 565 931 multi
587 868 785 950 possessione
807 867 886 950 ipsa,
902 866 990 930 tituli
1005 874 1115 930 tamen
1133 867 1199 950 jus,

98 969 215 1031 titulus
242 969 335 1053 juris,
359 976 481 1033 manet.
528 970 712 1054 Hispanum
743 971 814 1053 quia
840 991 907 1033 nou
938 969 1047 1033 scribit
1077 971 1201 1053 Regem

102 1072 317 1151 Hierusalem,
334 1073 394 1136 etsi
414 1074 545 1156 regione
561 1073 617 1138 illa
630 1080 700 1138 tota
713 1074 795 1138 nihil
818 1082 894 1138 actu
914 1073 1079 1158 possidet?
1104 1073 1200 1138 Gallu

99 1184 133 1239 et
149 1177 306 1259 Hispano,
322 1176 451 1258 utrique
470 1177 624 1240 Navarrae
638 1178 755 1241 titulus
771 1177 925 1256 defertur,
942 1184 975 1240 et
993 1177 1049 1241 ille
1063 1185 1199 1261 partem,

100 1288 133 1344 et
163 1281 226 1359 hic,
251 1289 386 1364 uterque
415 1289 517 1344 totam
546 1303 612 1345 non
643 1282 752 1346 habet.
798 1282 992 1366 Quanquam
1022 1281 1099 1366 quid
1127 1282 1200 1345 istis

100 1386 230 1448 moror?
254 1385 318 1447 Vix
339 1385 509 1467 quisquam
525 1406 582 1467 per
602 1385 713 1449 orbem
728 1385 950 1449 Christianum
965 1386 1117 1467 Princeps
1139 1394 1198 1465 est,

100 1488 153 1551 cui
168 1508 233 1551 non
248 1486 282 1549 in
297 1488 402 1550 titulis
417 1487 570 1570 sit,.quod
586 1488 620 1550 in
635 1509 670 1551 re
684 1509 753 1550 nou
768 1496 828 1551 est.
874 1487 983 1553 Quare
993 1488 1144 1571 quicquid
1159 1488 1200 1553 de

101 1591 197 1655 titulo
219 1591 261 1654 sit
278 1591 412 1654 Romani
430 1592 654 1672 Imperatoria·
678 1589 717 1653 ab
740 1591 869 1672 imperio
891 1591 1031 1653 Romano
1053 1591 1199 1654 discessio

99 1696 185 1760 facta
206 1704 264 1774 eat,
280 1702 318 1759 ut
340 1717 445 1780 neque
467 1697 518 1759 vel
540 1717 578 1759 eo
600 1717 706 1773 sensu,
728 1702 871 1760 moretur
893 1694 1123 1758 Antichristum
1145 1695 1200 1758 de·

99 1800 205 1864 fectus
221 1800 429 1863 discessionis.

131 1945 364 1996 Antichristus...
381 1959 431 1994 non
446 1945 552 1996 extollet
568 1960 595 1995 se
614 1949 715 1995 tantum
731 1960 807 2010 super
824 1961 874 2006 eos,
894 1947 938 2010 qui
957 1946 1077 1996 dicuntur
1094 1945 1138 1995 Dii
1156 1960 1202 2009 per

165 2027 292 2090 quandam
309 2026 514 2087 similitudinem,
528 2027 569 2077 vel
585 2027 814 2091 perticipationem,
833 2065 876 2078 ...
892 2027 936 2078 sed
953 2043 1028 2091 super
1043 2043 1117 2078 omne
1133 2027 1201 2091 quod

164 2108 258 2158 dieitur
270 2108 346 2167 Deus,
358 2106 399 2172 [id
416 2113 455 2158 est
472 2123 546 2172 super
563 2123 663 2158 omnem
677 2108 781 2172 Deum]
800 2109 853 2159 sive
873 2124 918 2173 per
934 2110 1078 2168 essentiam,
1090 2109 1142 2158 sire
1156 2123 1202 2172 per
1318 2117 1321 2125 '

164 2193 393 2256 perticipationem,
405 2193 457 2242 sive
468 2193 567 2254 falsum,
578 2195 631 2243 sire
643 2192 851 2258 verum-[Bell.
869 2194 944 2259 Apol.
956 2209 1002 2258 pro
1013 2192 1102 2257 Resp]
1112 2208 1136 2256 p.
1145 2194 1200 2242 129.

166 2273 236 2339 [Op.,
247 2278 307 2324 tom.
319 2274 363 2324 vii.
374 2274 421 2325 eol.
433 2275 488 2328 777.
501 2275 544 2339 Β.]

142 2383 295 2446 Potestne
316 2404 392 2448 vero
421 2383 492 2467 quis
522 2382 582 2446 tibi
616 2383 756 2466 (Lector)
785 2384 1085 2468 interpretationem
1113 2381 1200 2459 illius
1213 2387 1363 2466 [Quorsum

98 2486 171 2562 loci,
202 2487 292 2560 Quod
312 2488 430 2551 dicitur
453 2489 549 2566 Deus,
572 2494 681 2571 aptam
704 2488 807 2570 magis
828 2487 878 2552 vel
900 2488 1054 2552 fluentem
1077 2487 1198 2567 sistere,
1212 2454 1358 2568 &qq-m

102 2610 198 2672 quam
213 2610 251 2653 ex
265 2589 331 2668 illo,
348 2590 417 2672 Epo
433 2591 512 2668 disi,
528 2591 585 2652 Dii
603 2592 724 2654 estis¹?
757 2591 870 2674 Ecqua
884 2611 958 2654 vero
974 2590 1084 2668 tutior,
1100 2611 1200 2673 ecqua
1211 2583 1365 2633 extolleren-

101 2693 265 2756 nervosior
284 2687 523 2776 consequentia,
547 2716 644 2778 quam
666 2702 704 2757 ut
724 2693 875 2758 dicantur
892 2695 949 2756 Dii
970 2693 1010 2757 ab
1034 2694 1198 2777 Apostolo,
1238 2661 1365 2778 ‹iuiiiim

101 2818 181 2880 quos
207 2798 296 2860 Deus
322 2797 391 2881 ipse
414 2799 498 2860 Deos
524 2797 605 2860 dixit
634 2797 670 2860 in
698 2797 848 2861 Psalmo?
898 2797 1064 2862 cardinali
1088 2802 1201 2863 tamen

102 2922 194 2964 secus
223 2901 359 2979 videtur,
390 2923 458 2965 non
486 2908 554 2964 tam
583 2900 668 2965 forte
704 2901 853 2979 libenter,
884 2921 981 2984 quam
1011 2900 1201 2968 necessario.

101 3004 232 3087 Negare
247 3004 333 3069 enim
356 3026 423 3069 non
445 3011 560 3088 potest,
577 3005 730 3069 extulisse
750 3005 838 3082 olim,
854 3003 953 3067 etiam
971 3004 1041 3086 jam
1055 3005 1203 3069 extollere

100 3130 134 3172 se
150 3112 280 3194 Papam,
292 3131 386 3192 super
401 3131 487 3174 omne
503 3111 585 3193 quod
602 3110 684 3192 (Deo
700 3109 837 3189 dicente)
853 3109 970 3171 dicitur
979 3108 1075 3173 Deus.
1107 3109 1203 3173 Com·

101 3213 321 3277 miniscendus
340 3214 388 3277 illi
412 3236 523 3278 sensus
546 3213 636 3291 alter,
654 3213 710 3295 qui
732 3219 841 3275 tamen
864 3232 932 3274 non
954 3211 1088 3294 perinde
1110 3211 1201 3288 fluit3

101 3337 227 3398 nempe,
255 3318 346 3389 Quod
367 3318 485 3381 dicitur
508 3319 604 3394 Deus,
627 3316 661 3379 id
688 3323 747 3392 est,
769 3313 853 3397 quod
876 3335 938 3394 per
963 3315 1127 3376 essentium
1155 3319 1202 3380 esi

101 3419 195 3483 Deus.
241 3420 287 3483 At
301 3420 365 3483 nisi
383 3420 423 3482 ad
438 3420 561 3502 sliquos
577 3419 631 3502 qui
652 3418 844 3496 dicerentur,
860 3417 923 3480 nisi
944 3424 977 3480 et
998 3415 1040 3479 sd
1063 3415 1203 3498 aliquem

102 3522 158 3606 qui
179 3522 321 3600 dixisset,
339 3523 510 3605 respiceret
532 3521 579 3585 ibi
594 3521 773 3602 Apostolus,
792 3539 883 3602 aeque
905 3517 998 3582 facile
1022 3517 1052 3581 ei
1074 3516 1201 3596 dixisse,

100 3646 195 3708 super
209 3647 296 3689 mnne
316 3626 399 3708 quod
414 3631 469 3701 est,
485 3625 535 3689 vel
556 3625 681 3702 saltem,
696 3644 789 3706 super
811 3643 898 3687 omne
921 3622 1004 3709 quod
1017 3623 1066 3686 vel
1082 3628 1139 3699 est,
1154 3623 1205 3685 vel

102 3731 229 3794 dicitur.

134 3863 206 3922 Quod
218 3863 310 3913 clarius
320 3863 422 3926 scripsit
429 3862 529 3921 Daniel,
536 3876 556 3910 c.
563 3861 598 3911 xi
609 3860 706 3912 ‘Deum
718 3861 823 3912 Petrum
834 3875 936 3912 snorum
947 3876 999 3912 non
1009 3861 1146 3925 reputabit,
1157 3876 1205 3914 nee

167 3959 310 4009 quenquam
329 3945 439 3994 Deorum
458 3943 564 4003 curabit,
584 3944 645 4006 quis
661 3942 794 3992 adversum
814 3944 930 3993 universa
946 3943 1205 4010 consumor—[Bell.

167 4026 234 4089 Apol
253 4042 299 4092 pro
316 4026 404 4089 Resp]
418 4040 442 4089 p.
454 4027 508 4075 129.
520 4023 589 4088 [Op.,
600 4028 661 4073 tom.
673 4025 716 4074 vii.
729 4025 775 4075 col.
785 4024 841 4077 777.
850 4023 891 4090 Β.]

145 4135 233 4199 Nam
256 4137 421 4198 clariorem
443 4133 546 4196 Paulo
566 4132 748 4210 Danielem,
771 4133 862 4197 etin
883 4133 940 4197 illu
961 4134 1108 4198 omnium
1132 4133 1204 4199 abs·

101 4247 194 4303 trusa
213 4238 351 4302 maxime
377 4236 550 4320 Prophetia
571 4237 689 4299 clarius
708 4236 816 4301 afferri
835 4258 915 4316 rem,
935 4259 1033 4321 quum
1053 4236 1094 4302 ab
1118 4238 1204 4318 Apo·

101 4344 201 4406 stolo:
235 4340 364 4418 mirum,
391 4338 427 4401 ni
452 4337 544 4401 valde
570 4338 632 4402 hoe
659 4339 777 4403 Lector
800 4338 945 4403 miretur.
990 4341 1063 4404 Nec
1088 4339 1204 4404 efficiet

295 4529 304 4552 ¹
323 4520 378 4584 [Pe
384 4519 477 4570 lxxxii.
488 4518 580 4582 (lxxxi.
591 4516 679 4581 Vulg.)
691 4519 713 4567 6.
741 4516 811 4568 Ocni.
823 4515 898 4568 Josn.
909 4531 934 4569 x.
943 4516 1001 4580 st]
