2910 4926
427 275 438 299 ι
461 248 646 300 lromsuu
667 246 849 300 umeousro.
1164 234 1207 299 87

98 395 260 489 Legatos:
284 405 471 471 Cornelium
485 407 604 471 imitati
619 415 705 486 sunt,
722 407 819 483 etiam
834 405 1001 471 vicerunt:
1025 425 1092 470 non
1107 403 1205 470 laudo
1272 410 1316 472 67

99 507 312 573 Sscceasorem
327 510 427 588 Petri,
446 510 501 593 qui
523 511 557 574 in
581 512 650 596 pari
671 532 777 590 causa,
793 510 926 576 Petrum
945 509 1065 573 imitari
1086 509 1201 574 noluit.

97 609 142 675 In
166 611 237 695 pari
260 632 356 676 causa
379 611 469 676 diri?
515 614 588 678 Imo
613 615 711 697 longe
737 613 872 697 dispari:
897 613 1014 697 Dispar
1039 611 1127 677 enim
1149 612 1203 677 hic

96 712 203 799 longe,
219 713 276 778 ubi
297 715 428 794 scilieet,
445 723 478 780 et
497 717 581 781 ratio
602 717 709 782 minor
724 722 982 799 propterquam:
1006 715 1063 780 ubi
1082 720 1116 779 et
1129 736 1201 800 per-

96 836 179 882 sona
191 819 295 902 major
309 839 329 882 a
344 840 415 901 mm,
431 826 465 884 et
484 820 598 900 minor,
615 822 687 886 eui.-
710 820 777 901 ubi,
794 841 860 904 quae
879 820 1017 885 exhibita
1031 826 1078 884 est
1092 826 1202 885 autem

97 920 201 984 multo
219 921 322 1006 major
335 920 398 987 fuit
418 922 595 988 submissio.
641 924 737 988 Ratio
759 924 885 989 minor:
909 924 1022 987 Romae
1043 922 1130 987 enim
1149 922 1200 987 his

96 1044 201 1106 nuper
219 1024 401 1088 Ceremomoe
415 1046 466 1089 res
480 1026 596 1091 modo:
612 1033 646 1091 ut
662 1027 806 1091 Cesarea
820 1026 876 1106 ibi,
896 1026 1074 1090 Centuriam
1088 1026 1201 1090 aulatis

96 1146 193 1191 causa
206 1128 372 1211 agebatur.
409 1130 469 1194 Est
483 1151 558 1194 vero
570 1130 724 1212 Satrapes,
741 1152 837 1214 quam
849 1129 1054 1195 centurionis
1062 1148 1200 1212 peremto

95 1231 205 1313 major,
222 1253 241 1294 α
257 1252 327 1314 qua,
343 1254 380 1296 ac
402 1229 505 1297 multo
528 1234 630 1317 magis
654 1234 791 1318 Regum,
815 1255 894 1318 quos
917 1235 1061 1319 Satrapae
1081 1232 1198 1300 refere-

95 1332 186 1405 bant.
231 1336 395 1400 Pontificis
409 1343 528 1415 autem,
545 1359 641 1422 quam
656 1337 754 1415 Petri,
764 1357 901 1420 peremta
915 1338 1025 1415 minor,
1041 1337 1111 1402 cui:
1136 1336 1198 1416 Ibi,

94 1458 164 1502 non
179 1439 348 1504 Cornelius
363 1440 502 1524 Joppam
522 1440 562 1504 ad
586 1441 730 1520 Petrum,
746 1440 862 1504 Petrus
876 1440 945 1524 ipse
961 1441 1141 1506 Caesaream
1157 1441 1198 1505 ad

96 1541 282 1607 Cornelium
296 1543 394 1622 venit,
408 1565 469 1609 nec
488 1544 592 1628 piguit
606 1544 747 1608 venisse:
773 1544 846 1623 Hie,
862 1565 929 1607 non
944 1544 1033 1607 Petri
1055 1545 1199 1608 Veserim

94 1641 137 1707 nd
152 1645 273 1728 Repes:
298 1646 382 1729 Ipsis
397 1646 438 1711 ad
452 1647 545 1711 illum
559 1648 595 1711 in
610 1648 741 1732 Legatis
755 1647 821 1713 suis
837 1648 975 1715 Romam
992 1667 1094 1730 usque
1109 1648 1196 1711 veni-

96 1747 218 1812 endum
232 1747 304 1814 fuit.
333 1751 383 1815 Ae
398 1751 521 1816 calceos
536 1750 724 1828 deosculari,
738 1772 834 1834 quam
854 1750 895 1814 ad
908 1750 1007 1835 pedes
1021 1749 1195 1833 procidere,

44 1889 50 1897 ·
95 1848 233 1936 abjectio
250 1852 346 1936 longe
369 1855 482 1939 major.
527 1855 571 1919 Et
591 1855 654 1919 hoc
675 1862 794 1933 tamen,
814 1854 924 1938 (Roma
945 1859 1011 1917 tota
1025 1855 1193 1936 spectante)

94 1953 131 2017 in
159 1975 256 2020 causa
282 1963 351 2020 tam
381 1956 508 2042 dispari,
538 1965 571 2022 et
599 1958 657 2023 ubi
685 1963 817 2022 ventosa
844 1963 975 2021 tantum
1008 1957 1195 2035 ceremonia

96 2077 210 2140 passus
235 2058 296 2122 sibi
324 2059 395 2125 fieri
423 2081 443 2124 a
473 2061 617 2145 Satrapis
642 2060 746 2126 bonus
777 2058 866 2123 Petri
893 2061 1073 2140 Successor,
1097 2060 1131 2123 in
1157 2080 1196 2124 eo

94 2161 225 2244 quidem
240 2163 329 2227 Petri
343 2185 410 2227 non
424 2162 529 2229 bonus
543 2165 697 2229 imitator.

140 2266 215 2344 Sed,
224 2287 291 2331 non
302 2269 504 2332 reuerentiam
519 2268 619 2333 solam
636 2288 706 2351 quae
720 2267 756 2331 in
770 2272 928 2351 potestate
943 2265 1121 2332 exhibentis
1136 2274 1195 2346 est,

95 2368 192 2433 etiam
200 2373 387 2452 prestitisse
400 2371 478 2436 dicis
494 2372 707 2436 obedientium.
752 2373 798 2437 At
813 2370 930 2435 alicubi
944 2370 1077 2434 memini
1091 2369 1198 2452 legere

94 2493 157 2552 me,
170 2475 293 2559 Regem
308 2483 341 2542 et
352 2477 585 2561 Imperatorem
599 2475 748 2560 aliquem,
763 2477 965 2540 reverentiam
980 2474 1076 2539 modo
1087 2475 1198 2538 Ponti-

86 2579 147 2659 fici
155 2603 167 2652 ,·
190 2579 403 2660 obedientiam,
418 2602 486 2646 non
500 2580 563 2644 nisi
576 2580 726 2643 Ecclesia
739 2587 893 2664 praestare
908 2578 1044 2643 voluisse
1052 2575 1072 2642 ¹.
1102 2578 1196 2656 Turn,

95 2681 151 2747 ubi
166 2689 324 2748 certatum
339 2684 535 2767 aliquandiu,
550 2705 618 2748 non
632 2683 799 2766 pervicisse
813 2691 923 2747 tamen
933 2682 1124 2763 Pontificum,
1136 2681 1196 2744 nisi

94 2792 232 2866 tantum,
247 2794 286 2851 ut
300 2787 488 2871 obsequium
504 2786 632 2871 quidem
644 2785 792 2868 Pontifici
808 2784 917 2869 (quod,
931 2784 982 2848 uti
997 2785 1068 2863 scis,
1078 2783 1197 2848 amicos

93 2889 206 2972 puritss,
217 2898 251 2955 et
260 2891 347 2955 inter
354 2912 447 2975 pares
457 2899 515 2970 est
528 2911 589 2954 nec
599 2890 666 2954 ullo
677 2889 740 2953 nisi
748 2887 940 2953 urbanitatis
951 2888 1026 2973 jure
1035 2887 1196 2972 debetur)

65 3069 69 3076 ⁵
93 2991 307 3073 obedientium,
323 3000 451 3058 netum
466 2994 605 3077 quidem,
621 2992 763 3077 polliceri
778 2991 884 3071 vellet,
900 2992 1137 3056 nisillccleas'oe.

138 3096 174 3160 Si
187 3103 298 3160 tamen
311 3118 386 3161 vern
400 3119 521 3175 narras,
538 3104 571 3160 et
586 3096 852 3160 obedientiamt
804 3095 852 3179 (ut
867 3094 958 3178 dicis)
972 3094 1195 3158 exhibuerant.-
1188 3111 1257 3177 ·[Ει
1267 3111 1351 3164 obedi-

92 3205 127 3262 at
151 3199 289 3282 qualem
314 3220 488 3283 quousque,
515 3199 585 3263 et
576 3222 611 3262 ιιι
636 3198 778 3284 quibus?
822 3199 877 3264 An
899 3197 940 3262 ad
965 3196 1196 3282 depositionem
1208 3176 1288 3242 enus]

91 3320 194 3385 usque
220 3302 348 3386 Regum
371 3324 502 3367 sucrum
525 3303 566 3367 de
593 3302 714 3385 Regnis
739 3300 828 3365 suis?
872 3300 927 3365 An
953 3299 994 3362 ad
1018 3300 1197 3364 obedientia

90 3403 350 3470 interdictionem
364 3406 516 3490 usquein
537 3406 696 3470 subditis?
740 3404 796 3468 An
816 3403 852 3466 in
873 3402 1103 3487 temporalibus
1118 3402 1195 3484 suis,

90 3513 129 3570 ut
143 3506 184 3571 de
205 3508 245 3571 iis
267 3515 408 3573 statuere
430 3516 549 3593 posset,
564 3530 623 3593 pro
648 3506 779 3572 arbitrio
794 3528 862 3586 suc,
879 3513 912 3570 et
934 3505 998 3569 nisi
1019 3505 1195 3590 morigeros

89 3607 234 3691 haberet,
247 3618 462 3692 exauctorare,
473 3620 505 3676 ct
520 3634 578 3696 per
586 3611 766 3675 Decretulia
779 3631 836 3673 sua
846 3610 960 3674 tollere
968 3609 1031 3672 illis
1040 3609 1196 3693 Repalie?

91 3712 169 3777 Non
190 3721 289 3798 puto:
313 3715 496 3779 Discessisti
514 3737 590 3799 ergo
613 3722 704 3778 extra
723 3713 855 3778 callem:
877 3734 955 3777 nam
976 3712 1046 3776 hoeo
1067 3712 1124 3776 illa
1145 3720 1195 3779 est

91 3815 162 3880 falsi
175 3818 316 3882 nominis
331 3818 513 3898 obedientia,
529 3839 588 3883 nee
611 3819 673 3883 alia
691 3824 808 3904 praeter
822 3818 915 3896 hane,
932 3839 1029 3900 quam
1042 3817 1146 3881 nostri
1159 3818 1195 3881 in

91 3920 274 3985 loramento
289 3922 422 4006 ejerant.

135 4022 295 4108 Denique,
319 4044 390 4107 quae
412 4023 465 4088 hie
490 4023 583 4087 nobis
605 4024 731 4103 recitas,
752 4023 792 4086 ad
810 4044 957 4105 pompam
980 4023 1082 4105 magis
1106 4031 1192 4102 sunt,
1207 4042 1298 4108 [speeie

93 4150 190 4213 quam
205 4128 411 4208 palestram:
434 4125 509 4205 ime,
526 4126 565 4191 ad
574 4147 721 4208 pompam
736 4126 831 4210 plane
846 4132 931 4204 sunt,
948 4147 1013 4189 non
1029 4125 1070 4188 ad
1079 4127 1194 4207 palas·
1206 4110 1296 4171 Μ’
1321 4176 1328 4188 .

92 4239 184 4297 trum
214 4231 359 4294 Venetos
372 4229 506 4314 appello,
519 4230 610 4313 (quos
626 4230 671 4293 ibi
686 4230 833 4294 nominas
834 4230 856 4311 ,)
870 4251 948 4312 quos
964 4229 1009 4292 ais
1021 4229 1194 4292 exhibuisse
1206 4188 1330 4306 iffltlll

125 4368 294 4419 ‘Continuat
312 4365 344 4416 ed
361 4366 538 4431 Hypomnema
554 4367 620 4418 Petr.
665 4367 765 4418 tomii.
750 4382 819 4430 pp.
832 4367 888 4426 307,
902 4368 957 4415 308.
968 4366 1045 4416 Busil
1059 4364 1142 4429 mc]

93 4433 235 4486 devincis.
248 4431 486 4509 [imeSchardiiHy
519 4447 622 4483 masma
698 4432 836 4497 ¹[Terent.
850 4431 917 4481 And.
931 4432 978 4481 i..l
992 4430 1042 4494 ll]

92 4496 196 4550 adala
209 4431 381 4562 llplstolunrm
397 4496 466 4548 Petri
469 4448 620 4559 ‹lovineia
