<?xml version="1.0" encoding="UTF-8"?>
<!DOCTYPE html PUBLIC "-//W3C//DTD XHTML 1.0 Transitional//EN"
    "http://www.w3.org/TR/xhtml1/DTD/xhtml1-transitional.dtd">
<html xmlns="http://www.w3.org/1999/xhtml" xml:lang="en" lang="en">
 <head>
  <title>
</title>
<meta http-equiv="Content-Type" content="text/html;charset=utf-8" />
  <meta name='ocr-system' content='tesseract 3.04.00' />
  <meta name='ocr-capabilities' content='ocr_page ocr_carea ocr_par ocr_line ocrx_word'/>
</head>
<body>
  <div class='ocr_page' id='page_1' title='image "./responsioadapol00andrgoog_0480.png"; bbox 0 0 2910 4926; ppageno 0'>
   <div class='ocr_carea' id='block_1_1' title="bbox 443 288 1191 381">
    <p class='ocr_par' dir='ltr' id='par_1_1' title="bbox 443 288 1191 381">
     <span class='ocr_line' id='line_1_1' title="bbox 443 288 1191 381; baseline 0.003 -32"><span class='ocrx_word' id='word_1_1' title='bbox 443 302 625 350; x_wconf 65' lang='lat' dir='ltr'><strong><em>reomensi</em></strong></span> <span class='ocrx_word' id='word_1_2' title='bbox 648 302 829 351; x_wconf 77' lang='lat' dir='ltr'><strong><em>nmrousio.</em></strong></span> <span class='ocrx_word' id='word_1_3' title='bbox 897 377 900 381; x_wconf 19' lang='grc' dir='ltr'>Ι</span> <span class='ocrx_word' id='word_1_4' title='bbox 1126 288 1191 351; x_wconf 82' lang='grc'><strong><em>437</em></strong></span> 
     </span>
    </p>
   </div>
   <div class='ocr_carea' id='block_1_2' title="bbox 153 454 1283 764">
    <p class='ocr_par' dir='ltr' id='par_1_2' title="bbox 153 454 1191 600">
     <span class='ocr_line' id='line_1_2' title="bbox 153 454 1190 520; baseline 0 -17"><span class='ocrx_word' id='word_1_5' title='bbox 153 459 287 518; x_wconf 78' lang='lat' dir='ltr'><strong><em>gnturum:</em></strong></span> <span class='ocrx_word' id='word_1_6' title='bbox 304 455 348 505; x_wconf 85' lang='lat' dir='ltr'><strong><em>sed</em></strong></span> <span class='ocrx_word' id='word_1_7' title='bbox 361 455 473 520; x_wconf 82' lang='lat' dir='ltr'><strong><em>Principi</em></strong></span> <span class='ocrx_word' id='word_1_8' title='bbox 490 472 506 505; x_wconf 81' lang='lat' dir='ltr'><strong><em>s</em></strong></span> <span class='ocrx_word' id='word_1_9' title='bbox 516 471 575 506; x_wconf 79' lang='lat' dir='ltr'><strong><em>vers</em></strong></span> <span class='ocrx_word' id='word_1_10' title='bbox 590 456 713 518; x_wconf 80' lang='lat' dir='ltr'><strong><em>religione</em></strong></span> <span class='ocrx_word' id='word_1_11' title='bbox 729 456 819 515; x_wconf 78' lang='lat' dir='ltr'><strong><em>eliens,</em></strong></span> <span class='ocrx_word' id='word_1_12' title='bbox 832 457 876 520; x_wconf 88' lang='lat' dir='ltr'><strong><em>qui</em></strong></span> <span class='ocrx_word' id='word_1_13' title='bbox 893 454 1008 517; x_wconf 76' lang='lat' dir='ltr'><strong><em>sigillum</em></strong></span> <span class='ocrx_word' id='word_1_14' title='bbox 1020 454 1190 505; x_wconf 73' lang='lat' dir='ltr'><strong><em>consessionis</em></strong></span> 
     </span>
     <span class='ocr_line' id='line_1_3' title="bbox 155 536 1191 600; baseline 0 -16"><span class='ocrx_word' id='word_1_15' title='bbox 155 536 279 586; x_wconf 82' lang='lat' dir='ltr'><strong><em>divinitus</em></strong></span> <span class='ocrx_word' id='word_1_16' title='bbox 295 538 445 600; x_wconf 75' lang='lat' dir='ltr'><strong><em>imperatum</em></strong></span> <span class='ocrx_word' id='word_1_17' title='bbox 464 536 562 598; x_wconf 84' lang='lat' dir='ltr'><strong><em>irridet,</em></strong></span> <span class='ocrx_word' id='word_1_18' title='bbox 573 542 599 588; x_wconf 87' lang='lat' dir='ltr'><strong><em>et</em></strong></span> <span class='ocrx_word' id='word_1_19' title='bbox 609 552 685 600; x_wconf 87' lang='lat' dir='ltr'><strong><em>quem</em></strong></span> <span class='ocrx_word' id='word_1_20' title='bbox 702 538 763 588; x_wconf 76' lang='lat' dir='ltr'><strong><em>setis</em></strong></span> <span class='ocrx_word' id='word_1_21' title='bbox 776 541 874 586; x_wconf 76' lang='lat' dir='ltr'><strong><em>constat</em></strong></span> <span class='ocrx_word' id='word_1_22' title='bbox 885 552 937 586; x_wconf 90' lang='lat' dir='ltr'><strong><em>non</em></strong></span> <span class='ocrx_word' id='word_1_23' title='bbox 947 551 1086 600; x_wconf 80' lang='lat' dir='ltr'><strong><em>pensurum,</em></strong></span> <span class='ocrx_word' id='word_1_24' title='bbox 1098 541 1127 585; x_wconf 87' lang='lat' dir='ltr'><strong><em>nt</em></strong></span> <span class='ocrx_word' id='word_1_25' title='bbox 1138 551 1191 599; x_wconf 83' lang='lat' dir='ltr'><strong><em>por-</em></strong></span> 
     </span>
    </p>

    <p class='ocr_par' dir='ltr' id='par_1_3' title="bbox 154 617 1283 764">
     <span class='ocr_line' id='line_1_4' title="bbox 154 617 1283 690; baseline 0.001 -22"><span class='ocrx_word' id='word_1_26' title='bbox 154 633 216 668; x_wconf 81' lang='lat' dir='ltr'><strong><em>sone</em></strong></span> <span class='ocrx_word' id='word_1_27' title='bbox 227 619 371 668; x_wconf 85' lang='lat' dir='ltr'><strong><em>confitentis</em></strong></span> <span class='ocrx_word' id='word_1_28' title='bbox 381 620 466 680; x_wconf 81' lang='lat' dir='ltr'><strong><em>latent,</em></strong></span> <span class='ocrx_word' id='word_1_29' title='bbox 478 619 549 668; x_wconf 91' lang='lat' dir='ltr'><strong><em>nullo</em></strong></span> <span class='ocrx_word' id='word_1_30' title='bbox 560 618 635 669; x_wconf 91' lang='lat' dir='ltr'><strong><em>modo</em></strong></span> <span class='ocrx_word' id='word_1_31' title='bbox 644 618 825 683; x_wconf 74' lang='lat' dir='ltr'><strong><em>licen-[Bul.</em></strong></span> <span class='ocrx_word' id='word_1_32' title='bbox 834 619 907 683; x_wconf 86' lang='lat' dir='ltr'>Apol.</span> <span class='ocrx_word' id='word_1_33' title='bbox 917 633 963 683; x_wconf 89' lang='lat' dir='ltr'><strong><em>pro</em></strong></span> <span class='ocrx_word' id='word_1_34' title='bbox 975 617 1063 682; x_wconf 78' lang='lat' dir='ltr'><strong><em>Resp]</em></strong></span> <span class='ocrx_word' id='word_1_35' title='bbox 1081 633 1123 682; x_wconf 86' lang='lat' dir='ltr'><strong><em>pp.</em></strong></span> <span class='ocrx_word' id='word_1_36' title='bbox 1134 617 1191 690; x_wconf 72' lang='lat' dir='ltr'><strong><em>llll,</em></strong></span> <span class='ocrx_word' id='word_1_37' title='bbox 1281 646 1283 651; x_wconf 94' lang='lat'>·</span> 
     </span>
     <span class='ocr_line' id='line_1_5' title="bbox 156 699 604 764; baseline 0.007 -17"><span class='ocrx_word' id='word_1_38' title='bbox 156 700 210 751; x_wconf 86' lang='grc'><strong>179.</strong></span> <span class='ocrx_word' id='word_1_39' title='bbox 229 699 294 764; x_wconf 88' lang='lat' dir='ltr'><strong><em>[Op.,</em></strong></span> <span class='ocrx_word' id='word_1_40' title='bbox 307 705 367 750; x_wconf 85' lang='lat' dir='ltr'><strong><em>tom.</em></strong></span> <span class='ocrx_word' id='word_1_41' title='bbox 379 702 422 750; x_wconf 80' lang='lat' dir='ltr'><strong><em>vii.</em></strong></span> <span class='ocrx_word' id='word_1_42' title='bbox 433 701 480 750; x_wconf 88' lang='lat' dir='ltr'><strong><em>eol.</em></strong></span> <span class='ocrx_word' id='word_1_43' title='bbox 492 703 547 752; x_wconf 81' lang='grc'><strong>806.</strong></span> <span class='ocrx_word' id='word_1_44' title='bbox 561 700 604 764; x_wconf 83' lang='grc' dir='ltr'><strong><em>Α.]</em></strong></span> 
     </span>
    </p>
   </div>
   <div class='ocr_carea' id='block_1_3' title="bbox 80 770 1354 3745">
    <p class='ocr_par' dir='ltr' id='par_1_4' title="bbox 80 770 1354 2312">
     <span class='ocr_line' id='line_1_6' title="bbox 133 770 1354 900; baseline -0.002 -47"><span class='ocrx_word' id='word_1_45' title='bbox 133 790 223 854; x_wconf 90' lang='lat' dir='ltr'><strong><em>Bene</em></strong></span> <span class='ocrx_word' id='word_1_46' title='bbox 242 798 275 854; x_wconf 86' lang='lat' dir='ltr'><strong><em>et</em></strong></span> <span class='ocrx_word' id='word_1_47' title='bbox 296 791 386 868; x_wconf 91' lang='lat' dir='ltr'><strong><em>illud,</em></strong></span> <span class='ocrx_word' id='word_1_48' title='bbox 401 791 512 853; x_wconf 80' lang='lat' dir='ltr'><strong><em>Licere</em></strong></span> <span class='ocrx_word' id='word_1_49' title='bbox 527 791 739 872; x_wconf 81' lang='lat' dir='ltr'><strong><em>proditionem</em></strong></span> <span class='ocrx_word' id='word_1_50' title='bbox 760 791 793 852; x_wconf 91' lang='lat' dir='ltr'><strong><em>in</em></strong></span> <span class='ocrx_word' id='word_1_51' title='bbox 816 790 1046 852; x_wconf 83' lang='lat' dir='ltr'><strong><em>Sacramentali</em></strong></span> <span class='ocrx_word' id='word_1_52' title='bbox 1064 787 1191 869; x_wconf 81' lang='lat' dir='ltr'><strong><em>Conses-</em></strong></span> <span class='ocrx_word' id='word_1_53' title='bbox 1212 770 1354 900; x_wconf 42' lang='lat' dir='ltr'><strong><em>22ng</em></strong></span> 
     </span>
     <span class='ocr_line' id='line_1_7' title="bbox 89 892 1308 977; baseline 0.002 -24"><span class='ocrx_word' id='word_1_54' title='bbox 89 894 175 955; x_wconf 91' lang='lat' dir='ltr'><strong><em>sione</em></strong></span> <span class='ocrx_word' id='word_1_55' title='bbox 197 895 351 975; x_wconf 70' lang='lat' dir='ltr'><strong><em>cognitam</em></strong></span> <span class='ocrx_word' id='word_1_56' title='bbox 376 894 477 956; x_wconf 86' lang='lat' dir='ltr'><strong><em>verbis</em></strong></span> <span class='ocrx_word' id='word_1_57' title='bbox 495 894 693 975; x_wconf 77' lang='lat' dir='ltr'><strong><em>peneralibns</em></strong></span> <span class='ocrx_word' id='word_1_58' title='bbox 719 894 896 955; x_wconf 78' lang='lat' dir='ltr'><strong><em>cnrisriano</em></strong></span> <span class='ocrx_word' id='word_1_59' title='bbox 920 899 950 955; x_wconf 89' lang='lat' dir='ltr'><strong><em>et</em></strong></span> <span class='ocrx_word' id='word_1_60' title='bbox 969 894 1026 973; x_wconf 91' lang='lat' dir='ltr'><strong><em>pio</em></strong></span> <span class='ocrx_word' id='word_1_61' title='bbox 1046 892 1190 973; x_wconf 81' lang='lat' dir='ltr'><strong><em>Prinsipi</em></strong></span> <span class='ocrx_word' id='word_1_62' title='bbox 1202 915 1308 977; x_wconf 73' lang='lat' dir='ltr'><strong><em>gessen]</em></strong></span> 
     </span>
     <span class='ocr_line' id='line_1_8' title="bbox 89 994 1189 1077; baseline 0.001 -22"><span class='ocrx_word' id='word_1_63' title='bbox 89 997 222 1075; x_wconf 85' lang='lat' dir='ltr'><strong><em>aperire,</em></strong></span> <span class='ocrx_word' id='word_1_64' title='bbox 238 1001 273 1058; x_wconf 89' lang='lat' dir='ltr'><strong><em>at</em></strong></span> <span class='ocrx_word' id='word_1_65' title='bbox 287 996 454 1058; x_wconf 78' lang='lat' dir='ltr'><strong><em>remedians</em></strong></span> <span class='ocrx_word' id='word_1_66' title='bbox 469 997 641 1058; x_wconf 81' lang='lat' dir='ltr'><strong><em>imminenti</em></strong></span> <span class='ocrx_word' id='word_1_67' title='bbox 650 997 731 1057; x_wconf 89' lang='lat' dir='ltr'><strong><em>malo</em></strong></span> <span class='ocrx_word' id='word_1_68' title='bbox 740 1001 845 1076; x_wconf 86' lang='lat' dir='ltr'><strong><em>paret.</em></strong></span> <span class='ocrx_word' id='word_1_69' title='bbox 892 995 989 1060; x_wconf 82' lang='lat' dir='ltr'><strong><em>Quod</em></strong></span> <span class='ocrx_word' id='word_1_70' title='bbox 1004 994 1092 1057; x_wconf 88' lang='lat' dir='ltr'><strong><em>licait</em></strong></span> <span class='ocrx_word' id='word_1_71' title='bbox 1107 1015 1189 1077; x_wconf 81' lang='lat' dir='ltr'><strong><em>erpo,</em></strong></span> 
     </span>
     <span class='ocr_line' id='line_1_9' title="bbox 91 1099 1189 1179; baseline 0 -19"><span class='ocrx_word' id='word_1_72' title='bbox 91 1119 148 1160; x_wconf 90' lang='lat' dir='ltr'><strong><em>eur</em></strong></span> <span class='ocrx_word' id='word_1_73' title='bbox 162 1099 284 1161; x_wconf 81' lang='lat' dir='ltr'><strong><em>laetum</em></strong></span> <span class='ocrx_word' id='word_1_74' title='bbox 300 1101 454 1162; x_wconf 79' lang='lat' dir='ltr'><strong><em>nonest?</em></strong></span> <span class='ocrx_word' id='word_1_75' title='bbox 501 1100 541 1162; x_wconf 91' lang='lat' dir='ltr'><strong><em>In</em></strong></span> <span class='ocrx_word' id='word_1_76' title='bbox 556 1120 647 1162; x_wconf 83' lang='lat' dir='ltr'><strong><em>mors</em></strong></span> <span class='ocrx_word' id='word_1_77' title='bbox 662 1099 823 1179; x_wconf 89' lang='lat' dir='ltr'><strong><em>Princeps,</em></strong></span> <span class='ocrx_word' id='word_1_78' title='bbox 839 1100 889 1162; x_wconf 89' lang='lat' dir='ltr'><strong><em>vel</em></strong></span> <span class='ocrx_word' id='word_1_79' title='bbox 904 1119 964 1161; x_wconf 91' lang='lat' dir='ltr'><strong><em>non</em></strong></span> <span class='ocrx_word' id='word_1_80' title='bbox 983 1099 1189 1175; x_wconf 71' lang='lat' dir='ltr'><strong><em>Christianus,</em></strong></span> 
     </span>
     <span class='ocr_line' id='line_1_10' title="bbox 90 1201 1189 1284; baseline 0.001 -21"><span class='ocrx_word' id='word_1_81' title='bbox 90 1201 140 1263; x_wconf 86' lang='lat' dir='ltr'><strong><em>vel</em></strong></span> <span class='ocrx_word' id='word_1_82' title='bbox 163 1208 249 1265; x_wconf 84' lang='lat' dir='ltr'><strong><em>certe</em></strong></span> <span class='ocrx_word' id='word_1_83' title='bbox 275 1223 336 1264; x_wconf 90' lang='lat' dir='ltr'><strong><em>non</em></strong></span> <span class='ocrx_word' id='word_1_84' title='bbox 358 1204 444 1283; x_wconf 87' lang='lat' dir='ltr'><strong><em>pias.</em></strong></span> <span class='ocrx_word' id='word_1_85' title='bbox 489 1203 618 1284; x_wconf 83' lang='lat' dir='ltr'><strong><em>Ergone</em></strong></span> <span class='ocrx_word' id='word_1_86' title='bbox 644 1201 670 1264; x_wconf 87' lang='lat' dir='ltr'><strong><em>si</em></strong></span> <span class='ocrx_word' id='word_1_87' title='bbox 696 1222 757 1264; x_wconf 87' lang='lat' dir='ltr'><strong><em>non</em></strong></span> <span class='ocrx_word' id='word_1_88' title='bbox 783 1202 989 1280; x_wconf 74' lang='lat' dir='ltr'><strong><em>Christianus,</em></strong></span> <span class='ocrx_word' id='word_1_89' title='bbox 1021 1223 1081 1264; x_wconf 91' lang='lat' dir='ltr'><strong><em>non</em></strong></span> <span class='ocrx_word' id='word_1_90' title='bbox 1103 1203 1189 1283; x_wconf 84' lang='lat' dir='ltr'><strong><em>pias,</em></strong></span> 
     </span>
     <span class='ocr_line' id='line_1_11' title="bbox 89 1304 1189 1386; baseline 0.001 -20"><span class='ocrx_word' id='word_1_91' title='bbox 89 1304 219 1386; x_wconf 88' lang='lat' dir='ltr'><strong><em>pulvere</em></strong></span> <span class='ocrx_word' id='word_1_92' title='bbox 244 1305 437 1368; x_wconf 83' lang='lat' dir='ltr'><strong><em>difflsndus?</em></strong></span> <span class='ocrx_word' id='word_1_93' title='bbox 460 1307 570 1369; x_wconf 85' lang='lat' dir='ltr'><strong><em>licetne</em></strong></span> <span class='ocrx_word' id='word_1_94' title='bbox 595 1305 629 1368; x_wconf 91' lang='lat' dir='ltr'><strong><em>in</em></strong></span> <span class='ocrx_word' id='word_1_95' title='bbox 659 1306 747 1368; x_wconf 90' lang='lat' dir='ltr'><strong><em>huno</em></strong></span> <span class='ocrx_word' id='word_1_96' title='bbox 777 1314 843 1367; x_wconf 83' lang='lat' dir='ltr'><strong><em>tem</em></strong></span> <span class='ocrx_word' id='word_1_97' title='bbox 874 1304 1043 1367; x_wconf 82' lang='lat' dir='ltr'><strong><em>infandum</em></strong></span> <span class='ocrx_word' id='word_1_98' title='bbox 1075 1304 1189 1383; x_wconf 87' lang='lat' dir='ltr'><strong><em>scelus,</em></strong></span> 
     </span>
     <span class='ocr_line' id='line_1_12' title="bbox 91 1407 1189 1489; baseline 0.001 -20"><span class='ocrx_word' id='word_1_99' title='bbox 91 1407 176 1489; x_wconf 90' lang='lat' dir='ltr'><strong><em>quod</em></strong></span> <span class='ocrx_word' id='word_1_100' title='bbox 195 1408 229 1470; x_wconf 91' lang='lat' dir='ltr'><strong><em>in</em></strong></span> <span class='ocrx_word' id='word_1_101' title='bbox 245 1409 382 1471; x_wconf 83' lang='lat' dir='ltr'><strong><em>alterum</em></strong></span> <span class='ocrx_word' id='word_1_102' title='bbox 397 1410 577 1471; x_wconf 88' lang='lat' dir='ltr'><strong><em>nonlicet?</em></strong></span> <span class='ocrx_word' id='word_1_103' title='bbox 621 1408 802 1471; x_wconf 84' lang='lat' dir='ltr'><strong><em>Plurimum</em></strong></span> <span class='ocrx_word' id='word_1_104' title='bbox 817 1407 941 1485; x_wconf 83' lang='lat' dir='ltr'><strong><em>merito,</em></strong></span> <span class='ocrx_word' id='word_1_105' title='bbox 958 1407 1055 1471; x_wconf 89' lang='lat' dir='ltr'><strong><em>dices.</em></strong></span> <span class='ocrx_word' id='word_1_106' title='bbox 1101 1408 1189 1471; x_wconf 82' lang='lat' dir='ltr'><strong><em>Nem</em></strong></span> 
     </span>
     <span class='ocr_line' id='line_1_13' title="bbox 89 1510 1189 1592; baseline 0 -20"><span class='ocrx_word' id='word_1_107' title='bbox 89 1511 116 1572; x_wconf 88' lang='lat' dir='ltr'><strong><em>si</em></strong></span> <span class='ocrx_word' id='word_1_108' title='bbox 142 1512 227 1572; x_wconf 86' lang='lat' dir='ltr'><strong><em>altra</em></strong></span> <span class='ocrx_word' id='word_1_109' title='bbox 241 1510 299 1590; x_wconf 83' lang='lat' dir='ltr'><strong><em>fas</em></strong></span> <span class='ocrx_word' id='word_1_110' title='bbox 320 1513 550 1592; x_wconf 79' lang='lat' dir='ltr'><strong><em>interropasset,</em></strong></span> <span class='ocrx_word' id='word_1_111' title='bbox 573 1531 628 1574; x_wconf 86' lang='lat' dir='ltr'><strong><em>nec</em></strong></span> <span class='ocrx_word' id='word_1_112' title='bbox 643 1531 798 1591; x_wconf 83' lang='lat' dir='ltr'><strong><em>passarus</em></strong></span> <span class='ocrx_word' id='word_1_113' title='bbox 816 1512 914 1572; x_wconf 86' lang='lat' dir='ltr'><strong><em>latere</em></strong></span> <span class='ocrx_word' id='word_1_114' title='bbox 930 1530 1098 1591; x_wconf 76' lang='lat' dir='ltr'><strong><em>personam</em></strong></span> <span class='ocrx_word' id='word_1_115' title='bbox 1118 1531 1189 1572; x_wconf 87' lang='lat' dir='ltr'><strong><em>con-</em></strong></span> 
     </span>
     <span class='ocr_line' id='line_1_14' title="bbox 80 1612 1189 1695; baseline 0 -21"><span class='ocrx_word' id='word_1_116' title='bbox 80 1614 214 1694; x_wconf 75' lang='lat' dir='ltr'><strong><em>fitentis.</em></strong></span> <span class='ocrx_word' id='word_1_117' title='bbox 254 1613 377 1678; x_wconf 80' lang='lat' dir='ltr'><strong><em>Quodsi</em></strong></span> <span class='ocrx_word' id='word_1_118' title='bbox 392 1634 466 1695; x_wconf 88' lang='lat' dir='ltr'><strong><em>ergo</em></strong></span> <span class='ocrx_word' id='word_1_119' title='bbox 477 1634 544 1676; x_wconf 90' lang='lat' dir='ltr'><strong><em>non</em></strong></span> <span class='ocrx_word' id='word_1_120' title='bbox 558 1614 775 1694; x_wconf 69' lang='lat' dir='ltr'><strong><em>interrogaret,</em></strong></span> <span class='ocrx_word' id='word_1_121' title='bbox 789 1612 900 1695; x_wconf 91' lang='lat' dir='ltr'><strong><em>quodsi</em></strong></span> <span class='ocrx_word' id='word_1_122' title='bbox 909 1632 1076 1693; x_wconf 80' lang='lat' dir='ltr'><strong><em>personam</em></strong></span> <span class='ocrx_word' id='word_1_123' title='bbox 1092 1613 1189 1675; x_wconf 89' lang='lat' dir='ltr'><strong><em>latere</em></strong></span> 
     </span>
     <span class='ocr_line' id='line_1_15' title="bbox 83 1715 1188 1797; baseline 0.002 -21"><span class='ocrx_word' id='word_1_124' title='bbox 83 1721 257 1795; x_wconf 81' lang='lat' dir='ltr'><strong><em>pateretur,</em></strong></span> <span class='ocrx_word' id='word_1_125' title='bbox 282 1716 354 1778; x_wconf 86' lang='lat' dir='ltr'><strong><em>licet</em></strong></span> <span class='ocrx_word' id='word_1_126' title='bbox 373 1722 403 1778; x_wconf 90' lang='lat' dir='ltr'><strong><em>et</em></strong></span> <span class='ocrx_word' id='word_1_127' title='bbox 425 1717 483 1777; x_wconf 88' lang='lat' dir='ltr'><strong><em>illi.</em></strong></span> <span class='ocrx_word' id='word_1_128' title='bbox 528 1717 574 1779; x_wconf 84' lang='lat' dir='ltr'><strong><em>At</em></strong></span> <span class='ocrx_word' id='word_1_129' title='bbox 597 1715 763 1778; x_wconf 81' lang='lat' dir='ltr'><strong><em>absentem</em></strong></span> <span class='ocrx_word' id='word_1_130' title='bbox 782 1716 869 1778; x_wconf 85' lang='lat' dir='ltr'><strong><em>ultra</em></strong></span> <span class='ocrx_word' id='word_1_131' title='bbox 891 1737 979 1778; x_wconf 88' lang='lat' dir='ltr'><strong><em>mare</em></strong></span> <span class='ocrx_word' id='word_1_132' title='bbox 994 1717 1188 1797; x_wconf 78' lang='lat' dir='ltr'><strong><em>interrepere</em></strong></span> 
     </span>
     <span class='ocr_line' id='line_1_16' title="bbox 89 1820 1188 1901; baseline 0 -21"><span class='ocrx_word' id='word_1_133' title='bbox 89 1839 156 1881; x_wconf 89' lang='lat' dir='ltr'><strong><em>non</em></strong></span> <span class='ocrx_word' id='word_1_134' title='bbox 179 1826 321 1901; x_wconf 80' lang='lat' dir='ltr'><strong><em>poterat3</em></strong></span> <span class='ocrx_word' id='word_1_135' title='bbox 345 1827 378 1882; x_wconf 89' lang='lat' dir='ltr'><strong><em>et</em></strong></span> <span class='ocrx_word' id='word_1_136' title='bbox 395 1839 550 1901; x_wconf 72' lang='lat' dir='ltr'><strong><em>possumis</em></strong></span> <span class='ocrx_word' id='word_1_137' title='bbox 575 1826 644 1881; x_wconf 83' lang='lat' dir='ltr'><strong><em>eret</em></strong></span> <span class='ocrx_word' id='word_1_138' title='bbox 670 1820 767 1881; x_wconf 87' lang='lat' dir='ltr'><strong><em>latere</em></strong></span> <span class='ocrx_word' id='word_1_139' title='bbox 781 1826 863 1896; x_wconf 90' lang='lat' dir='ltr'><strong><em>tum,</em></strong></span> <span class='ocrx_word' id='word_1_140' title='bbox 880 1840 951 1901; x_wconf 85' lang='lat' dir='ltr'><strong><em>quae</em></strong></span> <span class='ocrx_word' id='word_1_141' title='bbox 973 1840 1040 1882; x_wconf 93' lang='lat' dir='ltr'><strong><em>non</em></strong></span> <span class='ocrx_word' id='word_1_142' title='bbox 1061 1825 1188 1901; x_wconf 83' lang='lat' dir='ltr'><strong><em>poterat</em></strong></span> 
     </span>
     <span class='ocr_line' id='line_1_17' title="bbox 87 1920 1185 2004; baseline 0.001 -23"><span class='ocrx_word' id='word_1_143' title='bbox 87 1920 308 2003; x_wconf 68' lang='lat' dir='ltr'><strong><em>interrogare-</em></strong></span> <span class='ocrx_word' id='word_1_144' title='bbox 337 1920 435 1984; x_wconf 90' lang='lat' dir='ltr'><strong><em>Omni</em></strong></span> <span class='ocrx_word' id='word_1_145' title='bbox 456 1942 531 2004; x_wconf 86' lang='lat' dir='ltr'><strong><em>ergo</em></strong></span> <span class='ocrx_word' id='word_1_146' title='bbox 546 1921 641 1984; x_wconf 92' lang='lat' dir='ltr'><strong><em>modo</em></strong></span> <span class='ocrx_word' id='word_1_147' title='bbox 656 1921 846 2002; x_wconf 83' lang='lat' dir='ltr'><strong><em>probitatem</em></strong></span> <span class='ocrx_word' id='word_1_148' title='bbox 865 1921 954 1983; x_wconf 84' lang='lat' dir='ltr'><strong><em>illem</em></strong></span> <span class='ocrx_word' id='word_1_149' title='bbox 969 1920 1185 1984; x_wconf 79' lang='lat' dir='ltr'><strong><em>desideramus</em></strong></span> 
     </span>
     <span class='ocr_line' id='line_1_18' title="bbox 87 2023 1186 2107; baseline -0.001 -20"><span class='ocrx_word' id='word_1_150' title='bbox 87 2023 123 2087; x_wconf 87' lang='lat' dir='ltr'><strong><em>in</em></strong></span> <span class='ocrx_word' id='word_1_151' title='bbox 139 2025 308 2102; x_wconf 64' lang='lat' dir='ltr'><strong><em>Gemens,</em></strong></span> <span class='ocrx_word' id='word_1_152' title='bbox 325 2024 379 2106; x_wconf 92' lang='lat' dir='ltr'><strong><em>qui</em></strong></span> <span class='ocrx_word' id='word_1_153' title='bbox 402 2024 615 2107; x_wconf 85' lang='lat' dir='ltr'><strong><em>proditionem</em></strong></span> <span class='ocrx_word' id='word_1_154' title='bbox 634 2024 755 2106; x_wconf 85' lang='lat' dir='ltr'><strong><em>aperire</em></strong></span> <span class='ocrx_word' id='word_1_155' title='bbox 776 2023 891 2102; x_wconf 91' lang='lat' dir='ltr'><strong><em>noluit,</em></strong></span> <span class='ocrx_word' id='word_1_156' title='bbox 908 2045 982 2087; x_wconf 89' lang='lat' dir='ltr'><strong><em>eum</em></strong></span> <span class='ocrx_word' id='word_1_157' title='bbox 998 2024 1096 2086; x_wconf 87' lang='lat' dir='ltr'><strong><em>latere</em></strong></span> <span class='ocrx_word' id='word_1_158' title='bbox 1112 2045 1186 2106; x_wconf 89' lang='lat' dir='ltr'><strong><em>pos-</em></strong></span> 
     </span>
     <span class='ocr_line' id='line_1_19' title="bbox 87 2125 1186 2209; baseline 0.001 -21"><span class='ocrx_word' id='word_1_159' title='bbox 87 2133 148 2205; x_wconf 85' lang='lat' dir='ltr'><strong><em>set,</em></strong></span> <span class='ocrx_word' id='word_1_160' title='bbox 165 2135 197 2190; x_wconf 89' lang='lat' dir='ltr'><strong><em>et</em></strong></span> <span class='ocrx_word' id='word_1_161' title='bbox 212 2148 250 2190; x_wconf 93' lang='lat' dir='ltr'><strong><em>eo</em></strong></span> <span class='ocrx_word' id='word_1_162' title='bbox 264 2126 326 2190; x_wconf 88' lang='lat' dir='ltr'><strong><em>loci</em></strong></span> <span class='ocrx_word' id='word_1_163' title='bbox 341 2127 485 2191; x_wconf 86' lang='lat' dir='ltr'><strong><em>conferre</em></strong></span> <span class='ocrx_word' id='word_1_164' title='bbox 505 2147 549 2204; x_wconf 90' lang='lat' dir='ltr'><strong><em>se,</em></strong></span> <span class='ocrx_word' id='word_1_165' title='bbox 566 2148 603 2190; x_wconf 89' lang='lat' dir='ltr'><strong><em>eo</em></strong></span> <span class='ocrx_word' id='word_1_166' title='bbox 625 2146 658 2190; x_wconf 88' lang='lat' dir='ltr'><strong><em>se</em></strong></span> <span class='ocrx_word' id='word_1_167' title='bbox 679 2127 748 2191; x_wconf 86' lang='lat' dir='ltr'><strong><em>loeo</em></strong></span> <span class='ocrx_word' id='word_1_168' title='bbox 769 2147 898 2209; x_wconf 88' lang='lat' dir='ltr'><strong><em>ponere,</em></strong></span> <span class='ocrx_word' id='word_1_169' title='bbox 914 2125 972 2189; x_wconf 92' lang='lat' dir='ltr'><strong><em>ubi</em></strong></span> <span class='ocrx_word' id='word_1_170' title='bbox 993 2126 1033 2189; x_wconf 90' lang='lat' dir='ltr'><strong><em>de</em></strong></span> <span class='ocrx_word' id='word_1_171' title='bbox 1048 2147 1186 2207; x_wconf 87' lang='lat' dir='ltr'><strong><em>persona</em></strong></span> 
     </span>
     <span class='ocr_line' id='line_1_20' title="bbox 87 2231 486 2312; baseline 0.003 -21"><span class='ocrx_word' id='word_1_172' title='bbox 87 2251 153 2293; x_wconf 92' lang='lat' dir='ltr'><strong><em>non</em></strong></span> <span class='ocrx_word' id='word_1_173' title='bbox 168 2238 275 2312; x_wconf 88' lang='lat' dir='ltr'><strong><em>posset</em></strong></span> <span class='ocrx_word' id='word_1_174' title='bbox 289 2231 486 2312; x_wconf 68' lang='lat' dir='ltr'><strong><em>interrogari.</em></strong></span> 
     </span>
    </p>

    <p class='ocr_par' dir='ltr' id='par_1_5' title="bbox 134 2332 1349 2466">
     <span class='ocr_line' id='line_1_21' title="bbox 134 2332 1349 2466; baseline -0.002 -71"><span class='ocrx_word' id='word_1_175' title='bbox 134 2334 310 2396; x_wconf 76' lang='lat' dir='ltr'><strong><em>Christiano</em></strong></span> <span class='ocrx_word' id='word_1_176' title='bbox 325 2341 358 2396; x_wconf 91' lang='lat' dir='ltr'><strong><em>et</em></strong></span> <span class='ocrx_word' id='word_1_177' title='bbox 371 2335 438 2414; x_wconf 85' lang='lat' dir='ltr'><strong><em>pio,</em></strong></span> <span class='ocrx_word' id='word_1_178' title='bbox 459 2332 579 2416; x_wconf 88' lang='lat' dir='ltr'><strong><em>aperire</em></strong></span> <span class='ocrx_word' id='word_1_179' title='bbox 597 2332 684 2396; x_wconf 88' lang='lat' dir='ltr'><strong><em>sinit.</em></strong></span> <span class='ocrx_word' id='word_1_180' title='bbox 728 2332 769 2396; x_wconf 92' lang='lat' dir='ltr'><strong><em>Id</em></strong></span> <span class='ocrx_word' id='word_1_181' title='bbox 785 2333 854 2396; x_wconf 86' lang='lat' dir='ltr'><strong><em>vult</em></strong></span> <span class='ocrx_word' id='word_1_182' title='bbox 872 2332 977 2396; x_wconf 89' lang='lat' dir='ltr'><strong><em>dicere</em></strong></span> <span class='ocrx_word' id='word_1_183' title='bbox 992 2332 1183 2410; x_wconf 79' lang='lat' dir='ltr'><strong><em>cardinalis,</em></strong></span> <span class='ocrx_word' id='word_1_184' title='bbox 1196 2353 1262 2466; x_wconf 61' lang='lat' dir='ltr'><strong><em>pse,</em></strong></span> <span class='ocrx_word' id='word_1_185' title='bbox 1274 2353 1349 2415; x_wconf 76' lang='lat' dir='ltr'><strong><em>sign.</em></strong></span> 
     </span>
    </p>

    <p class='ocr_par' dir='ltr' id='par_1_6' title="bbox 85 2433 1315 3745">
     <span class='ocr_line' id='line_1_22' title="bbox 86 2433 1315 2547; baseline 0 -50"><span class='ocrx_word' id='word_1_186' title='bbox 86 2435 148 2498; x_wconf 86' lang='lat' dir='ltr'><strong><em>nisi</em></strong></span> <span class='ocrx_word' id='word_1_187' title='bbox 164 2436 234 2518; x_wconf 91' lang='lat' dir='ltr'><strong><em>quis</em></strong></span> <span class='ocrx_word' id='word_1_188' title='bbox 248 2458 286 2499; x_wconf 86' lang='lat' dir='ltr'><strong><em>ex</em></strong></span> <span class='ocrx_word' id='word_1_189' title='bbox 302 2436 462 2499; x_wconf 82' lang='lat' dir='ltr'><strong><em>sententia</em></strong></span> <span class='ocrx_word' id='word_1_190' title='bbox 481 2435 592 2499; x_wconf 85' lang='lat' dir='ltr'><strong><em>illisit</em></strong></span> <span class='ocrx_word' id='word_1_191' title='bbox 610 2437 807 2498; x_wconf 74' lang='lat' dir='ltr'><strong><em>Christianae</em></strong></span> <span class='ocrx_word' id='word_1_192' title='bbox 820 2443 854 2499; x_wconf 89' lang='lat' dir='ltr'><strong><em>et</em></strong></span> <span class='ocrx_word' id='word_1_193' title='bbox 867 2437 943 2516; x_wconf 87' lang='lat' dir='ltr'><strong><em>pias</em></strong></span> <span class='ocrx_word' id='word_1_194' title='bbox 952 2461 962 2508; x_wconf 88' lang='lat'><em>;</em></span> <span class='ocrx_word' id='word_1_195' title='bbox 988 2437 1185 2498; x_wconf 75' lang='lat' dir='ltr'><strong><em>Christianus</em></strong></span> <span class='ocrx_word' id='word_1_196' title='bbox 1197 2433 1315 2547; x_wconf 53' lang='lat' dir='ltr'><strong><em>rffiffn</em></strong></span> 
     </span>
     <span class='ocr_line' id='line_1_23' title="bbox 87 2537 1184 2622; baseline 0.001 -22"><span class='ocrx_word' id='word_1_197' title='bbox 87 2559 126 2600; x_wconf 79' lang='lat' dir='ltr'><strong><em>ex</em></strong></span> <span class='ocrx_word' id='word_1_198' title='bbox 144 2539 245 2601; x_wconf 78' lang='lat' dir='ltr'><strong><em>Corin</em></strong></span> <span class='ocrx_word' id='word_1_199' title='bbox 254 2539 400 2601; x_wconf 69' lang='lat' dir='ltr'><strong><em>Romanis</em></strong></span> <span class='ocrx_word' id='word_1_200' title='bbox 414 2538 576 2622; x_wconf 81' lang='lat' dir='ltr'><strong><em>Symbolo,</em></strong></span> <span class='ocrx_word' id='word_1_201' title='bbox 590 2538 666 2601; x_wconf 90' lang='lat' dir='ltr'><strong><em>Pius</em></strong></span> <span class='ocrx_word' id='word_1_202' title='bbox 682 2537 723 2601; x_wconf 81' lang='lat' dir='ltr'><strong><em>sd</em></strong></span> <span class='ocrx_word' id='word_1_203' title='bbox 738 2539 788 2602; x_wconf 88' lang='lat' dir='ltr'><strong><em>Pii</em></strong></span> <span class='ocrx_word' id='word_1_204' title='bbox 803 2539 909 2622; x_wconf 75' lang='lat' dir='ltr'><strong><em>quarti</em></strong></span> <span class='ocrx_word' id='word_1_205' title='bbox 924 2539 1095 2622; x_wconf 64' lang='lat' dir='ltr'><strong><em>pietatem</em></strong></span> <span class='ocrx_word' id='word_1_206' title='bbox 1118 2560 1184 2602; x_wconf 93' lang='lat' dir='ltr'><strong><em>non</em></strong></span> 
     </span>
     <span class='ocr_line' id='line_1_24' title="bbox 86 2640 1183 2724; baseline 0 -21"><span class='ocrx_word' id='word_1_207' title='bbox 86 2661 178 2722; x_wconf 87' lang='lat' dir='ltr'><strong><em>posse</em></strong></span> <span class='ocrx_word' id='word_1_208' title='bbox 197 2641 233 2703; x_wconf 90' lang='lat' dir='ltr'><strong><em>in</em></strong></span> <span class='ocrx_word' id='word_1_209' title='bbox 250 2641 336 2704; x_wconf 90' lang='lat' dir='ltr'><strong><em>illius</em></strong></span> <span class='ocrx_word' id='word_1_210' title='bbox 355 2641 492 2724; x_wconf 77' lang='lat' dir='ltr'><strong><em>gratiam</em></strong></span> <span class='ocrx_word' id='word_1_211' title='bbox 515 2640 642 2723; x_wconf 86' lang='lat' dir='ltr'><strong><em>detegi;</em></strong></span> <span class='ocrx_word' id='word_1_212' title='bbox 669 2641 717 2703; x_wconf 90' lang='lat' dir='ltr'><strong><em>illi</em></strong></span> <span class='ocrx_word' id='word_1_213' title='bbox 733 2641 823 2704; x_wconf 84' lang='lat' dir='ltr'><strong><em>nefas</em></strong></span> <span class='ocrx_word' id='word_1_214' title='bbox 845 2662 1008 2704; x_wconf 87' lang='lat' dir='ltr'><strong><em>summum</em></strong></span> <span class='ocrx_word' id='word_1_215' title='bbox 1034 2641 1183 2723; x_wconf 87' lang='lat' dir='ltr'><strong><em>Sigillum</em></strong></span> 
     </span>
     <span class='ocr_line' id='line_1_25' title="bbox 87 2742 1185 2827; baseline 0.001 -22"><span class='ocrx_word' id='word_1_216' title='bbox 87 2743 227 2824; x_wconf 69' lang='lat' dir='ltr'><strong><em>aperire,</em></strong></span> <span class='ocrx_word' id='word_1_217' title='bbox 253 2742 411 2825; x_wconf 86' lang='lat' dir='ltr'><strong><em>Sigillum,</em></strong></span> <span class='ocrx_word' id='word_1_218' title='bbox 436 2765 511 2826; x_wconf 79' lang='lat' dir='ltr'><strong><em>erge</em></strong></span> <span class='ocrx_word' id='word_1_219' title='bbox 532 2742 633 2821; x_wconf 92' lang='lat' dir='ltr'><strong><em>illum,</em></strong></span> <span class='ocrx_word' id='word_1_220' title='bbox 654 2742 759 2807; x_wconf 89' lang='lat' dir='ltr'><strong><em>omnis</em></strong></span> <span class='ocrx_word' id='word_1_221' title='bbox 783 2743 935 2825; x_wconf 87' lang='lat' dir='ltr'><strong><em>nequitiae</em></strong></span> <span class='ocrx_word' id='word_1_222' title='bbox 957 2750 1054 2825; x_wconf 86' lang='lat' dir='ltr'><strong><em>atque</em></strong></span> <span class='ocrx_word' id='word_1_223' title='bbox 1079 2743 1185 2827; x_wconf 87' lang='lat' dir='ltr'><strong><em>prodi·</em></strong></span> 
     </span>
     <span class='ocr_line' id='line_1_26' title="bbox 86 2845 1186 2929; baseline 0 -21"><span class='ocrx_word' id='word_1_224' title='bbox 86 2845 185 2908; x_wconf 88' lang='lat' dir='ltr'><strong><em>tionis</em></strong></span> <span class='ocrx_word' id='word_1_225' title='bbox 211 2846 430 2909; x_wconf 82' lang='lat' dir='ltr'><strong><em>velamentum</em></strong></span> <span class='ocrx_word' id='word_1_226' title='bbox 454 2854 512 2909; x_wconf 88' lang='lat' dir='ltr'><strong><em>est.</em></strong></span> <span class='ocrx_word' id='word_1_227' title='bbox 572 2846 688 2928; x_wconf 88' lang='lat' dir='ltr'><strong><em>Neque</em></strong></span> <span class='ocrx_word' id='word_1_228' title='bbox 711 2847 794 2908; x_wconf 80' lang='lat' dir='ltr'><strong><em>ridet</em></strong></span> <span class='ocrx_word' id='word_1_229' title='bbox 823 2846 968 2929; x_wconf 81' lang='lat' dir='ltr'><strong><em>Sipillam</em></strong></span> <span class='ocrx_word' id='word_1_230' title='bbox 993 2847 1072 2924; x_wconf 86' lang='lat' dir='ltr'><strong><em>Rex,</em></strong></span> <span class='ocrx_word' id='word_1_231' title='bbox 1102 2847 1186 2908; x_wconf 85' lang='lat' dir='ltr'><strong><em>ridet</em></strong></span> 
     </span>
     <span class='ocr_line' id='line_1_27' title="bbox 86 2948 1185 3032; baseline -0.001 -20"><span class='ocrx_word' id='word_1_232' title='bbox 86 2956 206 3027; x_wconf 80' lang='lat' dir='ltr'><strong><em>temen,</em></strong></span> <span class='ocrx_word' id='word_1_233' title='bbox 223 2948 278 3032; x_wconf 91' lang='lat' dir='ltr'><strong><em>qui</em></strong></span> <span class='ocrx_word' id='word_1_234' title='bbox 300 2949 335 3012; x_wconf 89' lang='lat' dir='ltr'><strong><em>in</em></strong></span> <span class='ocrx_word' id='word_1_235' title='bbox 359 2969 433 3012; x_wconf 90' lang='lat' dir='ltr'><strong><em>eum</em></strong></span> <span class='ocrx_word' id='word_1_236' title='bbox 457 2950 555 3012; x_wconf 87' lang='lat' dir='ltr'><strong><em>linem</em></strong></span> <span class='ocrx_word' id='word_1_237' title='bbox 573 2948 688 3012; x_wconf 84' lang='lat' dir='ltr'><strong><em>dixerit</em></strong></span> <span class='ocrx_word' id='word_1_238' title='bbox 704 2950 853 3012; x_wconf 84' lang='lat' dir='ltr'><strong><em>divinitas</em></strong></span> <span class='ocrx_word' id='word_1_239' title='bbox 868 2951 1061 3030; x_wconf 85' lang='lat' dir='ltr'><strong><em>imperatam.</em></strong></span> <span class='ocrx_word' id='word_1_240' title='bbox 1108 2950 1185 3013; x_wconf 85' lang='lat' dir='ltr'><strong><em>Per·</em></strong></span> 
     </span>
     <span class='ocr_line' id='line_1_28' title="bbox 87 3051 1187 3134; baseline 0 -20"><span class='ocrx_word' id='word_1_241' title='bbox 87 3058 216 3133; x_wconf 85' lang='lat' dir='ltr'><strong><em>gratum</em></strong></span> <span class='ocrx_word' id='word_1_242' title='bbox 231 3072 304 3115; x_wconf 87' lang='lat' dir='ltr'><strong><em>vero</em></strong></span> <span class='ocrx_word' id='word_1_243' title='bbox 319 3051 454 3129; x_wconf 86' lang='lat' dir='ltr'><strong><em>fecisset,</em></strong></span> <span class='ocrx_word' id='word_1_244' title='bbox 472 3051 498 3113; x_wconf 84' lang='lat' dir='ltr'><strong><em>si</em></strong></span> <span class='ocrx_word' id='word_1_245' title='bbox 514 3072 577 3134; x_wconf 92' lang='lat' dir='ltr'><strong><em>qno</em></strong></span> <span class='ocrx_word' id='word_1_246' title='bbox 591 3052 662 3115; x_wconf 88' lang='lat' dir='ltr'><strong><em>loeo</em></strong></span> <span class='ocrx_word' id='word_1_247' title='bbox 676 3053 857 3133; x_wconf 87' lang='lat' dir='ltr'><strong><em>imperasset</em></strong></span> <span class='ocrx_word' id='word_1_248' title='bbox 872 3051 904 3114; x_wconf 92' lang='lat' dir='ltr'><strong><em>id</em></strong></span> <span class='ocrx_word' id='word_1_249' title='bbox 921 3052 1009 3114; x_wconf 89' lang='lat' dir='ltr'><strong><em>Deus</em></strong></span> <span class='ocrx_word' id='word_1_250' title='bbox 1027 3053 1075 3134; x_wconf 87' lang='lat' dir='ltr'><strong><em>(ut</em></strong></span> <span class='ocrx_word' id='word_1_251' title='bbox 1089 3051 1187 3114; x_wconf 89' lang='lat' dir='ltr'><strong><em>nimi·</em></strong></span> 
     </span>
     <span class='ocr_line' id='line_1_29' title="bbox 87 3152 1186 3237; baseline -0.001 -21"><span class='ocrx_word' id='word_1_252' title='bbox 87 3175 160 3216; x_wconf 88' lang='lat' dir='ltr'><strong><em>rum</em></strong></span> <span class='ocrx_word' id='word_1_253' title='bbox 182 3153 358 3218; x_wconf 83' lang='lat' dir='ltr'><strong><em>horrendas</em></strong></span> <span class='ocrx_word' id='word_1_254' title='bbox 379 3153 575 3237; x_wconf 87' lang='lat' dir='ltr'><strong><em>proditiones</em></strong></span> <span class='ocrx_word' id='word_1_255' title='bbox 590 3152 799 3236; x_wconf 83' lang='lat' dir='ltr'><strong><em>obsignaret),</em></strong></span> <span class='ocrx_word' id='word_1_256' title='bbox 814 3174 882 3216; x_wconf 91' lang='lat' dir='ltr'><strong><em>non</em></strong></span> <span class='ocrx_word' id='word_1_257' title='bbox 900 3154 1030 3215; x_wconf 83' lang='lat' dir='ltr'><strong><em>celasset</em></strong></span> <span class='ocrx_word' id='word_1_258' title='bbox 1044 3174 1112 3231; x_wconf 88' lang='lat' dir='ltr'><strong><em>nos,</em></strong></span> <span class='ocrx_word' id='word_1_259' title='bbox 1130 3154 1186 3236; x_wconf 92' lang='lat' dir='ltr'><strong><em>qui</em></strong></span> 
     </span>
     <span class='ocr_line' id='line_1_30' title="bbox 86 3253 1209 3338; baseline 0 -21"><span class='ocrx_word' id='word_1_260' title='bbox 86 3276 124 3317; x_wconf 85' lang='lat' dir='ltr'><strong><em>ex</em></strong></span> <span class='ocrx_word' id='word_1_261' title='bbox 139 3255 221 3318; x_wconf 81' lang='lat' dir='ltr'><strong><em>alius</em></strong></span> <span class='ocrx_word' id='word_1_262' title='bbox 236 3255 370 3337; x_wconf 85' lang='lat' dir='ltr'><strong><em>imperio</em></strong></span> <span class='ocrx_word' id='word_1_263' title='bbox 385 3255 587 3338; x_wconf 84' lang='lat' dir='ltr'><strong><em>exsculptum</em></strong></span> <span class='ocrx_word' id='word_1_264' title='bbox 602 3254 721 3318; x_wconf 86' lang='lat' dir='ltr'><strong><em>scimus</em></strong></span> <span class='ocrx_word' id='word_1_265' title='bbox 736 3253 876 3337; x_wconf 89' lang='lat' dir='ltr'><strong><em>sigillum</em></strong></span> <span class='ocrx_word' id='word_1_266' title='bbox 893 3254 983 3332; x_wconf 90' lang='lat' dir='ltr'><strong><em>illud,</em></strong></span> <span class='ocrx_word' id='word_1_267' title='bbox 1000 3276 1096 3337; x_wconf 84' lang='lat' dir='ltr'><strong><em>quem</em></strong></span> <span class='ocrx_word' id='word_1_268' title='bbox 1112 3255 1184 3318; x_wconf 90' lang='lat' dir='ltr'><strong><em>Dei.</em></strong></span> <span class='ocrx_word' id='word_1_269' title='bbox 1206 3325 1209 3330; x_wconf 84' lang='lat'>.</span> 
     </span>
     <span class='ocr_line' id='line_1_31' title="bbox 88 3355 1186 3439; baseline 0 -19"><span class='ocrx_word' id='word_1_270' title='bbox 88 3357 138 3420; x_wconf 87' lang='lat' dir='ltr'><strong><em>Sit</em></strong></span> <span class='ocrx_word' id='word_1_271' title='bbox 160 3357 265 3420; x_wconf 82' lang='lat' dir='ltr'><strong><em>solvus</em></strong></span> <span class='ocrx_word' id='word_1_272' title='bbox 281 3355 394 3439; x_wconf 81' lang='lat' dir='ltr'><strong><em>sigillo</em></strong></span> <span class='ocrx_word' id='word_1_273' title='bbox 409 3357 510 3420; x_wconf 90' lang='lat' dir='ltr'><strong><em>honos</em></strong></span> <span class='ocrx_word' id='word_1_274' title='bbox 531 3378 627 3432; x_wconf 81' lang='lat' dir='ltr'><strong><em>suus3</em></strong></span> <span class='ocrx_word' id='word_1_275' title='bbox 652 3356 708 3419; x_wconf 88' lang='lat' dir='ltr'><strong><em>sed</em></strong></span> <span class='ocrx_word' id='word_1_276' title='bbox 724 3378 800 3439; x_wconf 80' lang='lat' dir='ltr'><strong><em>erga</em></strong></span> <span class='ocrx_word' id='word_1_277' title='bbox 814 3356 1017 3439; x_wconf 82' lang='lat' dir='ltr'><strong><em>poenitentes,</em></strong></span> <span class='ocrx_word' id='word_1_278' title='bbox 1039 3376 1099 3418; x_wconf 91' lang='lat' dir='ltr'><strong><em>nec</em></strong></span> <span class='ocrx_word' id='word_1_279' title='bbox 1113 3378 1186 3438; x_wconf 87' lang='lat' dir='ltr'><strong><em>per·</em></strong></span> 
     </span>
     <span class='ocr_line' id='line_1_32' title="bbox 87 3458 1186 3545; baseline -0.002 -21"><span class='ocrx_word' id='word_1_280' title='bbox 87 3468 199 3545; x_wconf 90' lang='lat' dir='ltr'><strong><em>gentes</em></strong></span> <span class='ocrx_word' id='word_1_281' title='bbox 220 3461 255 3524; x_wconf 92' lang='lat' dir='ltr'><strong><em>in</em></strong></span> <span class='ocrx_word' id='word_1_282' title='bbox 278 3458 404 3524; x_wconf 85' lang='lat' dir='ltr'><strong><em>scelere.</em></strong></span> <span class='ocrx_word' id='word_1_283' title='bbox 441 3460 515 3525; x_wconf 82' lang='lat' dir='ltr'><strong><em>Quo</em></strong></span> <span class='ocrx_word' id='word_1_284' title='bbox 530 3480 605 3523; x_wconf 85' lang='lat' dir='ltr'><strong><em>vero</em></strong></span> <span class='ocrx_word' id='word_1_285' title='bbox 626 3468 694 3523; x_wconf 82' lang='lat' dir='ltr'><strong><em>tam</em></strong></span> <span class='ocrx_word' id='word_1_286' title='bbox 716 3458 870 3522; x_wconf 82' lang='lat' dir='ltr'><strong><em>immanis</em></strong></span> <span class='ocrx_word' id='word_1_287' title='bbox 891 3459 1011 3522; x_wconf 82' lang='lat' dir='ltr'><strong><em>scelere</em></strong></span> <span class='ocrx_word' id='word_1_288' title='bbox 1031 3466 1186 3541; x_wconf 81' lang='lat' dir='ltr'><strong><em>tanquam</em></strong></span> 
     </span>
     <span class='ocr_line' id='line_1_33' title="bbox 85 3561 1185 3646; baseline -0.004 -18"><span class='ocrx_word' id='word_1_289' title='bbox 85 3565 249 3628; x_wconf 87' lang='lat' dir='ltr'><strong><em>involucro</em></strong></span> <span class='ocrx_word' id='word_1_290' title='bbox 272 3569 438 3646; x_wconf 88' lang='lat' dir='ltr'><strong><em>teguntur,</em></strong></span> <span class='ocrx_word' id='word_1_291' title='bbox 464 3585 530 3627; x_wconf 91' lang='lat' dir='ltr'><strong><em>non</em></strong></span> <span class='ocrx_word' id='word_1_292' title='bbox 551 3563 623 3641; x_wconf 87' lang='lat' dir='ltr'><strong><em>Dei,</em></strong></span> <span class='ocrx_word' id='word_1_293' title='bbox 647 3584 713 3626; x_wconf 91' lang='lat' dir='ltr'><strong><em>non</em></strong></span> <span class='ocrx_word' id='word_1_294' title='bbox 739 3562 870 3640; x_wconf 84' lang='lat' dir='ltr'><strong><em>Christi,</em></strong></span> <span class='ocrx_word' id='word_1_295' title='bbox 895 3563 1022 3625; x_wconf 81' lang='lat' dir='ltr'><strong><em>Satanae</em></strong></span> <span class='ocrx_word' id='word_1_296' title='bbox 1044 3561 1185 3645; x_wconf 87' lang='lat' dir='ltr'><strong><em>sigillum</em></strong></span> 
     </span>
     <span class='ocr_line' id='line_1_34' title="bbox 86 3666 414 3745; baseline -0.009 -14"><span class='ocrx_word' id='word_1_297' title='bbox 86 3676 144 3745; x_wconf 90' lang='lat' dir='ltr'><strong><em>est,</em></strong></span> <span class='ocrx_word' id='word_1_298' title='bbox 162 3674 195 3730; x_wconf 88' lang='lat' dir='ltr'><strong><em>et</em></strong></span> <span class='ocrx_word' id='word_1_299' title='bbox 209 3666 414 3729; x_wconf 85' lang='lat' dir='ltr'><strong><em>Antichristi.</em></strong></span> 
     </span>
    </p>
   </div>
   <div class='ocr_carea' id='block_1_4' title="bbox 118 3783 1186 4333">
    <p class='ocr_par' dir='ltr' id='par_1_7' title="bbox 118 3783 1186 4333">
     <span class='ocr_line' id='line_1_35' title="bbox 118 3783 1185 3851; baseline -0.003 -16"><span class='ocrx_word' id='word_1_300' title='bbox 118 3787 183 3844; x_wconf 81' lang='lat' dir='ltr'><strong><em>Quis</em></strong></span> <span class='ocrx_word' id='word_1_301' title='bbox 199 3785 267 3849; x_wconf 81' lang='lat' dir='ltr'><strong><em>leges</em></strong></span> <span class='ocrx_word' id='word_1_302' title='bbox 286 3784 421 3848; x_wconf 83' lang='lat' dir='ltr'><strong><em>probibent</em></strong></span> <span class='ocrx_word' id='word_1_303' title='bbox 438 3787 546 3850; x_wconf 77' lang='lat' dir='ltr'><strong><em>recipere</em></strong></span> <span class='ocrx_word' id='word_1_304' title='bbox 564 3785 732 3851; x_wconf 73' lang='lat' dir='ltr'><strong><em>[Sacerdotes]</em></strong></span> <span class='ocrx_word' id='word_1_305' title='bbox 750 3784 936 3845; x_wconf 66' lang='lat' dir='ltr'><strong><em>Catholicae..</em></strong></span> <span class='ocrx_word' id='word_1_306' title='bbox 954 3783 1110 3834; x_wconf 71' lang='lat' dir='ltr'><strong><em>reconciliari</em></strong></span> <span class='ocrx_word' id='word_1_307' title='bbox 1128 3797 1185 3833; x_wconf 86' lang='lat' dir='ltr'><strong><em>enm</em></strong></span> 
     </span>
     <span class='ocr_line' id='line_1_36' title="bbox 150 3863 1185 3930; baseline -0.002 -14"><span class='ocrx_word' id='word_1_308' title='bbox 150 3866 260 3916; x_wconf 75' lang='lat' dir='ltr'><strong><em>Ecclesia</em></strong></span> <span class='ocrx_word' id='word_1_309' title='bbox 269 3866 404 3925; x_wconf 82' lang='lat' dir='ltr'><strong><em>Cstholies,</em></strong></span> <span class='ocrx_word' id='word_1_310' title='bbox 416 3902 423 3915; x_wconf 87' lang='lat'>.</span> <span class='ocrx_word' id='word_1_311' title='bbox 436 3904 441 3916; x_wconf 93' lang='lat'><em>.</em></span> <span class='ocrx_word' id='word_1_312' title='bbox 454 3903 460 3915; x_wconf 92' lang='lat'><strong>.</strong></span> <span class='ocrx_word' id='word_1_313' title='bbox 471 3867 592 3916; x_wconf 83' lang='lat' dir='ltr'><strong><em>interesse</em></strong></span> <span class='ocrx_word' id='word_1_314' title='bbox 610 3866 695 3915; x_wconf 82' lang='lat' dir='ltr'><strong><em>Missae</em></strong></span> <span class='ocrx_word' id='word_1_315' title='bbox 705 3883 711 3915; x_wconf 89' lang='lat'>:</span> <span class='ocrx_word' id='word_1_316' title='bbox 723 3866 817 3930; x_wconf 86' lang='lat' dir='ltr'><strong><em>jubent</em></strong></span> <span class='ocrx_word' id='word_1_317' title='bbox 834 3865 948 3929; x_wconf 65' lang='lat' dir='ltr'><strong><em>pressuri</em></strong></span> <span class='ocrx_word' id='word_1_318' title='bbox 961 3864 1137 3927; x_wconf 74' lang='lat' dir='ltr'><strong><em>juramentum</em></strong></span> <span class='ocrx_word' id='word_1_319' title='bbox 1153 3863 1185 3914; x_wconf 87' lang='lat' dir='ltr'><strong><em>do</em></strong></span> 
     </span>
     <span class='ocr_line' id='line_1_37' title="bbox 149 3945 1186 4012; baseline -0.002 -16"><span class='ocrx_word' id='word_1_320' title='bbox 149 3948 260 4012; x_wconf 74' lang='lat' dir='ltr'><strong><em>primatu</em></strong></span> <span class='ocrx_word' id='word_1_321' title='bbox 278 3945 353 4008; x_wconf 78' lang='lat' dir='ltr'><strong><em>Regis</em></strong></span> <span class='ocrx_word' id='word_1_322' title='bbox 374 3946 416 4009; x_wconf 90' lang='lat' dir='ltr'><strong><em>[in</em></strong></span> <span class='ocrx_word' id='word_1_323' title='bbox 433 3947 625 4011; x_wconf 57' lang='lat' dir='ltr'><strong><em>spiritualibus}</em></strong></span> <span class='ocrx_word' id='word_1_324' title='bbox 643 3947 706 3998; x_wconf 78' lang='lat' dir='ltr'><strong><em>vel.</em></strong></span> <span class='ocrx_word' id='word_1_325' title='bbox 726 3982 733 3997; x_wconf 86' lang='lat'><strong>.</strong></span> <span class='ocrx_word' id='word_1_326' title='bbox 752 3984 758 3997; x_wconf 90' lang='lat'><em>.</em></span> <span class='ocrx_word' id='word_1_327' title='bbox 774 3947 867 4010; x_wconf 84' lang='lat' dir='ltr'><strong><em>suscipi</em></strong></span> <span class='ocrx_word' id='word_1_328' title='bbox 888 3945 1063 4008; x_wconf 73' lang='lat' dir='ltr'><strong><em>juramentum</em></strong></span> <span class='ocrx_word' id='word_1_329' title='bbox 1083 3945 1115 3995; x_wconf 83' lang='lat' dir='ltr'><strong><em>de</em></strong></span> <span class='ocrx_word' id='word_1_330' title='bbox 1134 3959 1186 3994; x_wconf 90' lang='lat' dir='ltr'><strong><em>non</em></strong></span> 
     </span>
     <span class='ocr_line' id='line_1_38' title="bbox 148 4025 1186 4090; baseline -0.002 -13"><span class='ocrx_word' id='word_1_331' title='bbox 148 4026 258 4077; x_wconf 77' lang='lat' dir='ltr'><strong><em>curanda</em></strong></span> <span class='ocrx_word' id='word_1_332' title='bbox 264 4027 523 4076; x_wconf 76' lang='lat' dir='ltr'><strong><em>excommunicatione</em></strong></span> <span class='ocrx_word' id='word_1_333' title='bbox 534 4062 540 4075; x_wconf 93' lang='lat'>.</span> <span class='ocrx_word' id='word_1_334' title='bbox 552 4061 559 4074; x_wconf 87' lang='lat'><strong>.</strong></span> <span class='ocrx_word' id='word_1_335' title='bbox 572 4025 710 4087; x_wconf 84' lang='lat' dir='ltr'><strong><em>Pontificie,</em></strong></span> <span class='ocrx_word' id='word_1_336' title='bbox 721 4032 747 4076; x_wconf 87' lang='lat' dir='ltr'><strong><em>et</em></strong></span> <span class='ocrx_word' id='word_1_337' title='bbox 757 4027 808 4076; x_wconf 74' lang='lat' dir='ltr'><strong><em>slis</em></strong></span> <span class='ocrx_word' id='word_1_338' title='bbox 819 4063 826 4076; x_wconf 90' lang='lat'><strong>.</strong></span> <span class='ocrx_word' id='word_1_339' title='bbox 840 4062 846 4074; x_wconf 94' lang='lat'>.</span> <span class='ocrx_word' id='word_1_340' title='bbox 859 4063 865 4075; x_wconf 92' lang='lat'><em>.</em></span> <span class='ocrx_word' id='word_1_341' title='bbox 876 4025 966 4084; x_wconf 81' lang='lat' dir='ltr'><strong><em>mults,</em></strong></span> <span class='ocrx_word' id='word_1_342' title='bbox 976 4041 1031 4090; x_wconf 80' lang='lat' dir='ltr'><strong><em>quae</em></strong></span> <span class='ocrx_word' id='word_1_343' title='bbox 1042 4025 1075 4075; x_wconf 82' lang='lat' dir='ltr'><strong><em>sd</em></strong></span> <span class='ocrx_word' id='word_1_344' title='bbox 1087 4025 1186 4087; x_wconf 72' lang='lat' dir='ltr'><strong><em>religie</em></strong></span> 
     </span>
     <span class='ocr_line' id='line_1_39' title="bbox 149 4105 1185 4171; baseline -0.002 -15"><span class='ocrx_word' id='word_1_345' title='bbox 149 4122 207 4157; x_wconf 89' lang='lat' dir='ltr'><strong><em>nem</em></strong></span> <span class='ocrx_word' id='word_1_346' title='bbox 218 4108 354 4171; x_wconf 85' lang='lat' dir='ltr'><strong><em>portinent,</em></strong></span> <span class='ocrx_word' id='word_1_347' title='bbox 366 4143 373 4156; x_wconf 90' lang='lat'><strong>.</strong></span> <span class='ocrx_word' id='word_1_348' title='bbox 385 4143 391 4155; x_wconf 92' lang='lat'><strong>.</strong></span> <span class='ocrx_word' id='word_1_349' title='bbox 405 4144 410 4156; x_wconf 93' lang='lat'>.</span> <span class='ocrx_word' id='word_1_350' title='bbox 423 4108 514 4156; x_wconf 84' lang='lat' dir='ltr'><strong><em>merito</em></strong></span> <span class='ocrx_word' id='word_1_351' title='bbox 526 4106 578 4155; x_wconf 85' lang='lat' dir='ltr'><strong><em>dici</em></strong></span> <span class='ocrx_word' id='word_1_352' title='bbox 589 4111 694 4170; x_wconf 82' lang='lat' dir='ltr'><strong><em>possunt</em></strong></span> <span class='ocrx_word' id='word_1_353' title='bbox 705 4143 712 4156; x_wconf 88' lang='lat'><strong>.</strong></span> <span class='ocrx_word' id='word_1_354' title='bbox 723 4143 730 4154; x_wconf 89' lang='lat'><em>.</em></span> <span class='ocrx_word' id='word_1_355' title='bbox 743 4144 749 4155; x_wconf 91' lang='lat'>.</span> <span class='ocrx_word' id='word_1_356' title='bbox 761 4107 885 4171; x_wconf 84' lang='lat' dir='ltr'><strong><em>supplicio</em></strong></span> <span class='ocrx_word' id='word_1_357' title='bbox 896 4105 962 4156; x_wconf 80' lang='lat' dir='ltr'><strong><em>effici</em></strong></span> <span class='ocrx_word' id='word_1_358' title='bbox 973 4109 1075 4170; x_wconf 85' lang='lat' dir='ltr'><strong><em>proptor</em></strong></span> <span class='ocrx_word' id='word_1_359' title='bbox 1086 4105 1185 4167; x_wconf 85' lang='lat' dir='ltr'><strong><em>religio</em></strong></span> 
     </span>
     <span class='ocr_line' id='line_1_40' title="bbox 149 4185 1183 4253; baseline -0.004 -16"><span class='ocrx_word' id='word_1_360' title='bbox 149 4203 215 4249; x_wconf 85' lang='lat' dir='ltr'><strong><em>nem,</em></strong></span> <span class='ocrx_word' id='word_1_361' title='bbox 224 4189 267 4251; x_wconf 89' lang='lat' dir='ltr'><strong><em>qni</em></strong></span> <span class='ocrx_word' id='word_1_362' title='bbox 279 4191 382 4253; x_wconf 85' lang='lat' dir='ltr'><strong><em>propter</em></strong></span> <span class='ocrx_word' id='word_1_363' title='bbox 392 4187 613 4249; x_wconf 74' lang='lat' dir='ltr'><strong><em>transgressionem</em></strong></span> <span class='ocrx_word' id='word_1_364' title='bbox 623 4186 745 4250; x_wconf 85' lang='lat' dir='ltr'><strong><em>ejusmodi</em></strong></span> <span class='ocrx_word' id='word_1_365' title='bbox 756 4187 843 4250; x_wconf 81' lang='lat' dir='ltr'><strong><em>legum</em></strong></span> <span class='ocrx_word' id='word_1_366' title='bbox 855 4222 875 4236; x_wconf 88' lang='lat'><strong><em>..</em></strong></span> <span class='ocrx_word' id='word_1_367' title='bbox 886 4222 892 4234; x_wconf 92' lang='lat'>.</span> <span class='ocrx_word' id='word_1_368' title='bbox 904 4186 1028 4250; x_wconf 85' lang='lat' dir='ltr'><strong><em>supplicio</em></strong></span> <span class='ocrx_word' id='word_1_369' title='bbox 1034 4185 1183 4236; x_wconf 71' lang='lat' dir='ltr'><strong><em>efficiuntur.</em></strong></span> 
     </span>
     <span class='ocr_line' id='line_1_41' title="bbox 147 4265 1015 4333; baseline 0 -16"><span class='ocrx_word' id='word_1_370' title='bbox 147 4268 244 4318; x_wconf 87' lang='lat' dir='ltr'><strong><em>—Bell</em></strong></span> <span class='ocrx_word' id='word_1_371' title='bbox 257 4269 331 4332; x_wconf 78' lang='lat' dir='ltr'><strong><em>Apol.</em></strong></span> <span class='ocrx_word' id='word_1_372' title='bbox 342 4284 388 4333; x_wconf 86' lang='lat' dir='ltr'><strong><em>pro</em></strong></span> <span class='ocrx_word' id='word_1_373' title='bbox 399 4268 486 4333; x_wconf 83' lang='lat' dir='ltr'><strong><em>Besp.]</em></strong></span> <span class='ocrx_word' id='word_1_374' title='bbox 499 4283 523 4332; x_wconf 87' lang='lat' dir='ltr'><strong><em>p.</em></strong></span> <span class='ocrx_word' id='word_1_375' title='bbox 536 4269 590 4319; x_wconf 86' lang='grc'><strong>179.</strong></span> <span class='ocrx_word' id='word_1_376' title='bbox 607 4267 675 4332; x_wconf 88' lang='lat' dir='ltr'><strong><em>[Op.‚</em></strong></span> <span class='ocrx_word' id='word_1_377' title='bbox 686 4272 748 4318; x_wconf 87' lang='lat' dir='ltr'><strong><em>tom.</em></strong></span> <span class='ocrx_word' id='word_1_378' title='bbox 759 4268 802 4318; x_wconf 85' lang='lat' dir='ltr'><strong><em>rii.</em></strong></span> <span class='ocrx_word' id='word_1_379' title='bbox 814 4268 860 4318; x_wconf 85' lang='lat' dir='ltr'><strong><em>ool.</em></strong></span> <span class='ocrx_word' id='word_1_380' title='bbox 870 4271 926 4319; x_wconf 75' lang='lat'><strong>806.</strong></span> <span class='ocrx_word' id='word_1_381' title='bbox 939 4267 967 4317; x_wconf 77' lang='lat' dir='ltr'>R</span> <span class='ocrx_word' id='word_1_382' title='bbox 977 4265 1015 4332; x_wconf 82' lang='grc'><strong><em>0.]</em></strong></span> 
     </span>
    </p>
   </div>
   <div class='ocr_carea' id='block_1_5' title="bbox 85 4366 1302 4552">
    <p class='ocr_par' dir='ltr' id='par_1_8' title="bbox 85 4366 1302 4552">
     <span class='ocr_line' id='line_1_42' title="bbox 130 4366 1291 4451; baseline 0.001 -22"><span class='ocrx_word' id='word_1_383' title='bbox 130 4367 266 4431; x_wconf 85' lang='lat' dir='ltr'><strong><em>Saevitiae</em></strong></span> <span class='ocrx_word' id='word_1_384' title='bbox 281 4368 461 4451; x_wconf 90' lang='lat' dir='ltr'><strong><em>opinionem</em></strong></span> <span class='ocrx_word' id='word_1_385' title='bbox 486 4389 505 4430; x_wconf 84' lang='lat' dir='ltr'><strong><em>s</em></strong></span> <span class='ocrx_word' id='word_1_386' title='bbox 525 4368 610 4449; x_wconf 84' lang='lat' dir='ltr'><strong><em>Repe</em></strong></span> <span class='ocrx_word' id='word_1_387' title='bbox 631 4367 766 4446; x_wconf 86' lang='lat' dir='ltr'><strong><em>emoliri,</em></strong></span> <span class='ocrx_word' id='word_1_388' title='bbox 782 4367 866 4430; x_wconf 91' lang='lat' dir='ltr'><strong><em>nihil</em></strong></span> <span class='ocrx_word' id='word_1_389' title='bbox 880 4388 978 4449; x_wconf 86' lang='lat' dir='ltr'><strong><em>opus:</em></strong></span> <span class='ocrx_word' id='word_1_390' title='bbox 1002 4366 1059 4429; x_wconf 87' lang='lat' dir='ltr'><strong><em>sed</em></strong></span> <span class='ocrx_word' id='word_1_391' title='bbox 1081 4385 1142 4429; x_wconf 88' lang='lat' dir='ltr'><strong><em>nee</em></strong></span> <span class='ocrx_word' id='word_1_392' title='bbox 1163 4377 1291 4442; x_wconf 63' lang='lat' dir='ltr'><strong><em>smum</em></strong></span> 
     </span>
     <span class='ocr_line' id='line_1_43' title="bbox 85 4468 1302 4552; baseline 0.003 -19"><span class='ocrx_word' id='word_1_393' title='bbox 85 4470 203 4552; x_wconf 83' lang='lat' dir='ltr'><strong><em>Repina</em></strong></span> <span class='ocrx_word' id='word_1_394' title='bbox 219 4469 380 4549; x_wconf 77' lang='lat' dir='ltr'><strong><em>delimate,</em></strong></span> <span class='ocrx_word' id='word_1_395' title='bbox 396 4470 461 4533; x_wconf 85' lang='lat' dir='ltr'><strong><em>nisi</em></strong></span> <span class='ocrx_word' id='word_1_396' title='bbox 476 4490 532 4534; x_wconf 89' lang='lat' dir='ltr'><strong><em>vos</em></strong></span> <span class='ocrx_word' id='word_1_397' title='bbox 550 4469 738 4534; x_wconf 80' lang='lat' dir='ltr'><strong><em>clamatores</em></strong></span> <span class='ocrx_word' id='word_1_398' title='bbox 756 4469 858 4534; x_wconf 90' lang='lat' dir='ltr'><strong><em>odiosi</em></strong></span> <span class='ocrx_word' id='word_1_399' title='bbox 879 4489 916 4533; x_wconf 84' lang='lat' dir='ltr'><strong><em>ee</em></strong></span> <span class='ocrx_word' id='word_1_400' title='bbox 933 4468 1062 4533; x_wconf 90' lang='lat' dir='ltr'><strong><em>molesti</em></strong></span> <span class='ocrx_word' id='word_1_401' title='bbox 1083 4469 1181 4532; x_wconf 87' lang='lat' dir='ltr'><strong><em>finem</em></strong></span> <span class='ocrx_word' id='word_1_402' title='bbox 1237 4472 1302 4537; x_wconf 87' lang='grc'><strong><em>317</em></strong></span> 
     </span>
    </p>
   </div>
   <div class='ocr_carea' id='block_1_6' title="bbox 0 0 1460 4926">
    <p class='ocr_par' dir='ltr' id='par_1_9' title="bbox 0 0 1460 4926">
     <span class='ocr_line' id='line_1_44' title="bbox 0 0 1460 4926; baseline 0 0"><span class='ocrx_word' id='word_1_403' title='bbox 0 0 1460 4926; x_wconf 95' lang='lat' dir='ltr'><strong><em> </em></strong></span> 
     </span>
    </p>
   </div>
  </div>
 </body>
</html>
