2910 4926
296 269 361 330 436
613 281 654 330 m
676 281 866 330 eunomius
887 281 1087 331 anmmmm

133 447 265 565 &Sigillum
342 435 407 498 Sed
420 434 503 499 bene
517 435 623 515 habet,
640 437 726 520 quod
743 459 805 500 aaa
824 439 948 519 iprwrat
964 439 1033 521 jam
1049 434 1235 512 cardinalis,
1252 433 1402 516 sipulum

135 512 254 631 asslloen
300 537 508 619 Confesaioaia
528 561 591 603 eae
607 541 852 604 sacramentalia
871 562 964 622 posse
979 541 1089 622 detegi,
1112 540 1156 601 ad
1174 541 1283 620 iapene
1301 537 1402 600 deiri»

136 642 287 709 quibusdam
298 649 431 706 meatum
446 644 655 723 avertendam,
670 645 758 707 modo
772 665 905 726 peream
920 643 1093 725 confitentia
1107 643 1286 705 reticeatur.
1309 640 1402 703 Nam

131 711 232 842 ῒᾷξῖδ
297 745 352 811 hic
376 748 484 829 inperia
508 747 724 810 detrimentum
749 745 823 824 fuit,
850 747 935 830 quod
965 749 1065 809 averti
1088 768 1176 830 opus,
1204 752 1237 808 et
1259 763 1404 826 persono

112 840 236 905 ιᾱθιθέῑ]
297 852 423 914 reticeri
444 857 577 933 poterat.
622 852 689 915 Cur
706 872 782 934 ergo
802 851 943 930 sigillum
958 850 1120 913 detectum
1143 870 1208 912 non
1223 848 1296 911 est?
1343 847 1404 909 In·

298 961 396 1017 staret
410 954 498 1017 enim
514 956 592 1032 Rex,
608 963 736 1038 urgeret
751 955 849 1017 etiam
864 954 904 1017 de
923 975 1057 1036 persona
1071 950 1257 1034 detegenda,
1273 949 1404 1031 rapien-

298 1057 357 1120 dus
380 1066 489 1120 autem
510 1057 544 1119 in
559 1057 687 1120 vincula
703 1058 888 1135 Gamettus,
905 1056 1160 1138 exquisitissimis
1175 1052 1347 1119 tormentis
1363 1050 1404 1114 de

299 1181 338 1224 eo
371 1159 504 1243 quaestio
532 1159 687 1224 habenda
733 1161 827 1223 Nihil
850 1182 938 1242 opus.
991 1160 1068 1223 Non
1098 1158 1297 1222 convenisset
1331 1156 1403 1238 ipse

299 1265 439 1347 Regem:
463 1285 519 1346 per
539 1263 646 1327 literas
668 1286 740 1327 suas
755 1286 772 1327 e
787 1264 910 1328 latebra
924 1286 982 1326 sna
995 1263 1180 1340 monuisset,
1196 1261 1293 1344 idque
1309 1259 1350 1322 (le
1366 1281 1403 1322 re

300 1367 406 1445 modo,
427 1388 564 1449 persona
590 1368 761 1450 praeterita,
784 1389 846 1451 qua
870 1367 910 1430 ad
936 1369 1059 1450 Regem
1082 1365 1254 1451 praeterita,
1277 1386 1342 1446 qua
1362 1364 1404 1426 ad

302 1493 335 1535 se
357 1471 555 1555 praemonita,
575 1479 611 1535 ut
626 1480 751 1535 mature
771 1493 806 1535 se
827 1472 933 1555 aliquo
953 1471 1155 1535 subduceret
1200 1471 1246 1534 At
1270 1468 1297 1531 si
1313 1489 1403 1531 com·

302 1576 477 1660 prehensus
504 1577 704 1640 Gamettus?
749 1577 805 1654 At,
836 1597 877 1640 ne
903 1575 1131 1658 comprehendi
1156 1579 1265 1657 posset
1291 1572 1404 1654 igitur,

248 1682 253 1697 '
302 1687 340 1742 ut
349 1687 439 1742 extra
454 1680 556 1758 aleam
566 1700 694 1742 omnem
704 1685 797 1757 esset,
810 1678 988 1762 trajecisset
1003 1678 1119 1761 aliquo,
1130 1677 1180 1740 rel
1194 1676 1228 1738 in
1240 1674 1405 1758 Belgium.

303 1782 352 1845 Ae
367 1781 416 1844 vel
431 1781 467 1844 in
481 1780 578 1844 maris
593 1782 741 1865 trajectu,
751 1802 789 1844 ex
803 1781 874 1865 ipso
888 1788 959 1844 tum
976 1788 1081 1864 portu,
1097 1779 1148 1842 vel
1162 1777 1237 1840 inde
1253 1798 1272 1840 e
1287 1776 1408 1860 Belgio

302 1892 376 1968 post
390 1885 572 1968 trajectum,
594 1884 696 1948 scelus
718 1884 901 1962 indicasset,
918 1883 975 1947 ubi
995 1882 1171 1967 periculum
1186 1881 1314 1944 nullum
1335 1881 1406 1964 jam

304 1987 504 2050 vinculorum
530 1987 580 2049 vel
610 1988 805 2071 quaestionis.
851 1988 958 2053 Quam
987 1986 1081 2050 facile
1108 1985 1197 2048 factu
1221 1985 1293 2061 hoc,
1318 1985 1405 2046 viam

304 2091 396 2168 inire,
413 2090 452 2154 de
474 2112 509 2154 re
531 2091 599 2153 sine
620 2091 765 2173 personis
787 2090 968 2168 revelanda,
993 2111 1054 2153 nec
1075 2089 1142 2153 ullo
1164 2109 1237 2151 cum
1260 2087 1407 2170 periculo

305 2214 373 2271 suo,
392 2194 419 2256 si
435 2194 470 2256 in
486 2195 645 2257 Garnetto
659 2194 745 2257 bona
760 2215 862 2271 mens,
884 2194 910 2256 si
927 2194 1008 2257 serio
1023 2193 1237 2256 detrinentum
1253 2197 1405 2267 avertere,

306 2296 475 2360 sitantum
489 2317 656 2377 paronam
675 2298 805 2359 reticere
819 2297 980 2375 voluisset,
1003 2296 1030 2359 si
1047 2317 1114 2360 non
1131 2293 1301 2375 consectam
1323 2315 1405 2370 rem,

307 2422 401 2482 quam
418 2400 569 2463 detectam
583 2401 768 2463 maluisset?

144 2516 268 2582 [darneto
350 2503 399 2565 Ea
423 2502 552 2586 quidem
579 2502 661 2584 Regi
687 2524 706 2565 a
730 2509 849 2565 natura
870 2501 994 2565 indoles
1015 2506 1073 2579 est,
1108 2501 1136 2563 is
1158 2504 1313 2583 perpetuo
1335 2519 1406 2561 mos

142 2582 280 2708 ffifflffi
307 2604 378 2681 fuit,
396 2604 490 2686 quod,
507 2605 578 2687 quis
594 2605 623 2666 ei
639 2626 677 2666 ex
693 2605 895 2667 conscientiae
911 2603 1041 2666 stimulo
1055 2603 1141 2666 ultro
1156 2603 1196 2665 de
1212 2623 1245 2664 se
1260 2623 1404 2684 unquam

143 2712 277 2762 condonas
307 2707 471 2769 confessus
483 2715 540 2784 est,
551 2716 590 2769 ut
602 2728 726 2789 semper
740 2708 872 2790 impune
881 2707 1001 2784 tulerit,
1017 2728 1077 2769 nec
1092 2705 1196 2768 fraudi
1211 2705 1244 2768 id
1254 2705 1403 2786 cuiquam

142 2774 203 2838 m]
305 2810 411 2872 suerit.
458 2811 592 2873 Parcere
615 2818 700 2872 amat
723 2832 790 2872 rem
812 2810 946 2873 candide
966 2809 1148 2892 proferenti.
1196 2810 1287 2890 Saepe
1307 2807 1343 2870 id
1364 2806 1405 2868 ab

306 2934 344 2975 eo
359 2912 480 2975 factum
492 2919 525 2975 et
540 2913 660 2990 multis,
677 2934 736 2976 nec
749 2936 785 2976 ex
802 2915 922 2996 coquis
938 2915 972 2976 in
984 2913 1155 2976 discrimen
1171 2912 1330 2974 adductus
1346 2917 1403 2986 est,

307 3015 391 3098 quod
406 3015 527 3078 crimen
547 3015 588 3077 ad
604 3038 688 3094 eum,
704 3017 754 3079 vel
774 3017 808 3079 in
828 3025 923 3099 caput
943 3038 1052 3092 suum,
1064 3038 1101 3078 ex
1122 3014 1249 3078 sceleris
1265 3013 1405 3076 detesta-

306 3119 394 3182 tione
417 3118 593 3182 detulisset.
641 3120 732 3182 Idem
755 3128 787 3181 et
804 3121 963 3183 Garnetto
985 3119 1131 3182 futurum
1153 3118 1225 3193 suit,
1245 3117 1298 3180 cui
1318 3123 1404 3179 certa

305 3225 406 3286 veniae
422 3245 502 3305 spec,
520 3223 547 3285 si
567 3232 675 3305 aperte
691 3232 723 3285 et
738 3223 878 3305 ingenue
896 3224 977 3306 Regi
992 3244 1057 3285 rem
1072 3223 1251 3303 aperuisset.
1297 3219 1404 3282 Fecis-

306 3333 365 3403 set,
387 3325 413 3387 si
430 3325 600 3408 quicquam
618 3324 653 3386 in
669 3347 706 3388 eo
721 3325 814 3388 bonae
829 3327 947 3388 mentis
962 3326 1085 3403 fuisset,
1103 3345 1200 3406 seque
1216 3332 1250 3385 et
1264 3322 1403 3404 reliquos

293 3450 371 3490 -una
400 3429 551 3505 conscios,
583 3449 646 3509 qua
674 3435 747 3510 post
776 3427 918 3505 luebant,
952 3427 1064 3510 eapitis
1100 3447 1196 3509 poena
1225 3424 1401 3488 liberasset.

306 3532 509 3611 Quanquam,
527 3552 598 3612 quae
613 3530 652 3592 de
670 3530 726 3592 illo
749 3541 830 3610 s'pes,
853 3531 879 3591 si
895 3537 985 3592 extra
1000 3530 1177 3610 questionis
1195 3534 1319 3589 metum
1336 3548 1403 3589 om·

304 3653 379 3695 nem
394 3634 518 3715 positus
534 3633 659 3710 fuisset,
675 3633 843 3713 (iussurum
860 3632 958 3694 fuisse
970 3655 1049 3710 rem,
1065 3639 1121 3695 aut
1134 3631 1304 3713 quicquam
1321 3629 1405 3693 bona

304 3736 368 3798 fide
390 3735 573 3814 facturum)
595 3757 689 3818 quem
706 3743 832 3798 constat
848 3757 954 3798 orasse
975 3743 1007 3798 et
1030 3734 1179 3817 privatim
1202 3733 1287 3815 apud
1311 3755 1356 3810 se,
1373 3741 1405 3794 et

304 3858 378 3901 vero
405 3838 533 3920 publice
563 3860 620 3921 pro
647 3839 809 3915 concione,
834 3839 932 3901 etiam
963 3838 1071 3901 Missis
1102 3839 1185 3901 circa
1214 3836 1246 3899 id
1277 3845 1405 3918 tempus

305 3941 399 4003 solito
416 3940 561 4004 devotius
583 3963 619 4003 ac
635 3941 820 4023 diligentius
843 3940 1036 4017 incubuisse,
1054 3962 1114 4003 nec
1130 3941 1228 4002 alium
1244 3938 1279 4000 in
1295 3939 1405 4015 finem,

305 4065 400 4127 quam
416 4052 453 4106 ut
469 4043 544 4106 felix
559 4044 682 4126 pulveri
699 4044 892 4121 incendium,
909 4044 942 4106 id
958 4050 1015 4120 est,
1029 4044 1151 4106 exitum
1164 4041 1275 4105 sceleri
1291 4063 1406 4105 secun-

304 4147 382 4208 dum
397 4146 609 4228 impetraret?

336 4296 408 4345 Licet
420 4334 425 4344 .
438 4334 443 4344 .
456 4333 462 4344 .
476 4296 645 4359 proditionem
665 4297 692 4344 in
710 4297 886 4346 sacramentali
904 4297 1064 4346 consessione
1083 4299 1210 4360 cognitam
1229 4295 1314 4344 verbis
1337 4312 1409 4358 gene

368 4378 463 4426 ralibus
475 4377 618 4426 Christiano
629 4382 654 4426 et
667 4379 709 4439 pio
725 4378 835 4440 Principi
853 4381 957 4441 aperire,
975 4385 1003 4427 ut
1021 4379 1159 4427 remedium
1178 4378 1325 4426 imminenti
1342 4379 1408 4426 nmlo

370 4464 447 4521 paret.
461 4461 520 4522 quia
537 4475 582 4522 pro
593 4465 720 4523 comperto
732 4461 845 4519 liabetur,
858 4476 915 4509 eum
934 4461 1076 4524 Principem
1095 4461 1160 4510 nihil
1173 4460 1238 4509 ultra
1254 4459 1290 4508 tas
1302 4460 1409 4509 interro-
