2910 4926
416 273 600 322 aronoonu
638 275 819 324 nssronsro.
1113 266 1179 327 289

156 430 226 476 matu
239 426 364 478 Romanos
373 428 509 479 Pontifices
521 431 544 479 S.
555 430 628 479 Petro
640 430 778 490 succedere,
785 430 808 481 is
815 430 855 495 [ii]
864 431 939 482 tidem
950 433 1104 485 catholicam
1117 441 1193 498 negat

156 507 278 572 [negant]
313 510 361 560 ld.
374 546 380 559 .
393 549 397 559 .
412 526 463 560 non
480 511 648 562 Bollarminus
667 515 750 561 solum
766 513 854 577 [solus]
871 515 1004 578 probatum
1025 515 1137 579 reliquit,
1148 517 1192 566 scd

156 589 260 653 plurimi
271 591 316 640 alii
328 592 449 642 Doctores
467 592 598 652 Catholici,
616 600 691 658 atque
705 595 772 644 inter
789 595 852 644 alios
864 594 889 644 N
891 596 921 645 ic.
930 595 1191 660 Sanderus·.-[Bell.

156 673 228 735 Apol.
242 688 287 736 pro
297 673 368 738 Rcap.
380 677 467 739 p.120.
480 675 546 740 [Op.,
557 679 618 724 tom.
631 676 675 724 rii.
687 675 744 725 coll.
756 675 811 727 771.
825 676 892 727 (1.1).
905 676 960 729 772,
970 676 1013 742 A.]

133 771 278 835 Ventum
294 780 352 850 est,
369 772 409 836 ab
425 774 562 835 avomlio
579 774 727 836 Romana
741 773 781 836 ad
797 775 983 855 superbiam,
1000 797 1019 838 a
1034 776 1190 858 Parpolo·
1207 782 1346 843 [Primatus

89 876 148 954 rio,
161 875 247 939 unde
263 877 398 954 lucrum,
415 877 456 940 ad
466 878 642 939 Primatum
655 879 756 955 Petri,
768 878 856 941 unde
871 879 974 942 fastus
986 879 1188 943 Pontificum.
1203 846 1326 963 {05}th

90 983 208 1045 Arcem
224 982 353 1066 quidem
370 984 524 1046 Romanae
540 1003 654 1060 causae,
671 1004 730 1046 nec
739 984 933 1065 precipuum
948 993 1059 1048 tamen
1074 987 1190 1049 arlico·
1203 976 1342 1041 articulus]

91 1088 163 1163 lum,
189 1087 228 1150 de
253 1108 315 1170 quo
341 1087 391 1165 lis,
418 1087 563 1170 nisique
586 1086 713 1149 advos.
765 1087 827 1150 Sed
850 1088 900 1169 (ut
925 1110 943 1150 a
967 1088 1056 1152 vobis
1082 1088 1191 1173 inique

90 1201 309 1274 comparatum
329 1193 397 1276 jam
421 1192 480 1273 est)
500 1191 619 1255 Caesari
636 1190 841 1274 Regibusque
860 1191 1018 1275 praecipue
1036 1193 1190 1275 Symbolo
1263 1174 1270 1192 ⁸

90 1303 195 1359 vestro
210 1317 291 1359 novo
306 1295 521 1359 eximendum.
566 1295 638 1358 Nec
653 1295 687 1357 id
702 1303 811 1358 tamen
826 1295 981 1377 estfidsm
1000 1296 1191 1359 Catholicam
1246 1290 1311 1354 210

90 1418 213 1478 aspare,
236 1398 336 1481 siquis
360 1399 393 1460 S.
411 1398 542 1461 Petrum
564 1398 715 1461 Ecclesia
743 1398 853 1479 Capul,
877 1419 951 1461 cum
975 1421 1134 1482 nusquam
1156 1399 1191 1462 in

91 1502 265 1585 Evangelio
290 1502 414 1585 legerit,
430 1502 539 1564 nullus
560 1500 693 1565 dixerit:
720 1502 746 1564 si
762 1523 838 1565 voce
859 1501 1028 1579 abstineat,
1045 1524 1140 1585 quam
1156 1502 1192 1565 in

91 1627 181 1668 saera
201 1605 317 1689 pagina
340 1604 479 1688 reperire
503 1610 649 1668 nonest.
696 1605 760 1668 Sed
782 1626 898 1688 neque,
924 1604 951 1667 si
966 1605 1143 1667 Primatum
1158 1606 1192 1668 in

90 1710 256 1790 Apostolos
279 1709 512 1771 tolosanos
536 1708 661 1786 dixerit,
681 1709 775 1791 (inter
798 1709 965 1789 Apostolos
989 1707 1102 1788 fortezl
1131 1709 1192 1771 etsi

90 1812 222 1876 alterius
236 1810 306 1875 haec
321 1812 382 1876 loci
397 1817 479 1875 sint:
503 1834 540 1875 ac
559 1813 628 1897 jam
648 1811 742 1875 nobis
762 1833 829 1875 non
849 1811 889 1875 de
904 1812 1051 1874 Primulo
1066 1813 1135 1895 ejus
1151 1811 1191 1874 lis

91 1916 141 1994 sit,
164 1916 220 1979 sed
250 1916 394 1979 terrestri
424 1915 625 1993 Monarchia,
654 1937 761 1998 quam,
787 1935 853 1978 non
879 1915 912 1976 in
936 1916 1112 1996 Apostolos,
1136 1914 1192 1977 sed

94 2019 190 2102 Rupes
208 2019 351 2081 Gentium
371 2018 557 2081 exercuerit.
604 2017 672 2081 Ubi
686 2017 774 2081 vobis
795 2038 855 2080 nec
878 2016 919 2079 ad
940 2017 1052 2080 horam
1073 2016 1192 2079 cessuri

91 2122 225 2185 sumus‘.
270 2123 316 2184 At
333 2122 531 2184 Successores
545 2121 667 2197 holme,
683 2120 727 2198 in,
740 2122 790 2182 vel
803 2121 991 2201 Apostolotu
1005 2139 1070 2196 sao,
1085 2120 1143 2196 vel,
1158 2120 1193 2181 in

90 2225 265 2305 Apostolos
275 2225 418 2305 pmmalo
439 2224 594 2286 Romanos
611 2224 804 2305 Episcopos;
829 2223 864 2285 id
885 2243 960 2287 vcro
980 2223 1037 2302 (ita
1055 2230 1105 2284 est
1123 2242 1192 2284 om-

90 2329 180 2410 nino)
195 2350 252 2411 per
265 2329 445 2411 quingentos
460 2328 596 2411 amplius
611 2349 712 2390 annos
727 2328 761 2389 in
767 2327 836 2409 fide
848 2327 1010 2389 Calloolico
1026 2325 1192 2387 articulum

89 2433 185 2494 allum
196 2432 304 2508 fuisse,
317 2452 537 2514 pernegamus.
570 2431 642 2495 Nec
652 2429 900 2513 Carthaginensi
913 2431 1030 2493 Sentou
1044 2428 1084 2491 ad
1096 2427 1191 2490 fidem
1205 2449 1251 2564 gn
1263 2450 1337 2501 cona

90 2533 255 2616 spectabat
271 2534 403 2617 quaestio
418 2534 503 2597 haec:
529 2533 585 2597 sed
600 2535 683 2597 iuter
698 2536 814 2597 Polres
835 2533 882 2597 ibi
902 2533 1002 2597 libere
1018 2533 1188 2616 disputata
1204 2516 1334 2644 dffissli·

91 2641 286 2704 Conclusum
310 2647 418 2703 autem
445 2650 557 2704 eontra
580 2643 772 2704 Romanum.
820 2643 883 2704 Pro
909 2663 972 2725 qua
993 2640 1061 2720 fide
1084 2645 1266 2709 vestram]

89 2744 195 2806 venali
209 2742 372 2807 reddenda
387 2742 538 2826 quicquid
550 2743 656 2806 afferri
668 2745 783 2826 potuit,
795 2743 922 2807 abunde
937 2744 1114 2807 refutatum
1129 2752 1189 2822 est,

90 2848 188 2912 etiam
203 2847 388 2931 priusquam
401 2847 627 2924 Bellarminus,
643 2867 679 2910 ac
694 2847 744 2909 vel
759 2846 933 2924 SanderuS,
944 2847 1078 2910 verbum
1093 2848 1190 2930 scrip-

89 2952 217 3015 titasset
226 2977 236 3029 3
262 2950 316 3034 qui
331 2950 494 3023 corniculo
514 2948 611 3012 modo
627 2956 704 3012 sunt
714 2944 849 3030 furtiuis
865 2950 1000 3013 aliorum
1016 2949 1191 3012 coloribus'

90 3055 222 3132 vestitae,
239 3075 299 3117 nec
323 3053 363 3116 de
379 3075 435 3116 suo
450 3052 524 3114 novi
545 3052 716 3135 quicquam
740 3052 930 3116 attulerunt.
976 3053 1022 3116 At
1038 3074 1190 3136 quorsum

90 3159 143 3223 hic
157 3180 277 3222 nomen
294 3157 451 3221 Sanderi?
482 3156 652 3237 Numquid
667 3162 700 3217 et
718 3154 880 3217 Sanderus
894 3156 977 3218 inter
992 3157 1117 3231 Patres,
1134 3165 1190 3219 aut

89 3262 176 3325 intra
187 3264 328 3326 seculum
342 3261 507 3341 quintum?
538 3259 610 3320 Imo
624 3277 684 3320 nec
696 3257 845 3319 demotum
854 3257 1002 3338 quintum.
1036 3257 1099 3320 Sed
1112 3280 1190 3341 quo-

90 3387 216 3450 cunque
227 3366 338 3428 soeculo
349 3364 489 3440 demum,
502 3362 607 3424 saculi
622 3359 671 3423 sui
683 3359 830 3438 dedecus,
843 3381 903 3423 nec
911 3361 961 3423 vel
974 3361 1189 3425 nominandus

89 3468 152 3546 hic,
168 3469 232 3531 nisi
255 3467 329 3552 quia
344 3466 567 3529 Hierorclo'am
592 3463 714 3546 primus
738 3462 875 3525 mutavit
900 3461 936 3524 in
959 3463 1188 3542 Monarcllam,

91 3593 187 3655 quem
209 3593 275 3655 prae
300 3571 423 3634 caeteris
449 3569 521 3632 ideo
547 3567 660 3650 selegit
685 3565 875 3643 cardinalis,
897 3565 954 3629 sed
979 3564 1014 3628 in
1035 3587 1190 3648 magnum

91 3675 245 3738 doctrinae
260 3695 326 3737 suae
344 3672 558 3756 opprobrium,
574 3670 626 3734 cui
638 3677 802 3733 auctorem
822 3669 950 3732 nullum
965 3668 1112 3732 nominat
1127 3669 1191 3732 nisi

89 3785 219 3860 turpem
248 3776 453 3860 proditorem.
499 3774 685 3852 Perduellis,
709 3774 744 3836 in
759 3773 985 3854 perduellionis
1011 3784 1086 3836 actu
1109 3773 1188 3856 ipso,

90 3890 182 3944 actus
196 3881 232 3944 in
245 3880 377 3957 rabiem,
400 3879 435 3941 in
453 3877 523 3960 ipsa
541 3877 630 3940 rabie
653 3877 757 3954 simul,
774 3883 806 3939 et
823 3875 1036 3956 perduellione
1058 3875 1190 3939 obtrun-

90 3994 216 4064 catus',
237 3986 265 4048 is
287 3984 417 4048 demum
440 3982 543 4065 gravis
560 3987 673 4045 auctor
694 3990 727 4045 et
749 3981 884 4044 idoneus
900 3980 1093 4043 Monorekim
1115 3980 1191 4044 huic

91 4088 257 4152 Pontificis
273 4085 483 4152 exstruenda.

123 4239 233 4353 ⁸{Vide
253 4239 393 4291 Sardorum
411 4237 442 4287 de
462 4236 544 4286 Visib.
566 4235 617 4286 Mo
693 4243 704 4265 '
731 4233 768 4283 Ol.
781 4234 869 4284 Horat
882 4234 963 4298 Epist
975 4233 995 4282 1.
1007 4237 1029 4283 3.
1042 4231 1092 4296 tu]

89 4318 151 4354 nare
170 4304 187 4369 .]
693 4308 710 4330 '¹
735 4299 771 4349 De
783 4300 865 4349 Morte
876 4298 990 4358 Sandan,
999 4297 1043 4360 qui
1054 4297 1127 4356 lame,
1139 4311 1190 4346 non

123 4372 131 4400 ²
149 4369 216 4429 [Gal.
228 4370 255 4418 ii.
265 4368 301 4431 5.]
662 4365 738 4423 rabie,
751 4365 835 4428 periit,
847 4364 905 4414 ride
917 4363 1034 4413 Rishtoni
1047 4361 1145 4410 Proui.
1158 4361 1190 4410 ad

125 4441 136 4464 ⁸
153 4434 238 4498 [conc.
258 4432 343 4484 Carth.
354 4431 497 4482 vi—Oonc.
520 4436 581 4481 tom.
591 4431 618 4480 ii.
663 4429 802 4478 Sandcmm
815 4429 847 4479 ds
861 4427 968 4477 Schism
979 4426 1064 4488 Aegl..
1084 4430 1110 4476 st
1121 4426 1190 4477 Cam·

90 4496 339 4561 scilliti—1598]
663 4493 723 4544 deni
734 4494 854 4555 maara,
865 4507 917 4556 par.
929 4492 966 4542 ili.
985 4507 1009 4556 p.
1021 4489 1088 4554 tlt]

134 4593 378 4633 aronam-arar.
913 4591 936 4638 p
