2910 4926
249 264 316 326 254
566 278 609 325 an
631 278 820 326 eunomius
842 278 1040 325 annianum

251 440 334 519 post,
350 434 423 497 Noa
431 435 566 516 potestis
582 435 709 497 calicem
723 435 851 497 Domini
866 434 975 513 bibere,
992 440 1023 497 et
1037 434 1164 496 calicem
1174 434 1354 497 Damania·

250 550 351 601 ram&
396 537 534 601 Perinde
557 537 597 600 de
619 538 722 600 Colice
746 536 873 600 bibendo
898 537 1063 614 sollicitus,
1085 558 1180 618 quam
1206 537 1247 601 de
1264 558 1354 619 pane

251 641 477 704 manducando.
523 639 647 706 Quodsi
675 647 793 718 autem,
820 640 875 702 aab
898 641 998 721 miecio
1015 640 1112 721 panis
1136 639 1191 716 sie,
1217 640 1267 720 (ut
1289 640 1350 722 ais)

250 744 404 826 iateymm
420 744 656 807 Sacramentum
669 747 735 815 cst,·
757 742 894 806 eumad
917 743 1161 805 Sacramentum
1183 742 1352 806 deseendit

253 845 417 924 Sacerdos,
438 866 496 909 cur
515 846 635 928 iatcaro
660 851 833 909 contentus
852 866 918 909 non
940 845 1007 909 sit?
1028 846 1102 929 plus
1124 847 1244 929 iatcyro
1271 844 1350 928 quid

251 970 330 1032 opus
353 955 403 1012 est
425 948 555 1011 sumat?
579 969 636 1010 cur
659 947 744 1030 quod
768 948 886 1031 populo
907 950 1060 1031 iatepmm
1083 956 1143 1027 est,
1163 949 1212 1011 illi
1233 948 1351 1011 itidem

251 1051 404 1116 nonsit?
427 1058 484 1115 aut
503 1073 566 1135 quo
589 1050 661 1114 illos
685 1057 854 1119 contentos
878 1072 948 1114 esse
968 1052 1072 1136 jubet,
1095 1052 1163 1135 ipse
1184 1073 1251 1115 non
1274 1052 1349 1114 est?

253 1154 350 1221 Quod
375 1154 436 1237 (uti
459 1154 532 1234 seis)
561 1153 606 1215 ad
629 1152 825 1235 conflandam
850 1155 1001 1220 invidiam
1024 1162 1158 1237 spectat.
1203 1156 1349 1218 Avarum

252 1257 340 1321 enim
355 1277 423 1320 esse
440 1255 654 1333 Sacerdotem,
670 1246 809 1339 cui‘plus
825 1278 904 1340 opus
919 1257 970 1334 sit,
987 1279 1084 1340 quam
1099 1257 1140 1319 sit
1155 1257 1242 1319 satis.

297 1360 429 1437 Saltem,
452 1379 541 1441 spem
564 1357 617 1420 hic
642 1357 718 1421 lacit
734 1358 923 1438 Cardinalis,
940 1380 1014 1423 cum
1036 1359 1168 1442 perinde
1190 1360 1347 1440 iatepmm

252 1461 294 1525 sit
310 1463 555 1525 Sacramentum
568 1461 624 1523 sab
638 1462 738 1541 specie
751 1462 839 1523 viai:
862 1483 953 1545 posse
967 1463 1039 1541 hoc,
1056 1462 1095 1525 ab
1110 1463 1230 1545 iateyro
1241 1461 1349 1545 aliquo

251 1566 407 1629 Pontifice
432 1564 605 1645 impetrari,
635 1572 673 1627 ut
698 1565 829 1628 alternis
858 1564 990 1643 vicibus,
1021 1565 1160 1629 Missam
1189 1564 1349 1627 humidam

252 1667 412 1732 celebrare
426 1667 530 1730 liccat.
576 1667 620 1730 Et
637 1666 812 1745 interdum,
827 1667 895 1731 viee
914 1668 1026 1751 prima,
1045 1668 1102 1730 aad
1115 1669 1215 1749 specie
1228 1668 1347 1748 panis:

251 1769 396 1853 proxima
410 1769 494 1849 dein,
519 1769 575 1831 aab
594 1771 694 1850 specie
708 1771 793 1832 oiai:
820 1791 901 1834 neve
921 1770 1150 1847 arescentibus,
1167 1769 1273 1852 quoad
1285 1771 1348 1832 eic-

252 1892 320 1935 cam
336 1870 603 1936 Communionem
619 1893 710 1935 suam
726 1871 910 1950 Catholicis,
925 1894 1055 1937 necesse
1078 1873 1119 1936 sit
1139 1872 1180 1958 ad
1195 1873 1349 1954 intem-am

250 1974 332 2038 illud
353 1974 409 2037 aab
429 1994 514 2055 pane
537 1995 662 2057 semper
685 1973 826 2057 alligari:
862 1975 918 2038 sed
943 1975 1106 2038 interdum
1131 1977 1252 2057 iatearo
1275 1975 1348 2052 hoe,

250 2078 307 2140 md
331 2078 412 2154 oiao,
443 2084 539 2160 atque
563 2077 618 2155 ita,
643 2099 700 2161 per
725 2078 809 2141 vices
833 2079 957 2155 saltem,
981 2086 1118 2160 utroque
1141 2079 1262 2159 ialepro
1283 2076 1349 2139 frui

250 2180 356 2244 liceat.
400 2179 472 2242 Nee
489 2178 734 2262 desperandum,
757 2180 786 2242 si
807 2180 853 2244 sic
868 2201 924 2264 per
939 2181 1024 2244 vices
1039 2179 1080 2242 ad
1094 2188 1232 2263 tempus,
1249 2178 1347 2242 alter·

250 2288 334 2358 utro,
362 2280 494 2344 tandem
526 2288 559 2343 et
588 2289 625 2344 ut
655 2281 749 2343 simul
779 2289 916 2364 utroque
944 2282 1041 2365 potiri
1070 2282 1183 2359 detur;
1217 2281 1348 2365 quando

250 2384 429 2447 tantundem
452 2384 503 2446 det
518 2384 678 2462 tumidam,
695 2405 731 2447 ae
747 2385 806 2447 duo
822 2386 887 2448 leae
902 2387 1023 2466 iatepra
1039 2407 1141 2448 unum
1156 2385 1253 2448 modo
1268 2385 1347 2447 iate·

246 2507 339 2569 poam
354 2486 429 2550 sint.

283 2614 371 2664 Simile
382 2619 421 2664 est
436 2615 464 2663 in
476 2613 614 2677 Baptismo,
630 2616 708 2678 siquis
726 2616 799 2665 unica
815 2617 938 2666 mersione
949 2617 1098 2679 baptizetur,
1116 2617 1243 2677 integrum
1256 2613 1349 2677 bapt-is-

315 2709 385 2744 mum
399 2695 497 2757 recipit,
509 2699 536 2743 et
551 2696 574 2743 si
589 2694 750 2759 [baptimtur]
770 2697 851 2746 tribus
870 2696 1066 2761 [mersionibus],
1083 2697 1212 2758 integrum
1228 2696 1349 2745 etiam.-

316 2774 388 2838 [Bell.
399 2774 473 2837 Apol.
484 2788 530 2837 pro
542 2774 626 2838 Resp]
644 2791 667 2838 p.
680 2777 734 2824 102.
753 2775 819 2840 [Op.,
831 2781 891 2826 tom.
904 2778 946 2825 vii.
959 2777 1005 2826 col.
1018 2776 1073 2827 762.
1085 2775 1129 2839 A.]

87 2886 217 2964 [pomer-⁰
293 2872 381 2934 Nam
404 2870 443 2933 de
469 2872 618 2934 mersione
641 2875 733 2935 amica
759 2875 809 2935 ael
831 2875 916 2935 trina
936 2872 1087 2935 dissimile
1109 2880 1225 2935 totum.
1272 2872 1348 2935 Una

88 2950 238 3078 fflffign
251 2975 338 3040 enim
368 2981 418 3037 cst
445 2974 621 3057 eademque
654 2977 737 3039 actio
762 2977 941 3055 Mersioais,
973 2977 1097 3060 sibique
1131 2976 1285 3040 continua
1313 2977 1349 3039 in

87 3078 155 3157 ¹¹‚²¹¹d
170 3079 238 3127 simi·
250 3082 422 3163 Baptismo.
467 3081 513 3143 At
532 3080 566 3143 in
582 3081 797 3159 Eucharistia,
814 3088 846 3144 et
866 3083 901 3145 in
923 3103 958 3144 se
973 3081 1110 3144 discreta
1132 3081 1226 3157 actio,
1243 3101 1348 3143 comc-

87 3144 172 3273 iffi
251 3183 348 3247 dendi
363 3191 397 3245 ct
415 3182 566 3246 bibendi:
591 3190 623 3245 et
645 3203 720 3246 vero
741 3183 777 3245 in
799 3183 934 3267 objecto,
952 3184 1088 3258 Hostiae,
1104 3194 1201 3265 atque
1220 3184 1348 3260 Calicis,

251 3287 342 3372 panis
368 3295 401 3350 et
426 3286 502 3350 vini.
548 3287 642 3363 Tum,
671 3286 738 3348 hie·
753 3296 967 3369 praeceptum
995 3286 1041 3349 ibi
1070 3286 1206 3348 nullum.
1253 3285 1349 3348 Nihil

252 3391 421 3475 quicquam
438 3391 477 3454 de
491 3410 626 3453 numero
641 3390 803 3451 mersionis
816 3388 966 3472 praecepit
982 3388 1141 3464 Christus,
1157 3388 1208 3451 vel
1223 3408 1282 3450 aaa
1297 3388 1349 3451 vel

252 3497 345 3572 trino,
371 3494 406 3558 in
432 3494 618 3577 Baptismo:
642 3492 794 3575 praeeepit
818 3499 936 3568 autem,
961 3491 998 3552 de
1024 3497 1157 3572 satrapae
1177 3492 1287 3571 specie,
1312 3491 1348 3554 iu

252 3597 476 3662 Eucharistia:
501 3615 646 3678 expresse
668 3593 828 3676 praeeepit,
852 3593 936 3677 apud
960 3614 1070 3656 omnes
1093 3614 1237 3676 expresse
1248 3620 1258 3670 ;
1280 3603 1349 3657 tam

253 3700 358 3763 Bibite
381 3697 471 3772 dixit,
498 3718 594 3780 quam
621 3697 784 3758 Comedite.
837 3696 880 3758 Et
905 3717 978 3759 cum
1002 3697 1107 3759 Bibite
1130 3697 1220 3773 dixit,
1247 3718 1350 3760 amaea

253 3800 376 3864 addidit
386 3823 395 3875 ς
421 3821 517 3881 quam
540 3799 566 3861 si
590 3799 739 3861 Servator
761 3818 870 3861 vocem
891 3798 1063 3862 addidisset
1085 3798 1125 3861 ad
1140 3799 1247 3876 Edita,
1268 3800 1350 3863 mire

252 3927 322 3969 rem
336 3911 441 3968 vestra
459 3903 604 3988 juvisset,
630 3910 667 3966 ιιι
683 3904 860 3967 Cardinalis
882 3912 1110 3986 argumentum
1132 3904 1349 3989 procederet⁸,

147 4058 151 4065 .
256 4010 331 4091 (quo
347 4016 419 4092 post
437 4030 471 4071 se
485 4008 620 4088 recreat)
637 4008 689 4069 adi
704 4028 765 4069 aaa
780 4007 913 4086 addidit,
930 4029 1042 4084 omma,
1066 4008 1123 4073 sed
1139 4008 1243 4071 solum
1259 4008 1349 4086 dixit,

253 4113 367 4176 Bibite.
412 4113 500 4176 Nam
529 4111 622 4177 uobis
651 4111 738 4175 idem
767 4110 882 4194 (credo)
911 4133 977 4175 non
1003 4112 1215 4194 permitteret,
1243 4119 1280 4174 ut
1306 4113 1351 4174 sie

253 4218 375 4281 scilicet
397 4218 566 4281 instituere
588 4217 683 4303 liceat
700 4222 939 4299 argumentum.
984 4216 1088 4297 Atque
1109 4216 1173 4278 laec
1195 4217 1278 4278 ralia
1294 4221 1351 4293 esl,

284 4378 293 4399 ¹
324 4369 401 4433 [bid]
415 4369 486 4421 Vera.
496 4372 534 4419 21.
822 4368 887 4433 [Op.,
904 4370 1019 4418 tomrii.
1039 4367 1187 4418 coliem
1212 4367 1279 4417 Vide
1297 4368 1353 4431 ipss

284 4442 294 4464 ¹
310 4370 390 4498 lBell.
415 4434 489 4498 Apol.
511 4449 557 4498 pro
576 4433 659 4499 Resp]
683 4449 707 4497 p.
721 4434 776 4483 103.
821 4434 897 4483 rerba
912 4432 1068 4496 Bellarmini,
1078 4433 1150 4494 intra,
1162 4447 1186 4497 p.
1196 4432 1267 4494 256]
