2910 4926
474 306 657 368 momoria
679 317 861 366 sauronam.
1151 302 1216 366 407

160 475 207 539 At
224 497 244 538 a
261 474 386 538 Christo
405 480 479 537 nato
500 475 545 538 ad
563 473 764 558 Bonisacium
779 474 842 537 III.
862 474 938 536 anni
955 479 1076 536 tantum
1093 473 1215 538 DCVI.
1231 480 1284 545 [De
1295 486 1356 532 nm·

116 577 189 642 Neo
208 578 295 641 enim
312 577 353 642 ab
376 585 449 643 ortu
472 577 580 640 statim
604 576 793 641 convalescit
815 576 947 655 titulus;
973 576 1216 661 haesonptione
1229 560 1313 660 {⁰13⁶
1313 547 1381 597 Μ

117 701 195 763 opus
210 689 268 745 est
315 681 382 744 Ubi
396 701 470 745 vero
484 700 541 764 per
555 680 720 764 sexaginta
735 680 805 763 jam
819 701 920 744 annos
935 679 1121 764 praescribit,
1136 680 1216 744 titu-
1228 675 1318 725 “brim

115 782 183 846 lum
199 785 425 847 confirmatum
439 783 531 867 gerit.
1228 744 1346 869 iffi?

159 887 232 950 Neo
253 887 439 950 confirmato
459 887 529 969 jam
548 884 653 963 titulo,
673 886 852 949 mutatione
876 893 1030 968 praeterea
1049 906 1127 969 opus
1147 894 1215 949 erat
1271 892 1338 955 294

116 989 277 1071 peculiari.
322 989 401 1053 Non
424 989 451 1052 is
474 988 626 1072 operandi
649 988 772 1068 modus,
789 989 825 1052 in
848 988 1009 1073 mysterio.
1056 988 1151 1055 Quod
1169 989 1216 1053 ibi

117 1091 163 1169 fit,
180 1091 297 1154 semim
312 1091 367 1155 fit:
391 1091 519 1170 sensim,
535 1098 568 1155 et
583 1091 651 1154 sine
666 1113 771 1156 sensu.
803 1091 871 1156 Ubi
884 1093 920 1155 in
935 1100 1090 1156 strumam
1105 1114 1215 1177 perve-

116 1193 166 1255 nit
190 1192 338 1276 superbia
360 1193 442 1258 sedis
464 1193 560 1272 illius,
583 1195 717 1259 movisse
738 1196 808 1280 jam
829 1195 928 1260 sensit
946 1195 1096 1275 mundus,
1119 1218 1215 1279 quam

115 1315 182 1360 non
203 1297 301 1359 sensit
321 1305 524 1362 crescentem.
556 1297 623 1362 Ubi
645 1318 749 1362 massa
769 1299 839 1384 jam
859 1298 1059 1378 fermentata,
1075 1305 1146 1362 tum
1160 1298 1216 1362 de-

114 1419 204 1461 mum
227 1400 422 1463 fermentum
445 1400 611 1484 apparuit3
644 1422 711 1465 non
732 1400 866 1482 infieri,
889 1409 926 1464 ut
946 1422 1015 1465 mos
1035 1409 1093 1479 ost,
1110 1401 1165 1465 scd
1179 1401 1215 1465 in

108 1501 234 1582 factum
248 1523 322 1566 esse.

147 1639 171 1687 A
183 1675 189 1687 .
203 1675 209 1687 .
220 1637 362 1703 direptione
373 1639 463 1703 templi
476 1677 481 1688 .
495 1639 545 1690 ‚ad
555 1654 614 1689 ann.
626 1675 632 1688 .
645 1676 651 1688 .
664 1637 765 1700 DGVI,
777 1654 826 1703 qao
838 1639 905 1690 sedit
918 1639 1071 1702 Bonifatius,
1081 1645 1142 1690 sunt
1152 1642 1214 1692 annl

180 1718 418 1785 Danau-[Bell.
426 1721 499 1785 Apol.
512 1735 558 1785 pro
569 1719 654 1785 Resp]
665 1735 689 1786 p.
700 1723 755 1772 168.
773 1721 840 1787 [Op.,
850 1725 911 1771 tom.
920 1723 964 1772 vii.
981 1723 1029 1771 ool.
1041 1722 1096 1774 796.
1108 1723 1140 1772 A.
1148 1720 1191 1785 a]

157 1836 203 1900 At
226 1858 245 1899 a
268 1838 388 1918 direpto
407 1858 470 1920 per
492 1838 672 1920 Ponqieium
693 1839 815 1920 Templo
838 1838 995 1903 calculum
1020 1839 1048 1901 si
1071 1838 1214 1917 ordiaris,

119 1938 163 2020 (et
178 1946 235 2018 est,
253 1962 273 2003 a
288 1941 409 2022 direpto
428 1940 560 2022 Templo,
581 1961 644 2004 aira
664 1942 739 2004 satis
754 1941 896 2024 illustris)
915 1941 1088 2025 complebis
1102 1962 1215 2005 nume·

114 2062 197 2104 rum.
228 2042 301 2107 Imo
317 2043 520 2125 quadriennio
535 2044 705 2124 superatio.
736 2043 788 2107 Ad
804 2045 935 2108 Baronii
949 2044 1031 2109 forte
1046 2045 1214 2124 calculum,

115 2144 170 2226 qui
183 2145 218 2208 in
234 2144 339 2210 Probo
358 2146 466 2208 minus
483 2146 582 2229 probe
597 2168 665 2210 rem
680 2147 776 2230 gessit
786 2156 815 2210 ⁰:
839 2146 879 2210 ad
894 2147 1028 2212 aliorum
1042 2169 1109 2211 non
1125 2149 1214 2225 item,

115 2246 198 2329 apud
222 2257 300 2330 quos
323 2248 376 2312 vix
400 2249 548 2332 reperias,
573 2249 627 2332 qui
650 2258 669 2311 a
691 2249 816 2333 direpto
834 2250 966 2334 Templo
990 2251 1031 2312 ad
1051 2250 1214 2315 Christum

114 2358 228 2413 natum
242 2351 313 2435 plus
328 2351 492 2433 sexaginta
511 2350 603 2415 annis
624 2360 782 2416 numeret.
827 2353 880 2416 Ne
896 2352 935 2416 de
950 2353 1061 2416 vestiis
1075 2353 1213 2436 quidem.

115 2454 193 2517 Non
215 2454 366 2538 litigabo:
396 2477 473 2518 nam
497 2456 524 2519 si
549 2455 675 2519 animus
698 2455 847 2539 litigandi
870 2457 921 2534 sit,
945 2478 1042 2540 quam
1065 2457 1157 2520 facile
1180 2458 1215 2519 in

114 2577 249 2622 numero
272 2564 364 2622 tanto
390 2564 523 2640 quatuor
548 2558 624 2621 anni
647 2557 839 2623 eliduntur?
884 2560 973 2636 Esto,
1000 2560 1214 2642 quadriennio.

115 2659 317 2726 Quantillum
333 2682 406 2726 vero
421 2662 506 2726 hoc?
552 2661 658 2729 Quam
673 2661 768 2725 multi
784 2661 881 2726 etiam
897 2662 1102 2745 chronologi,
1118 2662 1215 2724 etiam

115 2763 170 2844 qui
185 2764 329 2827 Danielis
351 2764 576 2845 hebdomadas,
593 2765 647 2849 qui
672 2787 773 2830 annos
794 2765 830 2831 in
854 2765 1011 2849 scriptura
1030 2772 1214 2850 supputant,

114 2873 148 2928 et
173 2866 300 2950 alioqui,
325 2868 386 2932 sibi
411 2868 594 2952 peritissimi
617 2868 775 2947 videntur,
802 2868 857 2951 qui
882 2868 918 2932 in
946 2870 1065 2932 minore
1090 2888 1215 2931 numero

114 2970 279 3053 scrupulos
301 2990 375 3035 suos
394 2993 461 3036 non
474 2980 543 3036 tam
557 2971 725 3036 conciliare
740 2971 905 3036 commode
920 2979 1062 3055 possunt,
1079 2992 1214 3054 quorum

113 3092 180 3137 non
193 3081 261 3136 tam
276 3096 373 3159 prope
389 3074 429 3138 ad
440 3075 607 3139 veritatem
621 3074 734 3138 calculi
749 3073 922 3137 accedunt:
951 3074 995 3137 Et
1010 3074 1037 3137 si
1051 3072 1213 3152 accedant,

114 3177 204 3259 quasi
228 3177 311 3240 bene
334 3185 423 3260 gesta
445 3198 490 3256 re,
517 3179 598 3241 serio
622 3177 846 3261 triumphent?
876 3177 1001 3239 Verum
1022 3175 1214 3253 meminerit,

115 3278 237 3361 Regem
263 3277 343 3341 illud
365 3300 467 3342 unum
491 3301 558 3343 non
581 3298 734 3362 premere.
782 3281 904 3358 Sumat,
930 3278 1063 3341 sivolet
1086 3279 1213 3354 Lector,

113 3379 175 3444 hoc
183 3406 193 3456 ;
217 3381 267 3442 sin
281 3380 382 3460 malit,
399 3380 534 3445 alterum
548 3381 645 3445 illud:
691 3380 845 3445 Liberum
861 3381 947 3444 enim
961 3380 1090 3462 reliquit
1104 3379 1161 3457 illi,
1176 3384 1214 3441 ut

113 3481 148 3544 in
164 3482 318 3546 alterutro
334 3483 521 3567 acquiescat.

146 3616 221 3666 Visio
239 3620 335 3681 quarta,
353 3654 359 3666 .
377 3654 383 3667 .
404 3622 521 3680 .quanto
540 3619 665 3682 prolixius
684 3621 807 3669 tractator
822 3634 837 3669 a
854 3617 930 3682 Rege,
942 3620 1014 3667 tanto
1030 3616 1130 3666 brevius
1140 3630 1213 3677 expe·

178 3696 263 3748 dictur
273 3714 288 3749 a
298 3698 487 3763 nobis—[Bell.
498 3701 573 3764 Apol.
585 3715 631 3765 pro
642 3699 730 3764 Resp]
741 3714 765 3763 p.
774 3701 829 3751 lot.
842 3700 909 3766 [Op.
919 3699 1033 3749 tamaii.
1045 3696 1091 3747 col.
1104 3696 1159 3749 796.
1169 3694 1211 3759 0.]

155 3817 196 3878 In
216 3816 340 3879 Variana
363 3823 476 3899 quarta
500 3823 615 3899 quanto
634 3818 794 3900 prolicior
816 3817 895 3895 Rea,
921 3821 1008 3879 tanto
1033 3813 1212 3877 Cardinalia
1225 3830 1377 3895 [honsione

113 3919 242 3982 breuior.
291 3920 381 3983 Eone
394 3921 462 4004 jam
476 3940 527 3983 res
541 3920 633 3997 redit,
648 3928 686 3983 ut
701 3920 756 4003 qui
771 3920 811 3981 ad
825 3920 922 4001 Repu
935 3914 1124 4000 eaemplum‘
1137 3922 1212 3978 ante
1224 3895 1334 3959 quarta]

113 4043 147 4085 se
171 4044 369 4107 componere,
399 4023 487 4086 laudi
516 4022 666 4101 duxisset,
692 4024 761 4106 jam
792 4022 874 4104 Regi
904 4021 1071 4084 advorsum
1096 4027 1149 4082 eat
1174 4038 1213 4080 ex

113 4126 276 4208 professo?
322 4127 447 4210 Injuria
465 4126 511 4190 ibi
528 4127 627 4205 nulla,
643 4125 729 4208 quod
745 4127 887 4188 imitatae
905 4125 1024 4206 Reqem.
1070 4121 1212 4186 Nullane

113 4228 176 4305 hic,
192 4229 278 4311 quod
292 4230 332 4292 ad
347 4231 519 4310 oppositum
532 4230 660 4293 incedat
675 4229 780 4310 Reqi?
823 4228 915 4292 Adeo
930 4234 1005 4290 ante
1020 4228 1210 4300 commotus,

146 4397 278 4461 ‘[Baron.
290 4401 358 4449 Ama
378 4398 443 4449 Eccl.
463 4400 496 4449 ad
513 4414 571 4449 ann.
583 4401 638 4448 283.
717 4397 725 4429 ¹
743 4398 816 4463 [Bell.
827 4397 952 4462 Apolpro
962 4394 1045 4460 Resp]
1057 4410 1081 4460 p.
1091 4395 1130 4444 ll.
1142 4393 1208 4458 [Op.

114 4478 182 4511 num.
195 4464 227 4511 iv.
239 4468 265 4513 et
276 4478 298 4512 v.
316 4468 377 4513 tom.
390 4464 417 4513 ii.
435 4464 490 4514 coll.
503 4467 558 4513 820.
572 4461 638 4527 821]
684 4467 744 4512 tom.
753 4463 797 4512 vii.
809 4463 855 4512 col.
864 4460 966 4524 7220]
