2910 4926
444 278 627 328 aeoroonu
649 279 830 329 assrousm.
1130 267 1193 329 165

85 427 173 495 idem
192 432 269 497 fecit
291 433 498 513 Honorius1’3
521 455 589 499 non
607 434 670 498 hoc
690 434 730 498 da
747 434 889 497 Romana
916 431 1093 516 quaesiisset
1113 434 1194 498 Am-

86 530 222 599 brosius.
268 538 332 601 Pro
342 537 430 600 illius
445 537 598 621 temporis
612 537 748 616 ratione,
765 538 891 619 quaetio
906 536 963 599 illa
976 535 1084 613 illius;
1108 558 1194 619 quae-

88 658 160 729 qne,
190 660 251 703 nec
276 662 401 726 semper
427 650 512 720 ante,
542 662 603 705 nec
632 648 706 724 post
732 662 806 705 vcro
831 660 967 723 semper,
993 645 1067 704 tuto
1093 639 1218 723 quaeri·

84 748 223 824 poterat.

119 866 158 918 De
170 883 219 931 quo
230 869 333 920 nomine
345 869 403 920 ride
418 886 475 934 quaa
485 870 599 921 diximus
610 871 638 920 in
649 875 764 921 extrema
779 869 872 934 pagina
882 869 974 934 prioris
990 906 997 920 .
1015 905 1021 918 .
1039 905 1045 919 .
1063 868 1190 920 libelli.-

153 948 232 1014 [Bell.
245 950 319 1014 Apol.
332 966 378 1015 pro
389 951 477 1017 Resp]
490 967 514 1016 p.
525 956 563 1004 50.
577 953 646 1018 [Op.,
658 956 719 1003 tom.
729 952 772 1001 rii.
786 950 833 999 ool.
845 950 955 1014 73111]

129 1048 228 1128 Nam,
253 1052 381 1133 quaein
407 1058 546 1115 eatrema
565 1054 687 1134 popina
717 1050 842 1134 scripsit
869 1049 1060 1128 Cardinalis,
1085 1054 1118 1112 et
1144 1049 1192 1113 ita

87 1151 178 1215 valde
199 1153 300 1216 videri
320 1156 386 1217 uult
401 1176 420 1218 a
435 1156 579 1233 Lactora,
602 1154 741 1218 fatemur
763 1153 888 1217 omnia:
911 1173 972 1216 nec
993 1152 1033 1216 (16
1050 1152 1191 1247 nominis

86 1254 208 1319 honore
222 1256 263 1319 lis
277 1256 365 1335 ulla;
389 1257 445 1321 sed
460 1258 525 1321 utri
541 1280 558 1322 e
573 1280 608 1321 rc
622 1259 725 1342 magis
746 1278 865 1320 nomen
879 1255 1029 1319 habeant.

120 1380 278 1432 Haereticam
296 1399 347 1434 non
365 1400 417 1435 ease
437 1384 617 1444 Christianum,
636 1400 687 1435 non
703 1383 842 1446 idaodixi,
855 1382 921 1448 quod
936 1384 1088 1446 ignorarem,
1105 1383 1191 1447 ampla
1249 1381 1312 1443 126

152 1463 260 1527 quadam
272 1465 457 1528 significatione
465 1466 621 1517 Christianos
631 1465 683 1516 dici
696 1480 774 1529 posse,
784 1468 908 1529 quotquot
919 1465 947 1514 in
955 1464 1056 1516 Christo
1067 1465 1190 1528 baptizati
1397 1450 1401 1459 ’

154 1545 285 1595 Christum
301 1548 419 1598 recolere
438 1548 605 1612 profitentur:
622 1548 795 1611 sedquoniam
807 1547 908 1610 proprie
925 1546 965 1596 illi
982 1547 1030 1596 soll
1041 1547 1094 1595 veri
1107 1545 1191 1596 Chris·

155 1627 220 1677 ciani
235 1631 303 1688 sunt,
320 1629 364 1691 qui
382 1644 467 1679 veram
481 1633 557 1693 atquo
574 1630 700 1693 integram
716 1628 811 1678 Christi
829 1627 906 1677 fidam
924 1627 966 1691 [in
983 1627 1045 1690 Ejus
1061 1626 1186 1690 Ecclesia]

155 1711 252 1769 tenent,
258 1709 371 1774 nullique
383 1709 508 1760 haereticos
518 1714 592 1760 nectar
604 1710 741 1760 adhaerent.
748 1708 854 1774 -[Bcll.
867 1709 942 1772 Apol.
953 1722 999 1772 pro
1010 1707 1097 1772 Resp]
1111 1722 1136 1772 p.
1145 1709 1184 1758 50.

155 1788 221 1854 [Op.‚
233 1794 294 1841 tom.
307 1791 351 1840 vii.
368 1792 414 1841 eol.
427 1791 481 1843 732.
495 1790 521 1841 C.
531 1791 576 1856 Ι).]

130 1880 333 1963 Recopnoacit
347 1889 419 1965 post
429 1882 618 1960 Cardinalis,
636 1904 707 1966 quae
722 1883 923 1945 deHaeretico
938 1902 999 1944 non
1011 1881 1190 1943 Christiano
1204 1899 1338 1967 [Harena

86 1982 193 2047 minus
208 1992 301 2049 caute
317 1985 455 2063 dixerat,
466 1994 499 2048 61
519 2006 559 2049 cx
579 1986 685 2069 ampla
703 1986 772 2069 jam
794 1984 898 2069 gratia
913 1983 1112 2049 Christianos
1128 1981 1347 2081 (111ἵὲ183ξῖ

85 2086 254 2168 permittit,
279 2094 425 2170 quotquot
452 2090 486 2151 in
511 2089 635 2152 Christo
660 2089 823 2170 baptisati,
851 2088 1008 2149 Christum
1033 2107 1066 2149 ae
1092 2087 1191 2150 colere
1204 2096 1309 2146 Christi

79 2191 279 2271 profitentur.
324 2191 413 2254 Fecit
427 2191 568 2275 ingenue
583 2192 655 2271 hoc,
672 2197 704 2254 et
720 2197 757 2253 ut
773 2211 807 2253 sc
823 2189 958 2272 dignum
973 2195 1060 2252 crat:
1084 2208 1190 2271 porse,
1204 2160 1266 2225 ω’]

87 2291 127 2354 (16
150 2298 265 2357 caetero
290 2293 377 2356 idem
408 2315 490 2378 saepe
517 2295 624 2358 faciat.
670 2295 758 2358 Nam
785 2293 822 2371 si,
846 2292 900 2376 qni
926 2291 1099 2354 Christiani
1125 2291 1192 2354 sint

80 2396 220 2476 proprie,
252 2404 384 2479 quaerat,
414 2397 512 2462 debet
541 2397 582 2461 ad
610 2398 709 2480 fidem
738 2417 843 2460 veram
872 2396 1037 2458 caritatem
1066 2413 1194 2477 quoque

86 2517 148 2560 nan
162 2495 275 2577 fictam
289 2499 482 2583 adjuugcrc;
506 2509 544 2563 (11
561 2521 621 2563 nec
637 2501 787 2562 heretice
800 2504 899 2578 aecta,
915 2518 976 2561 nec
990 2498 1109 2560 vitiosae
1122 2497 1194 2559 vite

86 2600 282 2665 adhaereant.
320 2603 361 2667 Id
377 2604 404 2666 si
419 2603 540 2683 fecerit,
562 2604 705 2668 Ecclesia
720 2605 875 2680 Romana,
893 2623 964 2685 quae
979 2602 1023 2665 aic
1041 2603 1088 2685 (ut
1101 2600 1191 2682 dicit)

89 2705 257 2769 Catholicae
285 2727 393 2770 nomen
407 2708 550 2787 obtinuit,
563 2708 688 2789 judicio
712 2706 795 2770 orbis
816 2713 907 2769 terrae
922 2705 1114 2769 Christianae
1135 2725 1193 2767 no-

86 2829 162 2872 men
183 2809 236 2872 vix
262 2809 418 2874 obtinebit.
466 2811 584 2891 Quare,
610 2811 694 2874 sinat
717 2809 839 2874 Christi
859 2809 1020 2892 baptismo
1050 2816 1083 2872 et
1104 2808 1195 2872 cultu

86 2933 156 2976 rem
181 2912 398 2977 Christianam
428 2922 523 2994 stare,
555 2922 589 2978 61
618 2914 673 2997 qni
702 2913 826 2997 uspiam
856 2934 914 2996 per
940 2912 1062 2977 Orbem
1086 2918 1194 2977 totum

90 3013 214 3077 Christo
232 3035 340 3078 nmnen
355 3016 516 3093 dederunt,
543 3016 578 3078 in
592 3014 690 3099 hujus
711 3014 851 3077 nominis
872 3012 1057 3078 societatem
1072 3012 1192 3077 venire.

88 3118 273 3199 Hoeretiaus,
296 3142 354 3204 per
374 3122 445 3198 hoc,
466 3121 662 3183 Christianus
682 3141 750 3183 esse
770 3141 838 3183 non
853 3117 988 3182 desiuit:
1011 3125 1044 3182 ct
1060 3124 1195 3181 atrocem

89 3221 239 3303 injuriam
255 3220 337 3303 fecit
360 3226 398 3303 ei,
417 3245 513 3308 qucm
534 3223 578 3287 sic
599 3222 787 3308 appellavit3
809 3222 959 3303 injuriam
980 3226 1013 3284 61
1033 3220 1194 3300 Patribus,

90 3324 146 3407 qui
161 3324 254 3388 aliter
268 3347 342 3390 eum
356 3328 445 3411 loqui
461 3328 650 3392 docucrrmt.

122 3459 225 3524 Regem,
236 3461 393 3524 religionem,
404 3477 480 3525 quam
491 3477 549 3512 cum
560 3461 687 3526 baptismo
698 3462 847 3524 susceperat,
858 3455 1105 3520 dimisisse-[bell.
1119 3456 1195 3519 Apol.

156 3556 201 3605 pro
212 3541 299 3606 Resp]
312 3556 337 3607 p.
346 3545 385 3593 60.
400 3543 469 3608 [Op.,
479 3548 540 3594 tom.
548 3544 593 3593 vii.
604 3543 650 3592 col.
661 3542 716 3594 733.
724 3541 770 3605 h]

134 3642 204 3706 Rex
219 3647 337 3722 autem,
356 3642 472 3727 quibus
489 3643 525 3706 in
541 3642 691 3726 baptismo
707 3640 946 3716 abrenuntiavit,
966 3638 1081 3703 iisdem
1099 3638 1195 3703 hodie
1209 3650 1342 3716 [Raxfider

90 3765 216 3828 qnoque
240 3745 467 3809 abrenuntiat:
498 3745 620 3824 eadem,
646 3765 718 3828 quae
741 3743 786 3808 ibi
810 3742 939 3808 credere
965 3764 1000 3806 sc
1022 3741 1194 3826 professus,
1208 3730 1333 3845 {marp-

85 3846 155 3930 jam
178 3847 289 3926 credit,
317 3869 388 3932 quae
414 3849 576 3929 Baptiemo
601 3847 744 3929 suscepit,
772 3867 884 3910 eornm
910 3846 997 3909 hand
1024 3845 1195 3930 quicquam
1208 3844 1360 3911 annuatia]

89 3948 217 4013 dimisit.
264 3952 314 4015 De
329 3952 434 4014 Missa
448 3951 493 4014 ibi
504 3950 631 4029 Latina,
646 3972 706 4014 nec
719 3950 885 4014 intellecta
898 3948 1035 4034 popu103
1059 3949 1195 4032 privata,

89 4072 150 4116 nec
164 4054 283 4137 populo
299 4053 374 4117 data
388 4055 439 4118 rel
457 4061 606 4137 accepta,
631 4053 689 4117 sub
704 4053 881 4117 anamodo
897 4053 1012 4136 specie,
1032 4072 1093 4116 nec
1111 4052 1196 4115 inte·

90 4178 148 4239 gra
159 4182 169 4234 ;
192 4157 233 4221 de
250 4158 452 4241 Purgatori0,
474 4157 688 4241 Imaginibus,
710 4156 876 4240 Reliquiis,
902 4155 1051 4240 operibus
1086 4174 1196 4239 super·

88 4259 293 4342 erogationis,
308 4260 500 4325 Monarchia
515 4260 699 4338 Pontificis3
716 4266 867 4343 praestare
885 4280 952 4322 non
966 4264 1099 4322 tenetur
1114 4256 1195 4341 quis,

90 4361 197 4425 dehis
213 4363 294 4426 nihil
308 4363 354 4426 ibi
369 4363 541 4447 stipulatus
556 4370 616 4427 est.

183 4498 194 4530 Ρ
211 4489 297 4556 [Cone.
310 4490 368 4542 CP.
376 4491 413 4541 iii.
427 4490 498 4554 (Gen
506 4490 550 4554 vi.)
562 4492 617 4541 Act.
625 4489 788 4541 xiii—(lonc.
800 4494 861 4542 tom.
873 4488 906 4541 vi.
918 4487 963 4539 col.
976 4482 1106 4550 3431611]
