2910 4926
432 287 614 337 seonooun
635 288 818 338 ammisso.
1110 276 1175 340 429

78 438 164 524 quod
181 441 345 522 praeisaat
360 439 440 525 jam,
456 447 489 505 et
509 447 610 505 sortes
625 440 702 520 adit,
717 440 866 504 nonnihil
880 440 1018 504 haeresin
1032 440 1067 504 id
1082 441 1174 524 sapit.

80 544 144 608 Sed
157 543 278 607 frustm
290 550 402 607 tamen
416 543 465 607 illi
479 544 541 608 hoc
555 543 657 608 cedet.
703 543 765 609 Cui
782 543 870 607 enim
889 542 924 606 id
946 564 1025 608 sano
1046 565 1177 628 persua·
1232 549 1297 611 310

79 646 166 711 debit
186 668 339 729 unquam,
363 654 435 729 post
456 653 583 711 oratum
598 647 716 726 Deum,
732 653 769 709 ut
791 652 876 709 sorte
896 645 1001 732 (quem
1021 645 1178 732 elepisaet)

78 750 253 812 ostenderet
261 775 271 822 ,·
294 768 369 812 eum
384 748 419 811 id
436 754 544 812 eutem
558 749 730 813 manifesto
745 750 928 812 oatmdisaet
943 751 1042 829 Deus,
1057 750 1177 814 viritim

78 851 125 916 ibi
139 853 273 916 collecta
286 851 463 934 euffrapim·
480 873 521 915 an
536 853 622 936 quod
632 853 722 916 Deus
737 852 799 916 sibi
814 853 938 936 placere
954 853 1178 937 significasset,

79 955 114 1019 id
143 962 250 1019 ratum
278 955 446 1018 irritumve
483 963 591 1020 essent
626 955 799 1020 habituri?
850 956 949 1021 Cuive
986 956 1084 1021 etiam
1118 958 1180 1020 hoo

38 1122 47 1135 ,
84 1059 309 1140 Cdo-ysostamo,
335 1058 581 1139 Chrysostmuive
599 1060 773 1140 interpreti,
790 1061 1023 1141 praelectiones
1042 1059 1130 1138 istas,
1147 1068 1181 1124 et

74 1163 320 1244 posteleatioaea,
336 1168 368 1225 et
389 1162 628 1226 aemulationes
645 1163 835 1243 Cardiualia
849 1165 972 1245 partim
991 1184 1031 1226 eu
1053 1165 1180 1227 omaeilto

74 1267 216 1346 proprio,
227 1265 348 1345 purtim
368 1284 408 1327 eu
421 1266 554 1327 sontium
566 1266 696 1345 mollio,
711 1267 762 1331 vel
781 1287 838 1350 per
857 1266 1017 1331 somnium
1036 1289 1180 1350 unquam

81 1368 206 1431 venisse
220 1368 256 1430 in
271 1369 439 1431 mentem?
474 1368 597 1431 Mirum
613 1376 733 1444 autem,
745 1369 781 1432 ni
795 1390 834 1434 ex
848 1369 919 1434 loco
934 1369 1041 1448 simili,
1052 1371 1127 1435 Act.
1138 1392 1180 1449 x.,

66 1471 138 1534 ubi
153 1470 192 1535 de
203 1471 334 1554 reliquis
344 1471 508 1554 Apostolis
519 1470 638 1534 dieitur
651 1470 1057 1558 ττροιιεχειριντονημὲνουςπ
1072 1472 1181 1552 fuisse,

81 1581 115 1637 et
136 1572 171 1635 id
193 1593 320 1656 quoque
338 1572 518 1638 cardinalis
538 1573 706 1656 exprimat,
724 1595 766 1637 ne
787 1575 930 1637 undecim
952 1575 1092 1657 quidem,
1112 1575 1181 1637 sine

76 1677 226 1757 populari
240 1675 401 1756 suffraqia,
417 1682 450 1738 et
463 1674 646 1762 χειροτονίᾳ
661 1676 810 1741 delectos.
834 1677 993 1741 Matthias
1007 1678 1182 1761 Apostolus

83 1785 173 1855 erat;
188 1777 262 1840 Nou
276 1798 353 1860 ergo
368 1776 406 1839 ab
420 1778 602 1856 homiuibus,
611 1780 662 1841 uel
668 1800 729 1860 per
743 1780 901 1843 domimoy
915 1808 924 1842 :
946 1780 996 1843 Ab
1011 1781 1184 1843 homiuibus

84 1889 193 1946 autem
204 1886 299 1959 esset,
312 1880 339 1944 si
353 1880 521 1944 hominum
537 1881 697 1965 suffragiis
711 1883 832 1947 electus
848 1891 934 1947 esset
942 1908 952 1959 3
970 1883 1055 1967 quod
1065 1883 1182 1961 videat,

84 2007 127 2049 an
147 2006 186 2049 ex
209 1985 423 2047 Grammatico
439 1985 539 2068 possit
554 1992 586 2049 et
601 1987 686 2050 vocis
701 1987 752 2050 vi:
776 2007 815 2050 ex
842 1987 1008 2068 Theolopia
1028 2007 1183 2068 uunquam

83 2087 211 2172 poterit.
257 2087 321 2150 Sed
335 2086 393 2151 ubi
407 2087 455 2150 illi
472 2088 636 2170 illeolopia
651 2088 777 2168 desiuit,
797 2089 1011 2152 Grammatico
1026 2089 1149 2172 incipit.

117 2242 189 2292 Sorte
201 2279 207 2290 .
220 2277 226 2290 .
238 2277 244 2291 .
255 2241 350 2293 electus
361 2245 399 2291 est
410 2239 478 2303 Saul,
489 2246 519 2290 ut
536 2240 639 2292 haberet
654 2238 762 2306 populus
774 2242 876 2304 signum
893 2241 988 2291 diviua
1001 2241 1146 2301 voluntatis,
1158 2245 1184 2290 et

148 2324 241 2373 seirent
255 2322 311 2387 [lea.
322 2321 415 2385 sairet]‚
426 2337 502 2386 quem
518 2326 575 2372 tuto
585 2322 686 2385 eligere,
698 2325 724 2372 at
734 2323 763 2372 iu
774 2337 849 2385 quam
861 2326 1012 2386 potestatem
1023 2337 1094 2372 suam
1105 2326 1184 2371 traus-

149 2406 213 2456 ferre
231 2420 315 2454 secure
334 2410 437 2469 possent
454 2405 509 2470 [lea.
521 2403 733 2470 passati-[Bell
744 2406 819 2470 Apol.
836 2419 882 2470 pro
899 2404 983 2470 Resp]
1003 2420 1028 2469 p.
1041 2405 1095 2456 175.
1117 2404 1183 2469 [Op.,

150 2485 449 2550 mmmmm

130 2587 172 2650 In
194 2586 289 2650 Saule
313 2585 441 2668 quidem
461 2606 512 2649 res
533 2591 583 2649 est
601 2584 706 2650 adhuc
724 2585 846 2666 clarior,
868 2585 924 2650 sed
944 2592 1056 2651 contra
1070 2585 1182 2652 Cardi-
1197 2598 1271 2664 [Saul

86 2688 213 2765 nalem3
228 2695 266 2752 ut
281 2687 384 2750 multa
398 2687 428 2751 ei
442 2687 535 2770 proin
550 2687 703 2771 fingenda
717 2688 848 2769 fuerim,
858 2690 962 2753 multa
971 2676 1073 2769 secus,
1086 2711 1183 2773 quam
1195 2662 1310 2726 ⁶¹⁰⁰¹¹¹⁵’]

86 2790 121 2853 in
151 2796 303 2854 contextu
329 2798 416 2868 simt,
446 2790 622 2855 referenda.
671 2791 766 2856 Unde
796 2793 883 2857 enim
912 2793 946 2856 id
971 2793 1028 2872 illi,
1053 2793 1118 2857 nisi
1144 2814 1183 2858 ex

87 2892 217 2957 cerebro
247 2892 308 2956 sibi
338 2894 418 2956 suo?
469 2894 594 2956 Saulem
620 2895 688 2957 ideo
714 2901 798 2958 sorte
826 2896 964 2974 electum,
993 2901 1029 2958 ut
1058 2896 1184 2960 moeret

80 2999 216 3078 populus
230 2998 352 3080 sipuum
367 2998 478 3060 diuina
500 2999 678 3079 uoluntatis,
695 3004 725 3061 et
739 3000 864 3076 seirent,
880 3020 968 3081 quaem
983 3005 1049 3064 tuto
1064 3000 1185 3083 eligere,

87 3107 118 3164 et
140 3102 174 3164 iu
194 3122 282 3183 quem
297 3106 486 3182 potestatem
508 3122 597 3164 suam
616 3100 791 3182 transferre
810 3107 877 3164 tuto
892 3108 1031 3183 possent.
1078 3103 1188 3167 Gratis

87 3204 240 3268 dicuntur
250 3205 330 3268 haec.
375 3206 463 3268 Nam
476 3205 528 3268 vel
542 3226 582 3268 ex
596 3204 665 3287 ipsa
678 3204 760 3287 lege,
772 3225 840 3268 non
855 3204 1021 3287 eligendus
1037 3206 1187 3289 apopulo

89 3308 168 3385 Rex,
185 3307 239 3370 sed
250 3305 418 3389 ponendus
430 3307 483 3370 ille
498 3327 590 3388 super
601 3328 643 3385 se,
656 3327 744 3389 quem
753 3307 905 3369 Dominus
915 3308 1001 3370 Deus
1013 3308 1153 3390 eleyisset
1163 3320 1186 3371 ¹.

88 3408 213 3474 Electio
231 3408 294 3473 Dei
309 3415 398 3472 erat:
422 3409 527 3473 Eleoti
543 3430 637 3493 super
651 3430 686 3473 se
700 3409 824 3492 positio,
840 3409 960 3493 populi.
1004 3411 1083 3474 Non
1099 3411 1185 3475 enim

88 3511 175 3590 dicit,
192 3511 267 3594 Ipse
286 3520 359 3594 post
379 3513 482 3595 alipes,
506 3533 601 3595 quem
624 3512 785 3576 Dominus
802 3514 974 3594 praesepis,
990 3512 1186 3596 (quanquam

87 3615 121 3678 id
136 3614 241 3678 verius
256 3615 420 3698 designare
435 3622 527 3694 esset,
544 3615 596 3679 vel
612 3616 783 3694 nominare,
799 3636 896 3698 quam
917 3615 1116 3700 praeeligere)
1131 3615 1188 3680 sed

88 3739 162 3781 eum
177 3718 353 3796 constitues,
370 3738 458 3799 quem
473 3718 625 3780 Dominus
639 3718 725 3781 Dem
740 3723 811 3781 tuus
825 3717 961 3800 eleymit.

130 3822 224 3898 Tum,
242 3841 310 3883 non
332 3820 461 3884 aliunde
480 3820 571 3900 illud,
595 3821 681 3904 quod
703 3827 845 3905 potestas
868 3821 978 3905 populi
999 3821 1034 3885 in
1058 3823 1187 3886 Saulem
1201 3835 1263 3912 [nou
1275 3849 1316 3897 po

1199 3901 1254 3965 puh
1265 3913 1320 3948 eou-

1199 3961 1329 4027 sessione]

87 3925 245 3989 translata
259 3923 312 4000 sit,
327 3944 425 4005 penes
441 3944 536 4006 quem
552 3925 683 3988 omnino
698 3924 797 4001 uulla,
814 3945 910 4007 quam
928 3925 1101 3989 transferre
1115 3948 1187 4009 pos-

89 4035 156 4092 set:
182 4026 340 4090 Samuelis
356 4026 474 4109 potius,
491 4027 575 4110 apud
591 4048 686 4109 quem
702 4033 843 4109 potestas
862 4028 978 4104 omnis,
1000 4028 1187 4112 priusquam

92 4130 170 4197 Saul
188 4130 224 4192 in
246 4130 370 4213 Regem
393 4129 498 4193 datus.
544 4130 622 4194 Non
644 4129 730 4192 enim
750 4129 838 4192 Masi
860 4129 1030 4212 quiequam
1051 4131 1187 4214 populus

90 4313 135 4362 pro
142 4298 422 4359 authenticababestur‚
429 4305 458 4350 ut
464 4315 538 4349 nemo
546 4300 618 4350 illam
661 4298 880 4348 brorum-Cone
891 4304 952 4349 tom.
964 4299 1015 4349 xiv.
1028 4314 1051 4364 p.
1062 4299 1165 4364 Mil]

90 4363 192 4426 rejicere
212 4365 300 4427 quovis
323 4369 448 4428 praetextu
470 4364 562 4415 audeat
578 4364 618 4414 vel
693 4371 705 4395 ¹
738 4363 894 4427 AouApost.
905 4378 930 4412 x.
943 4363 993 4427 tu]

91 4427 355 4490 praesumaU-Ooue
364 4428 618 4480 '1¹1id.SessIV.De-
694 4436 705 4466 Υ
739 4427 821 4477 Gali.
832 4427 869 4491 1.]

91 4491 422 4544 eretdaltditioneatUeu
435 4492 566 4544 Sacrorum
579 4493 619 4544 ld·
695 4500 704 4523 ¹
762 4492 919 4544 utxvii15.
