2910 4926
424 317 429 324 ·
453 306 636 357 momumr
657 306 839 357 amionem.
1135 293 1209 357 896

103 472 198 531 aunt:
221 471 307 530 utet
327 464 374 529 illi
393 464 477 549 apud
499 487 559 531 uua
577 465 757 550 (postquam
779 464 815 528 iu
830 463 965 530 abusum
980 483 1106 530 merum
1121 463 1201 530 abiit
1258 463 1321 528 285

104 592 215 637 eorum
243 572 430 654 institutum)
457 592 496 636 ex
519 571 630 636 eudem
656 591 752 635 causa
776 570 892 636 merito
918 569 1016 635 etiam
1042 568 1204 653 antiquari

103 675 285 758 potuerint:
309 676 445 738 Poritr'vi
459 675 546 740 enim
557 675 640 760 juria
655 683 732 739 aunt
748 672 912 752 Monaehi,
922 695 989 738 non
1004 673 1112 738 divini.
1149 671 1203 737 Ad

103 777 190 842 idem
211 778 317 863 ipsum
332 779 525 862 exemplum,
542 798 606 863 quo
620 778 826 845 Quaesturum
842 776 928 861 apud
941 797 1008 854 vua,
1024 775 1204 840 Monachu-

103 903 178 945 rum
199 881 253 947 hia
276 884 410 962 mulitia,
432 884 479 946 ita
502 882 640 964 quotidie
662 902 773 964 mapuo
790 881 934 963 fidelium
957 881 1091 944 omnium
1113 900 1205 944 eruer-

105 985 177 1048 dulu
192 991 223 1049 et
237 987 362 1068 querela
376 1006 551 1050 emutescere
566 985 754 1068 depreteuau
768 990 824 1063 eet,
847 990 883 1048 at
904 984 943 1048 de
961 984 1086 1047 illerum
1105 1003 1205 1046 euer-

105 1089 230 1153 dutiuue
248 1109 318 1171 aper
331 1091 418 1153 auHu
431 1090 543 1154 relicta
557 1089 724 1154 adeatur.
769 1086 910 1152 Proinde
928 1087 1000 1172 lege
1014 1093 1155 1166 uantum,
1170 1092 1208 1150 ut.

98 1193 232 1272 postiae
246 1212 351 1256 emam
364 1213 473 1256 nemea
487 1198 579 1275 utque
591 1211 666 1255 auur
674 1190 801 1272 peritus
815 1190 990 1255 aboleretur
1000 1202 1025 1254 1.

138 1328 176 1379 De
187 1328 347 1380 cumulandis
364 1329 455 1395 opibus
471 1343 517 1393 per
533 1328 670 1379 urtldeium
681 1326 855 1388 tullianorum,
867 1329 894 1377 et
912 1324 1148 1390 indulgentiarum.
1160 1361 1166 1375 .
1179 1360 1204 1376 ..

169 1412 227 1476 plue
244 1412 306 1463 fidei
320 1413 438 1464 nubum
456 1413 570 1477 (Regum)
582 1412 718 1463 uulumnila
736 1408 842 1461 liutheri
859 1413 886 1461 et
897 1409 1022 1460 similium
1039 1408 1207 1468 tiaratorum,

170 1509 246 1559 quam
257 1530 264 1544 .
275 1530 283 1545 .
294 1531 302 1546 .
314 1531 321 1546 .
332 1497 443 1547 veritati.
476 1495 533 1546 Hoe
547 1500 614 1546 uerte
625 1498 740 1558 tempore
754 1493 952 1556 dulaamoryma
963 1490 1084 1543 iacienda
1095 1491 1206 1556 prareti·
1326 1514 1330 1526 ·

172 1576 265 1627 bantur
275 1577 315 1635 iia,
327 1578 420 1642 quibua
431 1577 601 1640 Indulgentiae
609 1575 789 1635 uonueduntnr,
804 1575 832 1624 iu
843 1574 949 1625 urbitrio
959 1573 1118 1638 singulorum
1132 1573 1207 1624 relin-

171 1658 266 1721 ruitur
290 1662 320 1708 ut
339 1659 430 1723 quibus
449 1659 535 1723 egena
552 1658 632 1709 aaut
651 1659 820 1721 eleemosyna
838 1653 1053 1721 auant-[neu
1064 1655 1140 1720 Apol.
1159 1669 1206 1721 pro

171 1737 259 1802 Reep]
278 1740 370 1803 11167.
384 1736 804 1804 [ορ,1οιι.νιιοο1.708.Α.Βι]

151 1854 172 1916 J
173 1875 235 1932 am
253 1855 462 1938 indulpeutr'ua
475 1855 561 1920 inter
574 1854 763 1940 turpilueriu
771 1854 975 1933 Pontificum,
990 1854 1076 1918 inter
1088 1875 1200 1938 grava-
1218 1854 1370 1922 1181111101·Ι

108 1953 196 2018 minu
209 1955 388 2036 nationum,
404 1957 539 2021 multis
527 1977 597 2041 Jam
611 1955 735 2020 seculis
750 1955 859 2034 fuisse,
869 1976 927 2020 eur
941 1956 1051 2020 eredat
1062 1957 1206 2023 Luthero
1218 1920 1334 1986 genua]

109 2058 188 2139 Rex,
212 2059 262 2124 vel
280 2059 419 2125 Novitiiu
443 2062 530 2126 iuter
553 2060 758 2127 Historieoa?
804 2059 939 2126 Habent
963 2061 1025 2126 hoe
1050 2062 1207 2127 Monauhi

109 2171 242 2243 veteres,
252 2165 359 2244 vestri,
370 2164 584 2244 Parisieusia¹,
595 2162 853 2249 Urspergensis⁸‚
864 2171 1023 2249 quaestum
1037 2185 1112 2229 eum
1123 2166 1208 2231 Pou-

108 2264 188 2329 tifici
210 2266 313 2331 multo
333 2266 433 2331 fuisse
447 2267 657 2332 uberrimum.
704 2266 766 2330 Hia
788 2265 911 2330 nrtibua
932 2267 1072 2350 expilata
1094 2269 1209 2352 Regna

108 2367 236 2452 passim,
253 2371 391 2434 Romam
413 2392 492 2436 auro
512 2378 674 2449 onustam,
689 2377 786 2455 atque
808 2369 931 2454 opibus.
977 2370 1043 2435 Sed
1060 2371 1131 2436 haee
1152 2373 1209 2438 illo

108 2479 263 2555 tempore.
308 2474 396 2538 Nam
418 2475 484 2552 dee,
496 2474 657 2556 jubentur,
680 2474 733 2557 qui
754 2473 1017 2553 independamus
1036 2476 1210 2558 participes

101 2573 196 2656 fiunt,
223 2576 429 2660 eleemosynae
446 2575 558 2660 sucere
583 2577 617 2640 iu
639 2597 759 2660 epeuoe.
783 2564 788 2576 ⁸
812 2577 962 2660 Egenum
985 2598 1061 2673 pero
1089 2577 1150 2643 hoc
1174 2586 1207 2644 et

109 2677 234 2741 nudum
253 2700 452 2763 responsum,
470 2680 554 2764 quod
574 2678 627 2743 hie
641 2678 739 2745 infert
754 2678 795 2744 de
810 2680 922 2762 operris.
968 2679 1066 2760 Nam,
1082 2682 1154 2766 quia
1169 2703 1209 2746 ex

110 2782 225 2843 collatu
247 2781 281 2845 iu
305 2802 414 2866 eperwe
434 2783 650 2866 Eleemouyua,
669 2782 809 2848 Clericus
837 2803 982 2866 unquam
1010 2785 1135 2868 putavit
1161 2785 1210 2849 di-

109 2882 233 2948 tiores?
285 2884 361 2950 Alia
387 2885 516 2970 quidem
539 2886 823 2969 Eleenweyuurum,
853 2885 917 2950 alia
941 2886 1210 2970 Indulpeutiurum

110 2986 201 3051 ratio.
247 2987 376 3052 Dantur
389 2989 598 3072 Eleemueyuoe
609 3015 621 3064 ,·
643 2995 807 3067 tarantum,
830 2989 871 3053 ad
893 2994 1003 3053 turam
1024 2991 1209 3057 renduntur

109 3088 322 3173 Indulpentioe.
366 3093 444 3156 Nun
465 3092 542 3178 ipaae
562 3092 709 3177 quidem:
733 3091 789 3176 qui
811 3099 949 3175 possunt
973 3092 1118 3160 coeleater
1136 3096 1208 3162 the-

111 3193 221 3256 sauri?
264 3193 361 3262 Quod
374 3195 422 3274 fit,
438 3216 478 3259 ex
492 3195 556 3260 alio
571 3194 674 3279 eapite
689 3194 737 3273 fit,
754 3193 841 3277 quod
855 3194 968 3259 eodem
983 3196 1077 3261 redit.
1121 3199 1209 3263 Taua

111 3303 220 3360 autem
231 3296 377 3362 exstabat
391 3318 457 3361 nou
471 3297 519 3362 ita
532 3296 668 3382 pridem.
712 3297 822 3361 Etiam
835 3297 904 3361 haec
918 3298 1022 3382 puetis
1037 3299 1093 3365 diu
1107 3308 1210 3367 mate-

111 3397 160 3460 ria
187 3396 260 3475 fuit,
287 3397 384 3462 etiam
408 3397 556 3463 Leoniutu
582 3398 722 3463 verullae
745 3398 932 3466 celebratur.
977 3401 1112 3466 Nihilne
1134 3424 1210 3468 vero

110 3501 243 3565 necessit
267 3501 308 3567 ud
326 3503 487 3566 Camarum
510 3503 733 3586 Apostolicum,
758 3524 798 3567 ex
819 3502 955 3568 indultis
977 3504 1210 3589 Indulpeutiia?

109 3604 166 3682 At,
190 3623 262 3687 quae
285 3604 327 3668 ad
351 3604 526 3685 sarcienda,
548 3604 689 3690 tegenda
714 3605 1000 3686 Monasteriorum,
1021 3608 1072 3672 vel
1097 3608 1209 3674 Eccle-

111 3707 231 3770 siarum
252 3714 327 3772 ruta
342 3729 423 3772 caeaa
437 3729 595 3773 eonceasae
617 3708 845 3792 Indulgentiae,
868 3731 935 3774 uon
956 3710 992 3774 in
1009 3711 1161 3776 Eccleaiis
1176 3719 1226 3778 et.

111 3810 320 3875 Munasteriia
344 3811 409 3874 illia
430 3814 553 3875 ventes
581 3813 687 3896 palam
709 3818 743 3876 et
771 3812 876 3895 pretio
900 3813 1097 3898 redemptae?
1142 3815 1210 3880 Ubi

110 3913 225 3978 frons?
248 3913 305 3978 ubi
321 3914 496 3999 collapsum
506 3916 734 3980 Munmteriam
748 3915 888 4000 aliquod,
900 3915 957 3980 ubi
970 3938 1044 4001 para
1057 3918 1210 3983 Ecclesiae

110 4017 250 4093 caduca
243 4041 250 4055 ·
274 4017 341 4081 itur
355 4019 503 4096 Romam,
517 4018 594 4084 iude
608 4018 796 4084 deferuntur
810 4018 1023 4103 Indulpeutioe,
1039 4021 1156 4106 quibua
1168 4022 1211 4088 ad

142 4213 154 4246 1
172 4212 267 4276 [Gonu
311 4213 424 4265 'l'rident
448 4214 536 4279 [Sem
582 4217 635 4266 ut
680 4215 739 4276 700,
750 4215 807 4275 817,
818 4215 888 4279 818]

110 4212 219 4343 [Decret.
237 4277 269 4327 de
324 4279 397 4329 form.
427 4280 528 4345 euplx.
559 4280 634 4332 (lone.
710 4279 945 4344 Ι[71ι1οΟοιιιιι1.
968 4278 1087 4344 Urnperg.
1114 4279 1206 4331 (lhrou.

110 4346 200 4392 tornx
182 4344 234 4392 riu
243 4294 473 4394 601861οω9
678 4345 769 4409 ptol.
788 4343 864 4394 Burri
877 4344 962 4408 1669]

204 4407 321 4457 varitiam
343 4407 496 4458 Pontificum
518 4410 636 4473 perstrlu·
711 4407 818 4473 [Vide
827 4407 1227 4463 chemmeunnconalriu

109 4407 261 4535 giiiinuu.
276 4472 508 4539 PuriaHiatlllup
525 4489 567 4539 pp.
580 4477 635 4534 888,
678 4473 873 4539 par.ir.pltl.]
964 4488 966 4493 ·
