2910 4926
266 267 328 328 112
580 280 623 328 an
645 279 836 328 oenomaus
857 277 1056 325 nmmum

263 438 414 503 favorem.
460 436 624 501 Adrianus
657 457 727 500 rem
753 443 878 518 gratam
900 434 1000 499 habet
1024 442 1057 498 et
1082 440 1254 518 acceptam.
1301 438 1366 502 Sed

263 563 368 624 neque
395 541 520 603 donatio
546 539 592 603 ibi
614 539 689 617 ulla,
706 545 739 602 et
761 537 914 620 Epistola
935 537 1021 600 illius
1043 537 1074 599 vi
1096 537 1178 600 nihil
1193 547 1365 619 tentatum,

263 644 346 708 nihil
369 651 559 727 occupatum
583 649 642 706 est.

308 747 502 815 Quindecim
525 754 598 831 post
624 745 726 822 annis,
750 745 910 809 Dermitio
932 745 1082 828 Lageniae
1098 745 1190 827 Regi,
1214 769 1233 809 a
1253 747 1366 811 vicinis

263 852 409 916 hostibus
421 851 600 935 profligato,
616 849 760 933 supplici,
777 848 816 913 ad
832 871 866 913 se
881 849 1079 933 confugienti
1095 850 1257 913 Henricns
1272 873 1366 935 opem

263 955 340 1019 tulit
348 964 372 1018 ¹.
420 955 555 1018 Factum
574 953 660 1031 inde,
676 953 796 1016 virtute
817 952 970 1030 militum,
986 959 1019 1015 et
1035 951 1197 1016 deditione
1212 952 1365 1031 hostium,

263 1066 302 1122 ut
318 1058 478 1122 Hibernia
492 1057 527 1120 in
541 1063 735 1140 potestatem
751 1055 850 1137 Regis
865 1055 999 1118 venerit.
1046 1056 1066 1117 J
1069 1076 1125 1118 ure
1140 1076 1216 1138 ergo
1232 1056 1367 1119 Socialr'a

265 1161 347 1240 belli,
363 1183 430 1224 non
445 1161 518 1223 doni
533 1160 630 1223 ullius
654 1157 837 1239 Pontificii:
861 1165 891 1221 et
903 1159 1012 1240 plodio
1025 1179 1090 1237 aaa,
1107 1180 1173 1221 non
1189 1160 1286 1240 Papa
1302 1161 1366 1223 cla·

264 1265 361 1342 vibra,
380 1264 571 1327 Hiberniam
588 1264 692 1345 Reges
707 1263 809 1325 nostri
825 1268 983 1343 acceptam
998 1261 1116 1325 ferunt.

310 1369 393 1432 Cum
408 1388 483 1431 vero
498 1366 538 1430 de
553 1365 751 1450 subjicienda
766 1364 827 1428 sibi
843 1364 1001 1428 Hibernia
1015 1365 1185 1430 consilium
1206 1368 1366 1431 conferret

267 1470 430 1536 Henricus
449 1491 522 1534 cum
545 1469 700 1546 Adriano,
717 1489 833 1551 nempe
848 1468 966 1551 Anglo,
983 1476 1015 1531 et
1040 1468 1168 1533 subdito
1186 1492 1264 1534 suo:
1289 1470 1367 1554 quid

265 1573 341 1638 inde
356 1574 488 1652 factum,
504 1573 591 1636 videt
607 1573 733 1636 Lector.
770 1571 866 1638 Quod
881 1571 969 1650 olim,
986 1593 1060 1634 cum
1078 1573 1192 1636 Galliae
1206 1595 1365 1657 proceres,

266 1676 307 1740 de
323 1677 489 1740 Hilderico
505 1684 660 1759 tanquam
683 1675 791 1738 inutili
810 1674 998 1753 abdicando,
1014 1696 1089 1738 cum
1111 1676 1265 1741 Zacharia
1279 1679 1366 1762 Papa

266 1778 575 1843 communicarent&
632 1779 726 1857 Exin,
753 1777 839 1859 haud
871 1777 952 1840 alius
984 1778 1188 1843 Hildericum
1217 1779 1366 1864 deposuit

267 1903 363 1964 quam
378 1882 475 1964 Papa.
523 1882 595 1946 Hoc
610 1881 696 1944 idem
711 1901 786 1944 oum
806 1881 950 1945 Adriano
971 1881 1091 1944 fuceret
1107 1881 1270 1947 Henricus
1286 1885 1365 1964 Rex,

266 2005 341 2048 cum
373 1985 567 2048 sententiam
596 1991 734 2067 rogaret,
761 1983 931 2047 consilium
961 1991 1126 2068 expeteret
1152 1992 1185 2050 et
1213 1986 1364 2066 favorem,

267 2089 417 2171 Regnum
443 2088 611 2171 Hibernia
635 2086 778 2151 Henrico
809 2086 894 2151 dono
924 2086 1037 2151 datum
1059 2094 1118 2152 est.
1172 2088 1305 2166 Mirum,
1331 2091 1365 2152 ni

219 2265 223 2271 ,
266 2190 311 2254 sic
334 2199 459 2254 constet
489 2191 597 2271 etiam,
626 2191 772 2273 Hispano
802 2212 915 2274 nuper,
943 2190 1072 2255 Indiam
1102 2191 1362 2270 Occidentalem;

267 2294 432 2372 Lusitano,
450 2293 649 2358 Orientalem
664 2293 704 2356 ab
719 2293 905 2357 Alexandro
920 2293 1028 2357 datam
1040 2305 1070 2369 ¹3
1097 2301 1135 2358 ut
1150 2294 1365 2378 quodcunque

265 2396 302 2459 in
320 2397 470 2480 Regnum
494 2396 564 2480 quis
585 2396 640 2480 jus
663 2417 782 2459 novum
806 2396 953 2480 acquirit,
974 2396 1009 2460 id
1031 2403 1175 2480 oporteat
1196 2404 1365 2481 acceptum

266 2500 384 2564 referre
414 2500 574 2582 Pontifici,
604 2507 637 2564 et
666 2521 705 2564 ex
735 2501 814 2563 daco
842 2501 942 2585 ipsius
967 2501 1115 2565 habuisse
1140 2522 1184 2579 se,
1208 2503 1364 2566 confiteri.

268 2605 403 2669 Cautius
426 2626 503 2688 ergo
526 2604 652 2681 dehinc,
677 2605 866 2688 parciusque
893 2605 1095 2689 Principibus
1117 2606 1277 2690 agendum
1292 2627 1365 2670 cum

267 2707 434 2771 Pontifice.
463 2709 548 2772 Date
562 2707 609 2770 illi
621 2707 743 2790 aliquid
757 2710 951 2789 eleemosyna
965 2709 1115 2786 nomine;
1128 2709 1222 2793 jubet
1236 2709 1367 2774 inscribi

266 2833 325 2896 pro
339 2812 498 2894 vectigale.
547 2812 710 2876 Osmletur
729 2812 759 2876 ei
780 2812 850 2895 quis
866 2813 999 2893 pedem
1022 2813 1201 2877 calcabitei
1223 2816 1364 2878 amices.

270 2915 372 2978 attalo
387 2914 569 2998 impertiat3
592 2913 653 2979 ibit
664 2914 711 2978 illi
727 2916 837 2978 statim
853 2916 962 2978 titulus
976 2915 1012 2979 in
1026 2924 1255 2999 argumentum
1269 2920 1366 2999 majo·

265 3019 374 3081 citatis
389 3039 464 3082 suae.
503 3018 658 3083 consulat
672 3039 747 3082 eum
763 3019 843 3102 quis,
859 3017 1034 3101 qaidsacta
1049 3041 1124 3102 opus
1139 3021 1198 3084 sit:
1215 3022 1365 3104 quicquid

267 3143 307 3185 ea
335 3143 370 3185 eo
392 3120 485 3203 sacto
507 3131 730 3206 consequetur,
754 3125 809 3186 am·
831 3123 892 3186 sibi
914 3123 1091 3209 deputabit.
1138 3124 1201 3188 Hae
1215 3125 1364 3189 Pontifici

267 3232 352 3290 artes
367 3232 452 3306 sunt,
468 3227 530 3290 hoc
541 3226 615 3309 jure
629 3226 664 3288 in
680 3227 784 3309 Reges
799 3227 912 3290 utitur.

299 3403 311 3426 ¹
328 3395 423 3446 Girald.
440 3395 548 3446 Hibem.
567 3395 685 3460 Rxpugn.
705 3411 758 3459 cap.
772 3399 795 3446 1.
840 3396 893 3460 ejus
905 3396 985 3446 locum
998 3396 1136 3456 substituit,
1148 3411 1284 3459 omnesque
1292 3396 1365 3447 Frau-

267 3458 344 3524 [apud
357 3460 478 3511 camdeni
490 3461 606 3523 Anglica,
618 3461 641 3510 N
645 3461 796 3522 ormanniaa,
840 3463 941 3523 cigeuas
952 3476 967 3510 a
979 3460 995 3510 J
997 3465 1127 3511 uramenta
1144 3459 1282 3522 fidelitatis,
1298 3462 1365 3525 quod

265 3525 426 3655 ehpffttt
454 3591 459 3603 ,
738 3591 744 3602 ‚
840 3526 880 3575 nu
894 3525 1367 3616 susurnt‚2aarut.‘¹-paefearar3n.

267 3592 515 3714 ainnfflhibi
530 3589 796 3716 &diffiditis
838 3590 1325 3732 33‡J{;.⁰c¹hffhh.⁰{¹'d¹f'1ddi¹⁸
1333 3619 1366 3627 ”“

267 3734 319 3769 non
339 3724 391 3770 tam
408 3734 454 3782 pro
465 3720 517 3768 suis
528 3719 706 3782 iniquitatibus
717 3734 793 3782 quam
869 3728 879 3751 ¹
898 3718 977 3785 [Vide
987 3720 1030 3769 vii.
1045 3719 1169 3769 Decretal.
1185 3719 1230 3770 lib.
1242 3721 1259 3769 i.
1278 3724 1318 3769 trt.
1331 3721 1366 3770 ix.

267 3798 313 3861 pro
329 3799 358 3834 eo
376 3783 443 3847 quod
459 3788 538 3834 tautae
551 3784 671 3859 potestati
682 3788 747 3860 esset
757 3785 793 3833 in·
837 3799 890 3848 cap.
910 3784 982 3833 Unic.
1001 3783 1173 3834 ‘Alexander'
1191 3785 1248 3862 coit.
1260 3787 1366 3836 aa-al.

267 3847 351 3963 gffli’i
363 3846 794 3977 {pffffiffiffi'gezgffiuffi
836 3848 904 3912 apud
915 3849 989 3913 Corp.
1000 3848 1054 3898 Jur.
1067 3849 1127 3900 Cau
1139 3852 1201 3900 tom.
1213 3847 1260 3913 m]
