<?xml version="1.0" encoding="UTF-8"?>
<!DOCTYPE html PUBLIC "-//W3C//DTD XHTML 1.0 Transitional//EN"
    "http://www.w3.org/TR/xhtml1/DTD/xhtml1-transitional.dtd">
<html xmlns="http://www.w3.org/1999/xhtml" xml:lang="en" lang="en">
 <head>
  <title>
</title>
<meta http-equiv="Content-Type" content="text/html;charset=utf-8" />
  <meta name='ocr-system' content='tesseract 3.04.00' />
  <meta name='ocr-capabilities' content='ocr_page ocr_carea ocr_par ocr_line ocrx_word'/>
</head>
<body>
  <div class='ocr_page' id='page_1' title='image "./responsioadapol00andrgoog_0109.png"; bbox 0 0 2910 4926; ppageno 0'>
   <div class='ocr_carea' id='block_1_1' title="bbox 270 273 1059 336">
    <p class='ocr_par' dir='ltr' id='par_1_1' title="bbox 270 273 1059 336">
     <span class='ocr_line' id='line_1_1' title="bbox 270 273 1059 336; baseline -0.005 0"><span class='ocrx_word' id='word_1_1' title='bbox 270 273 313 336; x_wconf 83' lang='lat'>66</span> <span class='ocrx_word' id='word_1_2' title='bbox 583 285 626 333; x_wconf 77' lang='lat' dir='ltr'>su</span> <span class='ocrx_word' id='word_1_3' title='bbox 648 285 840 333; x_wconf 81' lang='lat' dir='ltr'>omnmsms</span> <span class='ocrx_word' id='word_1_4' title='bbox 861 284 1059 332; x_wconf 80' lang='lat' dir='ltr'>nmmnuuu</span> 
     </span>
    </p>
   </div>
   <div class='ocr_carea' id='block_1_2' title="bbox 164 436 1377 3322">
    <p class='ocr_par' dir='ltr' id='par_1_2' title="bbox 164 436 1377 3322">
     <span class='ocr_line' id='line_1_2' title="bbox 271 436 1372 525; baseline -0.006 -19"><span class='ocrx_word' id='word_1_5' title='bbox 271 442 352 506; x_wconf 86' lang='lat' dir='ltr'>Rex.</span> <span class='ocrx_word' id='word_1_6' title='bbox 397 442 469 505; x_wconf 89' lang='lat' dir='ltr'>Nee</span> <span class='ocrx_word' id='word_1_7' title='bbox 493 440 580 504; x_wconf 80' lang='lat' dir='ltr'>enim</span> <span class='ocrx_word' id='word_1_8' title='bbox 606 441 780 525; x_wconf 82' lang='lat' dir='ltr'><strong>Angelum,</strong></span> <span class='ocrx_word' id='word_1_9' title='bbox 808 462 904 523; x_wconf 92' lang='lat' dir='ltr'>quem</span> <span class='ocrx_word' id='word_1_10' title='bbox 938 438 1070 502; x_wconf 80' lang='lat' dir='ltr'>adorare</span> <span class='ocrx_word' id='word_1_11' title='bbox 1092 436 1203 515; x_wconf 92' lang='lat' dir='ltr'>voluit,</span> <span class='ocrx_word' id='word_1_12' title='bbox 1229 438 1372 500; x_wconf 85' lang='lat' dir='ltr'>Joannes</span> 
     </span>
     <span class='ocr_line' id='line_1_3' title="bbox 274 542 1373 628; baseline -0.004 -20"><span class='ocrx_word' id='word_1_13' title='bbox 274 546 410 627; x_wconf 87' lang='lat' dir='ltr'>(saltem,</span> <span class='ocrx_word' id='word_1_14' title='bbox 434 567 502 609; x_wconf 92' lang='lat' dir='ltr'>nou</span> <span class='ocrx_word' id='word_1_15' title='bbox 522 544 662 609; x_wconf 88' lang='lat' dir='ltr'>secunda</span> <span class='ocrx_word' id='word_1_16' title='bbox 676 545 754 628; x_wconf 86' lang='lat' dir='ltr'>viee)</span> <span class='ocrx_word' id='word_1_17' title='bbox 774 544 939 628; x_wconf 83' lang='lat' dir='ltr'>Angelum</span> <span class='ocrx_word' id='word_1_18' title='bbox 960 542 1094 607; x_wconf 89' lang='lat' dir='ltr'>nescivit</span> <span class='ocrx_word' id='word_1_19' title='bbox 1109 563 1198 618; x_wconf 87' lang='lat' dir='ltr'>esse;</span> <span class='ocrx_word' id='word_1_20' title='bbox 1222 562 1283 605; x_wconf 90' lang='lat' dir='ltr'>nec</span> <span class='ocrx_word' id='word_1_21' title='bbox 1300 563 1373 624; x_wconf 91' lang='lat' dir='ltr'>per-</span> 
     </span>
     <span class='ocr_line' id='line_1_4' title="bbox 272 645 1371 730; baseline -0.005 -18"><span class='ocrx_word' id='word_1_22' title='bbox 272 671 384 713; x_wconf 82' lang='lat' dir='ltr'>sonam</span> <span class='ocrx_word' id='word_1_23' title='bbox 399 648 523 712; x_wconf 86' lang='lat' dir='ltr'>Triadis</span> <span class='ocrx_word' id='word_1_24' title='bbox 538 649 648 727; x_wconf 88' lang='lat' dir='ltr'>ullam,</span> <span class='ocrx_word' id='word_1_25' title='bbox 664 657 720 712; x_wconf 83' lang='lat' dir='ltr'>aut</span> <span class='ocrx_word' id='word_1_26' title='bbox 736 649 852 726; x_wconf 89' lang='lat' dir='ltr'>Deum,</span> <span class='ocrx_word' id='word_1_27' title='bbox 868 668 926 730; x_wconf 90' lang='lat' dir='ltr'>pcr</span> <span class='ocrx_word' id='word_1_28' title='bbox 941 668 1081 710; x_wconf 88' lang='lat' dir='ltr'>errorem</span> <span class='ocrx_word' id='word_1_29' title='bbox 1096 646 1231 729; x_wconf 84' lang='lat' dir='ltr'>putavit,</span> <span class='ocrx_word' id='word_1_30' title='bbox 1246 654 1284 708; x_wconf 92' lang='lat' dir='ltr'>ut</span> <span class='ocrx_word' id='word_1_31' title='bbox 1305 645 1371 727; x_wconf 85' lang='lat' dir='ltr'>(qui</span> 
     </span>
     <span class='ocr_line' id='line_1_5' title="bbox 272 749 1371 832; baseline -0.004 -17"><span class='ocrx_word' id='word_1_32' title='bbox 272 752 331 816; x_wconf 91' lang='lat' dir='ltr'>soli</span> <span class='ocrx_word' id='word_1_33' title='bbox 347 754 417 817; x_wconf 91' lang='lat' dir='ltr'>Deo</span> <span class='ocrx_word' id='word_1_34' title='bbox 433 751 579 832; x_wconf 90' lang='lat' dir='ltr'>debetur)</span> <span class='ocrx_word' id='word_1_35' title='bbox 599 751 754 815; x_wconf 85' lang='lat' dir='ltr'>honorem</span> <span class='ocrx_word' id='word_1_36' title='bbox 770 752 800 815; x_wconf 89' lang='lat' dir='ltr'>ei</span> <span class='ocrx_word' id='word_1_37' title='bbox 815 751 939 814; x_wconf 80' lang='lat' dir='ltr'>deleme</span> <span class='ocrx_word' id='word_1_38' title='bbox 954 751 1058 814; x_wconf 88' lang='lat' dir='ltr'>vellet.</span> <span class='ocrx_word' id='word_1_39' title='bbox 1097 749 1251 813; x_wconf 84' lang='lat' dir='ltr'>Adoravit</span> <span class='ocrx_word' id='word_1_40' title='bbox 1266 749 1371 826; x_wconf 91' lang='lat' dir='ltr'>modo,</span> 
     </span>
     <span class='ocr_line' id='line_1_6' title="bbox 272 852 1375 938; baseline -0.005 -19"><span class='ocrx_word' id='word_1_41' title='bbox 272 877 333 920; x_wconf 90' lang='lat' dir='ltr'>nec</span> <span class='ocrx_word' id='word_1_42' title='bbox 357 856 419 919; x_wconf 84' lang='lat' dir='ltr'>alio</span> <span class='ocrx_word' id='word_1_43' title='bbox 443 855 637 918; x_wconf 80' lang='lat' dir='ltr'>odorati-ouis</span> <span class='ocrx_word' id='word_1_44' title='bbox 661 875 788 938; x_wconf 84' lang='lat' dir='ltr'>genere,</span> <span class='ocrx_word' id='word_1_45' title='bbox 809 876 905 937; x_wconf 86' lang='lat' dir='ltr'>quam</span> <span class='ocrx_word' id='word_1_46' title='bbox 927 874 992 936; x_wconf 76' lang='lat' dir='ltr'>quc</span> <span class='ocrx_word' id='word_1_47' title='bbox 1015 854 1106 916; x_wconf 81' lang='lat' dir='ltr'>redes</span> <span class='ocrx_word' id='word_1_48' title='bbox 1127 854 1228 915; x_wconf 80' lang='lat' dir='ltr'>saeris</span> <span class='ocrx_word' id='word_1_49' title='bbox 1248 852 1375 915; x_wconf 82' lang='lat' dir='ltr'>debetur</span> 
     </span>
     <span class='ocr_line' id='line_1_7' title="bbox 275 955 1373 1041; baseline -0.004 -19"><span class='ocrx_word' id='word_1_50' title='bbox 275 959 324 1040; x_wconf 92' lang='lat' dir='ltr'>(ut</span> <span class='ocrx_word' id='word_1_51' title='bbox 339 957 502 1023; x_wconf 84' lang='lat' dir='ltr'>Cardinali</span> <span class='ocrx_word' id='word_1_52' title='bbox 517 959 620 1040; x_wconf 89' lang='lat' dir='ltr'>placet</span> <span class='ocrx_word' id='word_1_53' title='bbox 632 957 651 1041; x_wconf 76' lang='grc' dir='ltr'>ε)</span> <span class='ocrx_word' id='word_1_54' title='bbox 672 967 705 1021; x_wconf 82' lang='lat' dir='ltr'>at</span> <span class='ocrx_word' id='word_1_55' title='bbox 720 958 823 1021; x_wconf 87' lang='lat' dir='ltr'>vetuit</span> <span class='ocrx_word' id='word_1_56' title='bbox 838 965 948 1020; x_wconf 82' lang='lat' dir='ltr'>tamen</span> <span class='ocrx_word' id='word_1_57' title='bbox 962 958 1101 1039; x_wconf 71' lang='lat' dir='ltr'>Angelus</span> <span class='ocrx_word' id='word_1_58' title='bbox 1114 977 1156 1019; x_wconf 89' lang='lat' dir='ltr'>ne</span> <span class='ocrx_word' id='word_1_59' title='bbox 1179 956 1307 1034; x_wconf 86' lang='lat' dir='ltr'>faceret,</span> <span class='ocrx_word' id='word_1_60' title='bbox 1323 955 1373 1019; x_wconf 84' lang='lat' dir='ltr'>bis</span> 
     </span>
     <span class='ocr_line' id='line_1_8' title="bbox 271 1059 1375 1144; baseline -0.003 -19"><span class='ocrx_word' id='word_1_61' title='bbox 271 1062 384 1140; x_wconf 90' lang='lat' dir='ltr'>vetuit,</span> <span class='ocrx_word' id='word_1_62' title='bbox 400 1061 450 1125; x_wconf 94' lang='lat' dir='ltr'>bis</span> <span class='ocrx_word' id='word_1_63' title='bbox 464 1061 685 1144; x_wconf 83' lang='lat' dir='ltr'>ingeminavit,</span> <span class='ocrx_word' id='word_1_64' title='bbox 708 1061 785 1124; x_wconf 80' lang='lat' dir='ltr'>Vide</span> <span class='ocrx_word' id='word_1_65' title='bbox 800 1082 838 1123; x_wconf 81' lang='lat' dir='ltr'>ne</span> <span class='ocrx_word' id='word_1_66' title='bbox 853 1059 993 1142; x_wconf 81' lang='lat' dir='ltr'>feceris:</span> <span class='ocrx_word' id='word_1_67' title='bbox 1010 1061 1110 1124; x_wconf 85' lang='lat' dir='ltr'>Deum</span> <span class='ocrx_word' id='word_1_68' title='bbox 1125 1061 1258 1122; x_wconf 63' lang='lat' dir='ltr'>adoran.</span> <span class='ocrx_word' id='word_1_69' title='bbox 1303 1060 1375 1122; x_wconf 83' lang='lat' dir='ltr'>Nec</span> 
     </span>
     <span class='ocr_line' id='line_1_9' title="bbox 272 1161 1374 1246; baseline -0.005 -18"><span class='ocrx_word' id='word_1_70' title='bbox 272 1165 360 1228; x_wconf 87' lang='lat' dir='ltr'>enim</span> <span class='ocrx_word' id='word_1_71' title='bbox 377 1174 457 1229; x_wconf 90' lang='lat' dir='ltr'>nota</span> <span class='ocrx_word' id='word_1_72' title='bbox 471 1164 606 1228; x_wconf 84' lang='lat' dir='ltr'>fortusse</span> <span class='ocrx_word' id='word_1_73' title='bbox 621 1164 757 1246; x_wconf 88' lang='lat' dir='ltr'>Ange10,</span> <span class='ocrx_word' id='word_1_74' title='bbox 780 1184 841 1227; x_wconf 90' lang='lat' dir='ltr'>nec</span> <span class='ocrx_word' id='word_1_75' title='bbox 864 1163 907 1227; x_wconf 87' lang='lat' dir='ltr'>D.</span> <span class='ocrx_word' id='word_1_76' title='bbox 925 1163 1043 1226; x_wconf 87' lang='lat' dir='ltr'>Joanni</span> <span class='ocrx_word' id='word_1_77' title='bbox 1062 1170 1141 1225; x_wconf 86' lang='lat' dir='ltr'>nota</span> <span class='ocrx_word' id='word_1_78' title='bbox 1164 1164 1246 1244; x_wconf 85' lang='lat' dir='ltr'>(quae</span> <span class='ocrx_word' id='word_1_79' title='bbox 1262 1161 1374 1226; x_wconf 90' lang='lat' dir='ltr'>Cardi-</span> 
     </span>
     <span class='ocr_line' id='line_1_10' title="bbox 271 1266 1374 1351; baseline -0.004 -20"><span class='ocrx_word' id='word_1_80' title='bbox 271 1268 337 1331; x_wconf 88' lang='lat' dir='ltr'>nali</span> <span class='ocrx_word' id='word_1_81' title='bbox 352 1274 420 1331; x_wconf 86' lang='lat' dir='ltr'>tam</span> <span class='ocrx_word' id='word_1_82' title='bbox 435 1268 598 1351; x_wconf 87' lang='lat' dir='ltr'>explorata</span> <span class='ocrx_word' id='word_1_83' title='bbox 609 1268 696 1349; x_wconf 82' lang='lat' dir='ltr'>sunt)</span> <span class='ocrx_word' id='word_1_84' title='bbox 710 1266 905 1330; x_wconf 80' lang='lat' dir='ltr'>odorationis</span> <span class='ocrx_word' id='word_1_85' title='bbox 915 1287 1031 1349; x_wconf 70' lang='lat' dir='ltr'>periero</span> <span class='ocrx_word' id='word_1_86' title='bbox 1046 1267 1163 1328; x_wconf 81' lang='lat' dir='ltr'>multa:</span> <span class='ocrx_word' id='word_1_87' title='bbox 1181 1266 1228 1328; x_wconf 95' lang='lat' dir='ltr'>Ut</span> <span class='ocrx_word' id='word_1_88' title='bbox 1244 1286 1374 1328; x_wconf 90' lang='lat' dir='ltr'>monere</span> 
     </span>
     <span class='ocr_line' id='line_1_11' title="bbox 271 1368 1373 1455; baseline -0.003 -21"><span class='ocrx_word' id='word_1_89' title='bbox 271 1371 427 1455; x_wconf 89' lang='lat' dir='ltr'>potuisset</span> <span class='ocrx_word' id='word_1_90' title='bbox 448 1372 590 1434; x_wconf 84' lang='lat' dir='ltr'>Joaunes</span> <span class='ocrx_word' id='word_1_91' title='bbox 609 1371 784 1453; x_wconf 83' lang='lat' dir='ltr'>Angelum,</span> <span class='ocrx_word' id='word_1_92' title='bbox 810 1371 886 1434; x_wconf 89' lang='lat' dir='ltr'>Sine</span> <span class='ocrx_word' id='word_1_93' title='bbox 901 1391 976 1434; x_wconf 86' lang='lat' dir='ltr'>vero</span> <span class='ocrx_word' id='word_1_94' title='bbox 995 1378 1028 1433; x_wconf 91' lang='lat' dir='ltr'>te</span> <span class='ocrx_word' id='word_1_95' title='bbox 1043 1370 1168 1432; x_wconf 84' lang='lat' dir='ltr'>adorem</span> <span class='ocrx_word' id='word_1_96' title='bbox 1181 1397 1191 1430; x_wconf 91' lang='lat'>.·</span> <span class='ocrx_word' id='word_1_97' title='bbox 1214 1368 1373 1451; x_wconf 85' lang='lat' dir='ltr'>Equidem</span> 
     </span>
     <span class='ocr_line' id='line_1_12' title="bbox 272 1472 1373 1556; baseline -0.004 -18"><span class='ocrx_word' id='word_1_98' title='bbox 272 1495 339 1538; x_wconf 91' lang='lat' dir='ltr'>non</span> <span class='ocrx_word' id='word_1_99' title='bbox 360 1474 457 1537; x_wconf 82' lang='lat' dir='ltr'>adoro</span> <span class='ocrx_word' id='word_1_100' title='bbox 477 1482 521 1550; x_wconf 91' lang='lat' dir='ltr'>te,</span> <span class='ocrx_word' id='word_1_101' title='bbox 540 1495 579 1537; x_wconf 86' lang='lat' dir='ltr'>ea</span> <span class='ocrx_word' id='word_1_102' title='bbox 603 1494 673 1556; x_wconf 88' lang='lat' dir='ltr'>quae</span> <span class='ocrx_word' id='word_1_103' title='bbox 694 1475 765 1538; x_wconf 93' lang='lat' dir='ltr'>Deo</span> <span class='ocrx_word' id='word_1_104' title='bbox 786 1473 854 1551; x_wconf 90' lang='lat' dir='ltr'>soli,</span> <span class='ocrx_word' id='word_1_105' title='bbox 870 1472 927 1536; x_wconf 87' lang='lat' dir='ltr'>scd</span> <span class='ocrx_word' id='word_1_106' title='bbox 944 1472 1007 1536; x_wconf 83' lang='lat' dir='ltr'>ulio</span> <span class='ocrx_word' id='word_1_107' title='bbox 1030 1473 1224 1536; x_wconf 81' lang='lat' dir='ltr'>adorationis</span> <span class='ocrx_word' id='word_1_108' title='bbox 1246 1494 1373 1555; x_wconf 86' lang='lat' dir='ltr'>genere,</span> 
     </span>
     <span class='ocr_line' id='line_1_13' title="bbox 274 1574 1375 1660; baseline -0.002 -20"><span class='ocrx_word' id='word_1_109' title='bbox 274 1597 340 1660; x_wconf 75' lang='lat' dir='ltr'>quc</span> <span class='ocrx_word' id='word_1_110' title='bbox 363 1584 393 1640; x_wconf 85' lang='lat' dir='ltr'>et</span> <span class='ocrx_word' id='word_1_111' title='bbox 416 1576 639 1654; x_wconf 69' lang='lat' dir='ltr'>reduceretis,</span> <span class='ocrx_word' id='word_1_112' title='bbox 661 1597 835 1660; x_wconf 85' lang='lat' dir='ltr'>earumque</span> <span class='ocrx_word' id='word_1_113' title='bbox 856 1576 1011 1658; x_wconf 68' lang='lat' dir='ltr'>Reliquias</span> <span class='ocrx_word' id='word_1_114' title='bbox 1033 1575 1176 1639; x_wconf 89' lang='lat' dir='ltr'>debetur.</span> <span class='ocrx_word' id='word_1_115' title='bbox 1221 1576 1294 1639; x_wconf 90' lang='lat' dir='ltr'>Nee</span> <span class='ocrx_word' id='word_1_116' title='bbox 1313 1574 1375 1638; x_wconf 92' lang='lat' dir='ltr'>hoc</span> 
     </span>
     <span class='ocr_line' id='line_1_14' title="bbox 164 1671 1374 1763; baseline -0.003 -18"><span class='ocrx_word' id='word_1_117' title='bbox 164 1671 207 1733; x_wconf 84' lang='lat'>5⁰</span> <span class='ocrx_word' id='word_1_118' title='bbox 273 1690 345 1745; x_wconf 87' lang='lat' dir='ltr'>tum</span> <span class='ocrx_word' id='word_1_119' title='bbox 369 1680 586 1743; x_wconf 88' lang='lat' dir='ltr'>distinctionis</span> <span class='ocrx_word' id='word_1_120' title='bbox 608 1680 818 1763; x_wconf 84' lang='lat' dir='ltr'>emplastrum</span> <span class='ocrx_word' id='word_1_121' title='bbox 841 1678 989 1743; x_wconf 82' lang='lat' dir='ltr'>adhibuit</span> <span class='ocrx_word' id='word_1_122' title='bbox 1010 1680 1162 1756; x_wconf 82' lang='lat' dir='ltr'>Joannes,</span> <span class='ocrx_word' id='word_1_123' title='bbox 1185 1700 1245 1743; x_wconf 91' lang='lat' dir='ltr'>nec</span> <span class='ocrx_word' id='word_1_124' title='bbox 1268 1679 1374 1760; x_wconf 86' lang='lat' dir='ltr'>aequi-</span> 
     </span>
     <span class='ocr_line' id='line_1_15' title="bbox 274 1782 1376 1866; baseline -0.002 -19"><span class='ocrx_word' id='word_1_125' title='bbox 274 1784 338 1847; x_wconf 88' lang='lat' dir='ltr'>evit</span> <span class='ocrx_word' id='word_1_126' title='bbox 354 1784 383 1848; x_wconf 89' lang='lat' dir='ltr'>ei</span> <span class='ocrx_word' id='word_1_127' title='bbox 397 1784 563 1866; x_wconf 82' lang='lat' dir='ltr'>Angelus:</span> <span class='ocrx_word' id='word_1_128' title='bbox 586 1784 759 1847; x_wconf 84' lang='lat' dir='ltr'>inculcavit</span> <span class='ocrx_word' id='word_1_129' title='bbox 773 1783 813 1863; x_wconf 90' lang='lat' dir='ltr'>ei,</span> <span class='ocrx_word' id='word_1_130' title='bbox 832 1782 929 1866; x_wconf 92' lang='lat' dir='ltr'>(quod</span> <span class='ocrx_word' id='word_1_131' title='bbox 944 1792 977 1846; x_wconf 91' lang='lat' dir='ltr'>et</span> <span class='ocrx_word' id='word_1_132' title='bbox 991 1782 1084 1847; x_wconf 88' lang='lat' dir='ltr'>nobis</span> <span class='ocrx_word' id='word_1_133' title='bbox 1099 1783 1221 1865; x_wconf 69' lang='lat' dir='ltr'>haeret)</span> <span class='ocrx_word' id='word_1_134' title='bbox 1245 1784 1322 1845; x_wconf 81' lang='lat' dir='ltr'>Vide</span> <span class='ocrx_word' id='word_1_135' title='bbox 1338 1805 1376 1845; x_wconf 80' lang='lat' dir='ltr'>ne</span> 
     </span>
     <span class='ocr_line' id='line_1_16' title="bbox 266 1887 1376 1970; baseline 0 -20"><span class='ocrx_word' id='word_1_136' title='bbox 266 1887 408 1967; x_wconf 77' lang='lat' dir='ltr'>feceris:</span> <span class='ocrx_word' id='word_1_137' title='bbox 439 1888 539 1949; x_wconf 79' lang='lat' dir='ltr'>Deum</span> <span class='ocrx_word' id='word_1_138' title='bbox 562 1888 670 1950; x_wconf 83' lang='lat' dir='ltr'>adoro.</span> <span class='ocrx_word' id='word_1_139' title='bbox 716 1888 787 1951; x_wconf 87' lang='lat' dir='ltr'>Nec</span> <span class='ocrx_word' id='word_1_140' title='bbox 811 1895 860 1950; x_wconf 91' lang='lat' dir='ltr'>est</span> <span class='ocrx_word' id='word_1_141' title='bbox 883 1887 1082 1970; x_wconf 87' lang='lat' dir='ltr'>Angelorum</span> <span class='ocrx_word' id='word_1_142' title='bbox 1106 1887 1188 1949; x_wconf 85' lang='lat' dir='ltr'>ratio</span> <span class='ocrx_word' id='word_1_143' title='bbox 1215 1887 1287 1964; x_wconf 84' lang='lat' dir='ltr'>alia,</span> <span class='ocrx_word' id='word_1_144' title='bbox 1314 1888 1376 1950; x_wconf 83' lang='lat' dir='ltr'>alia</span> 
     </span>
     <span class='ocr_line' id='line_1_17' title="bbox 277 1990 1375 2073; baseline -0.001 -19"><span class='ocrx_word' id='word_1_145' title='bbox 277 1993 487 2054; x_wconf 88' lang='lat' dir='ltr'>Sanctorum:</span> <span class='ocrx_word' id='word_1_146' title='bbox 512 2010 571 2053; x_wconf 92' lang='lat' dir='ltr'>nec</span> <span class='ocrx_word' id='word_1_147' title='bbox 587 1999 637 2054; x_wconf 87' lang='lat' dir='ltr'>est</span> <span class='ocrx_word' id='word_1_148' title='bbox 651 1991 867 2073; x_wconf 78' lang='lat' dir='ltr'>Reliquiurum</span> <span class='ocrx_word' id='word_1_149' title='bbox 889 1990 972 2053; x_wconf 87' lang='lat' dir='ltr'>ratio</span> <span class='ocrx_word' id='word_1_150' title='bbox 992 1991 1106 2073; x_wconf 86' lang='lat' dir='ltr'>potior,</span> <span class='ocrx_word' id='word_1_151' title='bbox 1123 2011 1218 2072; x_wconf 90' lang='lat' dir='ltr'>quam</span> <span class='ocrx_word' id='word_1_152' title='bbox 1239 2011 1375 2073; x_wconf 91' lang='lat' dir='ltr'>quorum</span> 
     </span>
     <span class='ocr_line' id='line_1_18' title="bbox 274 2092 1375 2176; baseline -0.001 -20"><span class='ocrx_word' id='word_1_153' title='bbox 274 2095 426 2176; x_wconf 66' lang='lat' dir='ltr'>Reliquiae</span> <span class='ocrx_word' id='word_1_154' title='bbox 452 2109 538 2158; x_wconf 89' lang='lat' dir='ltr'>sunt.</span> <span class='ocrx_word' id='word_1_155' title='bbox 596 2095 668 2158; x_wconf 91' lang='lat' dir='ltr'>Nee</span> <span class='ocrx_word' id='word_1_156' title='bbox 693 2094 741 2157; x_wconf 90' lang='lat' dir='ltr'>ita</span> <span class='ocrx_word' id='word_1_157' title='bbox 770 2093 862 2156; x_wconf 86' lang='lat' dir='ltr'>valde</span> <span class='ocrx_word' id='word_1_158' title='bbox 887 2093 1069 2157; x_wconf 85' lang='lat' dir='ltr'>laborarent</span> <span class='ocrx_word' id='word_1_159' title='bbox 1095 2092 1286 2156; x_wconf 91' lang='lat' dir='ltr'>Ambrosius</span> <span class='ocrx_word' id='word_1_160' title='bbox 1296 2108 1318 2169; x_wconf 90' lang='lat'>⁰,</span> <span class='ocrx_word' id='word_1_161' title='bbox 1343 2102 1375 2155; x_wconf 90' lang='lat' dir='ltr'>et</span> 
     </span>
     <span class='ocr_line' id='line_1_19' title="bbox 274 2194 1374 2280; baseline -0.002 -20"><span class='ocrx_word' id='word_1_162' title='bbox 274 2197 479 2280; x_wconf 89' lang='lat' dir='ltr'>Augustinus</span> <span class='ocrx_word' id='word_1_163' title='bbox 488 2210 512 2274; x_wconf 71' lang='lat' dir='ltr'>P,</span> <span class='ocrx_word' id='word_1_164' title='bbox 529 2194 687 2278; x_wconf 91' lang='lat' dir='ltr'>quomodo</span> <span class='ocrx_word' id='word_1_165' title='bbox 708 2195 873 2258; x_wconf 75' lang='lat' dir='ltr'>scabellum</span> <span class='ocrx_word' id='word_1_166' title='bbox 887 2196 949 2257; x_wconf 84' lang='lat' dir='ltr'>Dei</span> <span class='ocrx_word' id='word_1_167' title='bbox 964 2196 1093 2257; x_wconf 79' lang='lat' dir='ltr'>adorari</span> <span class='ocrx_word' id='word_1_168' title='bbox 1107 2203 1214 2277; x_wconf 89' lang='lat' dir='ltr'>posset</span> <span class='ocrx_word' id='word_1_169' title='bbox 1223 2221 1232 2273; x_wconf 64' lang='grc' dir='ltr'><strong><em>ς</em></strong></span> <span class='ocrx_word' id='word_1_170' title='bbox 1256 2217 1316 2258; x_wconf 90' lang='lat' dir='ltr'>nee</span> <span class='ocrx_word' id='word_1_171' title='bbox 1331 2196 1374 2273; x_wconf 92' lang='lat' dir='ltr'>id,</span> 
     </span>
     <span class='ocr_line' id='line_1_20' title="bbox 274 2297 1375 2382; baseline -0.002 -20"><span class='ocrx_word' id='word_1_172' title='bbox 274 2300 338 2362; x_wconf 89' lang='lat' dir='ltr'>nisi</span> <span class='ocrx_word' id='word_1_173' title='bbox 361 2300 396 2363; x_wconf 90' lang='lat' dir='ltr'>in</span> <span class='ocrx_word' id='word_1_174' title='bbox 420 2320 550 2382; x_wconf 83' lang='lat' dir='ltr'>corpore</span> <span class='ocrx_word' id='word_1_175' title='bbox 571 2299 702 2375; x_wconf 83' lang='lat' dir='ltr'>Christi,</span> <span class='ocrx_word' id='word_1_176' title='bbox 721 2298 817 2380; x_wconf 91' lang='lat' dir='ltr'>(quod</span> <span class='ocrx_word' id='word_1_177' title='bbox 834 2297 874 2361; x_wconf 90' lang='lat' dir='ltr'>de</span> <span class='ocrx_word' id='word_1_178' title='bbox 893 2307 980 2361; x_wconf 87' lang='lat' dir='ltr'>terra</span> <span class='ocrx_word' id='word_1_179' title='bbox 1000 2300 1058 2379; x_wconf 88' lang='lat' dir='ltr'>est)</span> <span class='ocrx_word' id='word_1_180' title='bbox 1083 2297 1152 2360; x_wconf 90' lang='lat' dir='ltr'>fieri</span> <span class='ocrx_word' id='word_1_181' title='bbox 1167 2319 1258 2381; x_wconf 90' lang='lat' dir='ltr'>posse</span> <span class='ocrx_word' id='word_1_182' title='bbox 1274 2307 1375 2361; x_wconf 85' lang='lat' dir='ltr'>statu-</span> 
     </span>
     <span class='ocr_line' id='line_1_21' title="bbox 276 2399 1373 2485; baseline -0.001 -20"><span class='ocrx_word' id='word_1_183' title='bbox 276 2410 367 2465; x_wconf 90' lang='lat' dir='ltr'>erent</span> <span class='ocrx_word' id='word_1_184' title='bbox 378 2426 387 2478; x_wconf 89' lang='lat'>;</span> <span class='ocrx_word' id='word_1_185' title='bbox 412 2402 440 2464; x_wconf 91' lang='lat' dir='ltr'>si</span> <span class='ocrx_word' id='word_1_186' title='bbox 464 2408 573 2485; x_wconf 86' lang='lat' dir='ltr'>posset</span> <span class='ocrx_word' id='word_1_187' title='bbox 598 2400 705 2483; x_wconf 92' lang='lat' dir='ltr'>lepido</span> <span class='ocrx_word' id='word_1_188' title='bbox 727 2401 788 2465; x_wconf 91' lang='lat' dir='ltr'>hoe</span> <span class='ocrx_word' id='word_1_189' title='bbox 803 2399 982 2465; x_wconf 86' lang='lat' dir='ltr'>Cardinalis</span> <span class='ocrx_word' id='word_1_190' title='bbox 1002 2408 1185 2463; x_wconf 89' lang='lat' dir='ltr'>commento</span> <span class='ocrx_word' id='word_1_191' title='bbox 1208 2401 1294 2462; x_wconf 91' lang='lat' dir='ltr'>eludi</span> <span class='ocrx_word' id='word_1_192' title='bbox 1312 2424 1373 2478; x_wconf 86' lang='lat' dir='ltr'>res,</span> 
     </span>
     <span class='ocr_line' id='line_1_22' title="bbox 275 2503 1376 2586; baseline 0 -20"><span class='ocrx_word' id='word_1_193' title='bbox 275 2505 303 2566; x_wconf 87' lang='lat' dir='ltr'>si</span> <span class='ocrx_word' id='word_1_194' title='bbox 323 2512 453 2586; x_wconf 85' lang='lat' dir='ltr'>possent</span> <span class='ocrx_word' id='word_1_195' title='bbox 474 2525 526 2567; x_wconf 82' lang='lat' dir='ltr'>res</span> <span class='ocrx_word' id='word_1_196' title='bbox 544 2524 642 2566; x_wconf 83' lang='lat' dir='ltr'>seeroe</span> <span class='ocrx_word' id='word_1_197' title='bbox 664 2503 708 2567; x_wconf 91' lang='lat' dir='ltr'>sie</span> <span class='ocrx_word' id='word_1_198' title='bbox 730 2504 847 2586; x_wconf 89' lang='lat' dir='ltr'>passim</span> <span class='ocrx_word' id='word_1_199' title='bbox 863 2503 1001 2565; x_wconf 81' lang='lat' dir='ltr'>adorari.</span> <span class='ocrx_word' id='word_1_200' title='bbox 1049 2503 1179 2580; x_wconf 82' lang='lat' dir='ltr'>Saltem,</span> <span class='ocrx_word' id='word_1_201' title='bbox 1197 2504 1376 2566; x_wconf 83' lang='lat' dir='ltr'>Cardinalis</span> 
     </span>
     <span class='ocr_line' id='line_1_23' title="bbox 271 2603 1374 2692; baseline 0 -23"><span class='ocrx_word' id='word_1_202' title='bbox 271 2607 341 2689; x_wconf 86' lang='lat' dir='ltr'>jam</span> <span class='ocrx_word' id='word_1_203' title='bbox 363 2607 506 2668; x_wconf 80' lang='lat' dir='ltr'>odoratio</span> <span class='ocrx_word' id='word_1_204' title='bbox 532 2628 589 2689; x_wconf 92' lang='lat' dir='ltr'>per</span> <span class='ocrx_word' id='word_1_205' title='bbox 611 2603 816 2692; x_wconf 80' lang='grc' dir='ltr'>κατάχρησιν</span> <span class='ocrx_word' id='word_1_206' title='bbox 836 2605 930 2683; x_wconf 84' lang='lat' dir='ltr'>forte,</span> <span class='ocrx_word' id='word_1_207' title='bbox 952 2606 1078 2688; x_wconf 89' lang='lat' dir='ltr'>proprie</span> <span class='ocrx_word' id='word_1_208' title='bbox 1100 2612 1208 2668; x_wconf 85' lang='lat' dir='ltr'>autem</span> <span class='ocrx_word' id='word_1_209' title='bbox 1231 2607 1374 2669; x_wconf 78' lang='lat' dir='ltr'>adoratio</span> 
     </span>
     <span class='ocr_line' id='line_1_24' title="bbox 275 2708 1375 2783; baseline 0 -11"><span class='ocrx_word' id='word_1_210' title='bbox 275 2717 417 2772; x_wconf 87' lang='lat' dir='ltr'>nonest.</span> <span class='ocrx_word' id='word_1_211' title='bbox 461 2709 605 2772; x_wconf 80' lang='lat' dir='ltr'>Tandem</span> <span class='ocrx_word' id='word_1_212' title='bbox 620 2718 729 2772; x_wconf 88' lang='lat' dir='ltr'>autem</span> <span class='ocrx_word' id='word_1_213' title='bbox 751 2708 894 2772; x_wconf 83' lang='lat' dir='ltr'>ecferte</span> <span class='ocrx_word' id='word_1_214' title='bbox 916 2709 1045 2783; x_wconf 85' lang='lat' dir='ltr'>recidet,</span> <span class='ocrx_word' id='word_1_215' title='bbox 1061 2716 1098 2771; x_wconf 90' lang='lat' dir='ltr'>ut</span> <span class='ocrx_word' id='word_1_216' title='bbox 1119 2729 1185 2771; x_wconf 91' lang='lat' dir='ltr'>nou</span> <span class='ocrx_word' id='word_1_217' title='bbox 1206 2710 1304 2772; x_wconf 85' lang='lat' dir='ltr'>alium</span> <span class='ocrx_word' id='word_1_218' title='bbox 1329 2710 1375 2772; x_wconf 91' lang='lat' dir='ltr'>eis</span> 
     </span>
     <span class='ocr_line' id='line_1_25' title="bbox 275 2811 1376 2897; baseline 0.002 -23"><span class='ocrx_word' id='word_1_219' title='bbox 275 2811 431 2897; x_wconf 84' lang='lat' dir='ltr'>honorem</span> <span class='ocrx_word' id='word_1_220' title='bbox 458 2833 633 2896; x_wconf 90' lang='lat' dir='ltr'>congruere</span> <span class='ocrx_word' id='word_1_221' title='bbox 658 2812 803 2876; x_wconf 84' lang='lat' dir='ltr'>dicturus</span> <span class='ocrx_word' id='word_1_222' title='bbox 829 2812 881 2889; x_wconf 89' lang='lat' dir='ltr'>sit,</span> <span class='ocrx_word' id='word_1_223' title='bbox 907 2833 1004 2893; x_wconf 88' lang='lat' dir='ltr'>quam</span> <span class='ocrx_word' id='word_1_224' title='bbox 1028 2812 1112 2875; x_wconf 90' lang='lat' dir='ltr'>libro</span> <span class='ocrx_word' id='word_1_225' title='bbox 1133 2812 1310 2894; x_wconf 68' lang='lat' dir='ltr'>Evangelii,</span> <span class='ocrx_word' id='word_1_226' title='bbox 1327 2815 1376 2876; x_wconf 85' lang='lat' dir='ltr'>vel</span> 
     </span>
     <span class='ocr_line' id='line_1_26' title="bbox 275 2915 1376 2998; baseline 0.002 -21"><span class='ocrx_word' id='word_1_227' title='bbox 275 2916 359 2978; x_wconf 86' lang='lat' dir='ltr'>vasis</span> <span class='ocrx_word' id='word_1_228' title='bbox 384 2917 678 2978; x_wconf 75' lang='lat' dir='ltr'>sacramentorum:</span> <span class='ocrx_word' id='word_1_229' title='bbox 719 2915 759 2978; x_wconf 91' lang='lat' dir='ltr'>de</span> <span class='ocrx_word' id='word_1_230' title='bbox 794 2937 866 2998; x_wconf 89' lang='lat' dir='ltr'>quo,</span> <span class='ocrx_word' id='word_1_231' title='bbox 894 2937 998 2997; x_wconf 89' lang='lat' dir='ltr'>neque</span> <span class='ocrx_word' id='word_1_232' title='bbox 1027 2937 1087 2978; x_wconf 85' lang='lat' dir='ltr'>uos</span> <span class='ocrx_word' id='word_1_233' title='bbox 1124 2915 1255 2979; x_wconf 86' lang='lat' dir='ltr'>habebit</span> <span class='ocrx_word' id='word_1_234' title='bbox 1285 2917 1376 2980; x_wconf 76' lang='lat' dir='ltr'>raldo</span> 
     </span>
     <span class='ocr_line' id='line_1_27' title="bbox 275 3018 1374 3101; baseline 0.003 -21"><span class='ocrx_word' id='word_1_235' title='bbox 275 3026 501 3101; x_wconf 85' lang='lat' dir='ltr'>repugnantes.</span> <span class='ocrx_word' id='word_1_236' title='bbox 549 3018 614 3081; x_wconf 86' lang='lat' dir='ltr'>Sed</span> <span class='ocrx_word' id='word_1_237' title='bbox 642 3018 714 3097; x_wconf 90' lang='lat' dir='ltr'>hoc,</span> <span class='ocrx_word' id='word_1_238' title='bbox 745 3027 903 3101; x_wconf 86' lang='lat' dir='ltr'>quantum</span> <span class='ocrx_word' id='word_1_239' title='bbox 932 3019 980 3082; x_wconf 89' lang='lat' dir='ltr'>illi</span> <span class='ocrx_word' id='word_1_240' title='bbox 1010 3018 1100 3082; x_wconf 88' lang='lat' dir='ltr'>abest</span> <span class='ocrx_word' id='word_1_241' title='bbox 1130 3018 1170 3082; x_wconf 87' lang='lat' dir='ltr'>ab</span> <span class='ocrx_word' id='word_1_242' title='bbox 1199 3019 1374 3083; x_wconf 83' lang='lat' dir='ltr'>instituto?</span> 
     </span>
     <span class='ocr_line' id='line_1_28' title="bbox 277 3120 715 3204; baseline 0.005 -21"><span class='ocrx_word' id='word_1_243' title='bbox 277 3128 434 3204; x_wconf 89' lang='lat' dir='ltr'>quantum</span> <span class='ocrx_word' id='word_1_244' title='bbox 452 3120 491 3184; x_wconf 88' lang='lat' dir='ltr'>ab</span> <span class='ocrx_word' id='word_1_245' title='bbox 508 3122 715 3185; x_wconf 78' lang='lat' dir='ltr'>adoratione?</span> 
     </span>
     <span class='ocr_line' id='line_1_29' title="bbox 308 3255 1377 3322; baseline 0.002 -17"><span class='ocrx_word' id='word_1_246' title='bbox 308 3255 429 3306; x_wconf 75' lang='lat' dir='ltr'>Ruffinus.</span> <span class='ocrx_word' id='word_1_247' title='bbox 441 3293 447 3307; x_wconf 91' lang='lat'>.</span> <span class='ocrx_word' id='word_1_248' title='bbox 460 3293 465 3305; x_wconf 93' lang='lat'>.</span> <span class='ocrx_word' id='word_1_249' title='bbox 478 3293 484 3305; x_wconf 92' lang='lat'>.</span> <span class='ocrx_word' id='word_1_250' title='bbox 497 3257 540 3307; x_wconf 89' lang='lat' dir='ltr'>lib.</span> <span class='ocrx_word' id='word_1_251' title='bbox 553 3257 598 3307; x_wconf 83' lang='lat' dir='ltr'>ii..</span> <span class='ocrx_word' id='word_1_252' title='bbox 611 3294 617 3306; x_wconf 92' lang='lat'><strong>.</strong></span> <span class='ocrx_word' id='word_1_253' title='bbox 630 3294 636 3306; x_wconf 92' lang='lat'>.</span> <span class='ocrx_word' id='word_1_254' title='bbox 648 3273 668 3307; x_wconf 93' lang='lat' dir='ltr'>e.</span> <span class='ocrx_word' id='word_1_255' title='bbox 682 3260 721 3308; x_wconf 80' lang='lat'>83.</span> <span class='ocrx_word' id='word_1_256' title='bbox 734 3293 739 3306; x_wconf 93' lang='lat'><strong>.</strong></span> <span class='ocrx_word' id='word_1_257' title='bbox 752 3294 758 3306; x_wconf 90' lang='lat'><strong>.</strong></span> <span class='ocrx_word' id='word_1_258' title='bbox 772 3294 777 3306; x_wconf 93' lang='lat'>.</span> <span class='ocrx_word' id='word_1_259' title='bbox 791 3259 874 3307; x_wconf 82' lang='lat' dir='ltr'>‘Aule</span> <span class='ocrx_word' id='word_1_260' title='bbox 894 3257 1034 3320; x_wconf 78' lang='lat' dir='ltr'>Murtymm</span> <span class='ocrx_word' id='word_1_261' title='bbox 1050 3262 1076 3306; x_wconf 85' lang='lat' dir='ltr'>ct</span> <span class='ocrx_word' id='word_1_262' title='bbox 1093 3259 1272 3322; x_wconf 81' lang='lat' dir='ltr'>Apostolorum</span> <span class='ocrx_word' id='word_1_263' title='bbox 1292 3258 1377 3308; x_wconf 83' lang='lat' dir='ltr'>thecas</span> 
     </span>
    </p>
   </div>
   <div class='ocr_carea' id='block_1_3' title="bbox 336 3337 1375 3483">
    <p class='ocr_par' dir='ltr' id='par_1_3' title="bbox 336 3337 1375 3483">
     <span class='ocr_line' id='line_1_30' title="bbox 336 3337 1375 3404; baseline 0.002 -16"><span class='ocrx_word' id='word_1_264' title='bbox 336 3338 437 3400; x_wconf 79' lang='lat' dir='ltr'>jacebat</span> <span class='ocrx_word' id='word_1_265' title='bbox 449 3337 621 3403; x_wconf 79' lang='lat' dir='ltr'>(Theodosius)</span> <span class='ocrx_word' id='word_1_266' title='bbox 641 3339 725 3389; x_wconf 85' lang='lat' dir='ltr'>cilicio</span> <span class='ocrx_word' id='word_1_267' title='bbox 744 3339 1031 3404; x_wconf 63' lang='lat' dir='ltr'>prostratussJ--fflell</span> <span class='ocrx_word' id='word_1_268' title='bbox 1046 3341 1119 3404; x_wconf 86' lang='lat' dir='ltr'>Apol.</span> <span class='ocrx_word' id='word_1_269' title='bbox 1132 3355 1177 3404; x_wconf 87' lang='lat' dir='ltr'>pro</span> <span class='ocrx_word' id='word_1_270' title='bbox 1195 3340 1280 3404; x_wconf 79' lang='lat' dir='ltr'>Resp]</span> <span class='ocrx_word' id='word_1_271' title='bbox 1299 3356 1324 3404; x_wconf 85' lang='lat' dir='ltr'>p.</span> <span class='ocrx_word' id='word_1_272' title='bbox 1337 3344 1375 3390; x_wconf 88' lang='grc'>16.</span> 
     </span>
     <span class='ocr_line' id='line_1_31' title="bbox 342 3418 714 3483; baseline 0 -14"><span class='ocrx_word' id='word_1_273' title='bbox 342 3418 399 3483; x_wconf 91' lang='lat' dir='ltr'>[Op.</span> <span class='ocrx_word' id='word_1_274' title='bbox 412 3423 473 3469; x_wconf 86' lang='lat' dir='ltr'>tom.</span> <span class='ocrx_word' id='word_1_275' title='bbox 485 3419 529 3469; x_wconf 83' lang='lat' dir='ltr'>vil.</span> <span class='ocrx_word' id='word_1_276' title='bbox 546 3419 591 3469; x_wconf 90' lang='lat' dir='ltr'>eol.</span> <span class='ocrx_word' id='word_1_277' title='bbox 604 3420 659 3471; x_wconf 76' lang='lat'>714.</span> <span class='ocrx_word' id='word_1_278' title='bbox 671 3418 714 3482; x_wconf 78' lang='lat' dir='ltr'>A]</span> 
     </span>
    </p>
   </div>
   <div class='ocr_carea' id='block_1_4' title="bbox 274 3553 1378 4585">
    <p class='ocr_par' dir='ltr' id='par_1_4' title="bbox 309 3553 1378 3617">
     <span class='ocr_line' id='line_1_32' title="bbox 309 3553 1378 3617; baseline 0.004 -16"><span class='ocrx_word' id='word_1_279' title='bbox 309 3560 321 3583; x_wconf 88' lang='lat'>¹¹</span> <span class='ocrx_word' id='word_1_280' title='bbox 338 3553 416 3615; x_wconf 84' lang='lat' dir='ltr'>Apec</span> <span class='ocrx_word' id='word_1_281' title='bbox 429 3553 540 3608; x_wconf 84' lang='lat' dir='ltr'>xix.10;</span> <span class='ocrx_word' id='word_1_282' title='bbox 559 3553 621 3603; x_wconf 84' lang='lat' dir='ltr'>xxii.</span> <span class='ocrx_word' id='word_1_283' title='bbox 635 3557 657 3604; x_wconf 84' lang='lat'>9.</span> <span class='ocrx_word' id='word_1_284' title='bbox 851 3555 920 3603; x_wconf 81' lang='lat' dir='ltr'>risus</span> <span class='ocrx_word' id='word_1_285' title='bbox 935 3560 974 3603; x_wconf 87' lang='lat' dir='ltr'>est</span> <span class='ocrx_word' id='word_1_286' title='bbox 985 3553 1108 3613; x_wconf 78' lang='lat' dir='ltr'>Christus,</span> <span class='ocrx_word' id='word_1_287' title='bbox 1130 3556 1173 3604; x_wconf 87' lang='lat' dir='ltr'>sed</span> <span class='ocrx_word' id='word_1_288' title='bbox 1191 3569 1269 3603; x_wconf 82' lang='lat' dir='ltr'>unus:</span> <span class='ocrx_word' id='word_1_289' title='bbox 1297 3570 1378 3617; x_wconf 82' lang='lat' dir='ltr'>neque</span> 
     </span>
    </p>

    <p class='ocr_par' dir='ltr' id='par_1_5' title="bbox 274 3616 1378 4585">
     <span class='ocr_line' id='line_1_33' title="bbox 309 3616 1377 3682; baseline 0.002 -17"><span class='ocrx_word' id='word_1_290' title='bbox 309 3616 808 3681; x_wconf 73' lang='lat' dir='ltr'>⁰[⁴⁸Noumedioerisigiturquaestio,et</span> <span class='ocrx_word' id='word_1_291' title='bbox 850 3634 908 3668; x_wconf 89' lang='lat' dir='ltr'>eum</span> <span class='ocrx_word' id='word_1_292' title='bbox 930 3619 1049 3668; x_wconf 85' lang='lat' dir='ltr'>adoratur</span> <span class='ocrx_word' id='word_1_293' title='bbox 1070 3626 1190 3682; x_wconf 79' lang='lat' dir='ltr'>tauquam</span> <span class='ocrx_word' id='word_1_294' title='bbox 1213 3620 1261 3668; x_wconf 85' lang='lat' dir='ltr'>Dei</span> <span class='ocrx_word' id='word_1_295' title='bbox 1289 3620 1377 3680; x_wconf 81' lang='lat' dir='ltr'>Filius,</span> 
     </span>
     <span class='ocr_line' id='line_1_34' title="bbox 276 3680 1375 3747; baseline 0.004 -18"><span class='ocrx_word' id='word_1_296' title='bbox 276 3680 333 3730; x_wconf 91' lang='lat' dir='ltr'>ideo</span> <span class='ocrx_word' id='word_1_297' title='bbox 341 3680 490 3743; x_wconf 86' lang='lat' dir='ltr'>diligentius</span> <span class='ocrx_word' id='word_1_298' title='bbox 499 3682 690 3741; x_wconf 85' lang='lat' dir='ltr'>consideremus,</span> <span class='ocrx_word' id='word_1_299' title='bbox 701 3682 761 3744; x_wconf 90' lang='lat' dir='ltr'>quid</span> <span class='ocrx_word' id='word_1_300' title='bbox 773 3684 808 3731; x_wconf 87' lang='lat' dir='ltr'>sit</span> <span class='ocrx_word' id='word_1_301' title='bbox 850 3689 925 3733; x_wconf 86' lang='lat' dir='ltr'>natus</span> <span class='ocrx_word' id='word_1_302' title='bbox 936 3698 968 3732; x_wconf 88' lang='lat' dir='ltr'>cx</span> <span class='ocrx_word' id='word_1_303' title='bbox 976 3683 1084 3745; x_wconf 72' lang='lat' dir='ltr'>Virgine</span> <span class='ocrx_word' id='word_1_304' title='bbox 1092 3683 1243 3745; x_wconf 86' lang='lat' dir='ltr'>denegatur.</span> <span class='ocrx_word' id='word_1_305' title='bbox 1252 3721 1271 3731; x_wconf 90' lang='lat'>..</span> <span class='ocrx_word' id='word_1_306' title='bbox 1284 3685 1324 3747; x_wconf 72' lang='lat' dir='ltr'>(l.)</span> <span class='ocrx_word' id='word_1_307' title='bbox 1338 3689 1375 3733; x_wconf 81' lang='lat'>80.</span> 
     </span>
     <span class='ocr_line' id='line_1_35' title="bbox 277 3745 1376 3811; baseline 0.004 -17"><span class='ocrx_word' id='word_1_308' title='bbox 277 3745 420 3794; x_wconf 82' lang='lat' dir='ltr'>scabellum.</span> <span class='ocrx_word' id='word_1_309' title='bbox 451 3745 571 3808; x_wconf 84' lang='lat' dir='ltr'>Legimus</span> <span class='ocrx_word' id='word_1_310' title='bbox 582 3747 650 3795; x_wconf 88' lang='lat' dir='ltr'>enim</span> <span class='ocrx_word' id='word_1_311' title='bbox 661 3745 738 3795; x_wconf 88' lang='lat' dir='ltr'>alibi:</span> <span class='ocrx_word' id='word_1_312' title='bbox 757 3746 807 3795; x_wconf 74' lang='grc' dir='ltr'>θα·</span> <span class='ocrx_word' id='word_1_313' title='bbox 850 3750 888 3796; x_wconf 80' lang='lat' dir='ltr'>Ae</span> <span class='ocrx_word' id='word_1_314' title='bbox 908 3763 939 3797; x_wconf 91' lang='lat' dir='ltr'>ne</span> <span class='ocrx_word' id='word_1_315' title='bbox 959 3749 1016 3811; x_wconf 78' lang='lat' dir='ltr'>quis</span> <span class='ocrx_word' id='word_1_316' title='bbox 1036 3748 1082 3796; x_wconf 90' lang='lat' dir='ltr'>hoe</span> <span class='ocrx_word' id='word_1_317' title='bbox 1101 3748 1198 3797; x_wconf 75' lang='lat' dir='ltr'>derivat</span> <span class='ocrx_word' id='word_1_318' title='bbox 1217 3747 1249 3796; x_wconf 87' lang='lat' dir='ltr'>ad</span> <span class='ocrx_word' id='word_1_319' title='bbox 1269 3748 1376 3798; x_wconf 77' lang='lat' dir='ltr'>hiarium</span> 
     </span>
     <span class='ocr_line' id='line_1_36' title="bbox 277 3809 1376 3875; baseline 0.005 -18"><span class='ocrx_word' id='word_1_320' title='bbox 277 3809 330 3858; x_wconf 83' lang='lat' dir='ltr'>lum</span> <span class='ocrx_word' id='word_1_321' title='bbox 340 3810 405 3858; x_wconf 82' lang='lat' dir='ltr'>mihi</span> <span class='ocrx_word' id='word_1_322' title='bbox 414 3809 526 3870; x_wconf 78' lang='lat' dir='ltr'>thronus,</span> <span class='ocrx_word' id='word_1_323' title='bbox 536 3816 607 3859; x_wconf 74' lang='lat' dir='ltr'>terro</span> <span class='ocrx_word' id='word_1_324' title='bbox 621 3817 706 3859; x_wconf 70' lang='grc' dir='ltr'>αιιιαη</span> <span class='ocrx_word' id='word_1_325' title='bbox 716 3811 805 3861; x_wconf 73' lang='grc' dir='ltr'><strong><em>εεαὸεἱ-</em></strong></span> <span class='ocrx_word' id='word_1_326' title='bbox 849 3811 997 3875; x_wconf 78' lang='lat' dir='ltr'>Virginem:</span> <span class='ocrx_word' id='word_1_327' title='bbox 1015 3812 1097 3862; x_wconf 82' lang='lat' dir='ltr'>Maria</span> <span class='ocrx_word' id='word_1_328' title='bbox 1111 3820 1164 3862; x_wconf 83' lang='lat' dir='ltr'>erut</span> <span class='ocrx_word' id='word_1_329' title='bbox 1182 3812 1305 3874; x_wconf 84' lang='lat' dir='ltr'>templum</span> <span class='ocrx_word' id='word_1_330' title='bbox 1321 3813 1376 3872; x_wconf 86' lang='lat' dir='ltr'>Dei,</span> 
     </span>
     <span class='ocr_line' id='line_1_37' title="bbox 276 3872 1377 3940; baseline 0.004 -19"><span class='ocrx_word' id='word_1_331' title='bbox 276 3872 331 3922; x_wconf 75' lang='lat' dir='ltr'>lum</span> <span class='ocrx_word' id='word_1_332' title='bbox 349 3873 447 3936; x_wconf 75' lang='lat' dir='ltr'>pedum</span> <span class='ocrx_word' id='word_1_333' title='bbox 468 3889 590 3933; x_wconf 85' lang='lat' dir='ltr'>meorum,</span> <span class='ocrx_word' id='word_1_334' title='bbox 610 3874 675 3937; x_wconf 80' lang='lat' dir='ltr'>(llsa</span> <span class='ocrx_word' id='word_1_335' title='bbox 694 3875 754 3924; x_wconf 84' lang='lat' dir='ltr'>lxri.</span> <span class='ocrx_word' id='word_1_336' title='bbox 771 3877 803 3939; x_wconf 87' lang='lat'>1.)</span> <span class='ocrx_word' id='word_1_337' title='bbox 848 3890 899 3925; x_wconf 90' lang='lat' dir='ltr'>nou</span> <span class='ocrx_word' id='word_1_338' title='bbox 912 3877 979 3926; x_wconf 90' lang='lat' dir='ltr'>Deus</span> <span class='ocrx_word' id='word_1_339' title='bbox 995 3877 1092 3940; x_wconf 85' lang='lat' dir='ltr'>templi.</span> <span class='ocrx_word' id='word_1_340' title='bbox 1126 3876 1160 3925; x_wconf 79' lang='lat' dir='ltr'>lit</span> <span class='ocrx_word' id='word_1_341' title='bbox 1177 3876 1233 3924; x_wconf 93' lang='lat' dir='ltr'>ideo</span> <span class='ocrx_word' id='word_1_342' title='bbox 1250 3876 1293 3925; x_wconf 89' lang='lat' dir='ltr'>ille</span> <span class='ocrx_word' id='word_1_343' title='bbox 1310 3879 1377 3925; x_wconf 76' lang='lat' dir='ltr'>solus</span> 
     </span>
     <span class='ocr_line' id='line_1_38' title="bbox 277 3937 1377 4004; baseline 0.004 -19"><span class='ocrx_word' id='word_1_344' title='bbox 277 3937 326 3986; x_wconf 82' lang='lat' dir='ltr'>Sed</span> <span class='ocrx_word' id='word_1_345' title='bbox 338 3951 383 3987; x_wconf 90' lang='lat' dir='ltr'>nee</span> <span class='ocrx_word' id='word_1_346' title='bbox 396 3942 461 3988; x_wconf 82' lang='lat' dir='ltr'>terra</span> <span class='ocrx_word' id='word_1_347' title='bbox 475 3939 602 3988; x_wconf 77' lang='lat' dir='ltr'>adorande</span> <span class='ocrx_word' id='word_1_348' title='bbox 612 3944 650 3988; x_wconf 83' lang='lat' dir='ltr'>est</span> <span class='ocrx_word' id='word_1_349' title='bbox 661 3940 734 3989; x_wconf 81' lang='lat' dir='ltr'>uobis</span> <span class='ocrx_word' id='word_1_350' title='bbox 746 3941 805 4002; x_wconf 83' lang='lat' dir='ltr'>quis</span> <span class='ocrx_word' id='word_1_351' title='bbox 847 3941 989 3991; x_wconf 82' lang='lat' dir='ltr'>adorsudus</span> <span class='ocrx_word' id='word_1_352' title='bbox 999 3942 1043 4004; x_wconf 87' lang='lat' dir='ltr'>qui</span> <span class='ocrx_word' id='word_1_353' title='bbox 1055 3942 1203 4004; x_wconf 78' lang='lat' dir='ltr'>operabatur</span> <span class='ocrx_word' id='word_1_354' title='bbox 1216 3943 1243 3989; x_wconf 92' lang='lat' dir='ltr'>in</span> <span class='ocrx_word' id='word_1_355' title='bbox 1261 3943 1377 4004; x_wconf 75' lang='lat' dir='ltr'>templo.&#39;¹</span> 
     </span>
     <span class='ocr_line' id='line_1_39' title="bbox 276 4002 1378 4070; baseline 0.006 -20"><span class='ocrx_word' id='word_1_356' title='bbox 276 4006 389 4052; x_wconf 83' lang='lat' dir='ltr'>creature</span> <span class='ocrx_word' id='word_1_357' title='bbox 405 4008 444 4052; x_wconf 84' lang='lat' dir='ltr'>est</span> <span class='ocrx_word' id='word_1_358' title='bbox 460 4002 516 4053; x_wconf 91' lang='lat' dir='ltr'>Dei.</span> <span class='ocrx_word' id='word_1_359' title='bbox 534 4005 575 4066; x_wconf 66' lang='grc'>(9.)</span> <span class='ocrx_word' id='word_1_360' title='bbox 594 4004 632 4056; x_wconf 79' lang='grc'>79.</span> <span class='ocrx_word' id='word_1_361' title='bbox 666 4003 805 4055; x_wconf 77' lang='lat' dir='ltr'>Videamus</span> <span class='ocrx_word' id='word_1_362' title='bbox 847 4006 905 4055; x_wconf 85' lang='lat' dir='ltr'>—S</span> <span class='ocrx_word' id='word_1_363' title='bbox 917 4006 1006 4055; x_wconf 85' lang='lat' dir='ltr'>Ambr.</span> <span class='ocrx_word' id='word_1_364' title='bbox 1025 4006 1056 4055; x_wconf 89' lang='lat' dir='ltr'>de</span> <span class='ocrx_word' id='word_1_365' title='bbox 1075 4006 1142 4070; x_wconf 83' lang='lat' dir='ltr'>Spir.</span> <span class='ocrx_word' id='word_1_366' title='bbox 1159 4006 1257 4063; x_wconf 79' lang='lat' dir='ltr'>Sancto,</span> <span class='ocrx_word' id='word_1_367' title='bbox 1278 4007 1321 4054; x_wconf 84' lang='lat' dir='ltr'>lib.</span> <span class='ocrx_word' id='word_1_368' title='bbox 1340 4010 1378 4057; x_wconf 84' lang='lat' dir='ltr'>iii.</span> 
     </span>
     <span class='ocr_line' id='line_1_40' title="bbox 276 4068 1376 4134; baseline 0.007 -20"><span class='ocrx_word' id='word_1_369' title='bbox 276 4073 361 4114; x_wconf 83' lang='lat' dir='ltr'>tumen</span> <span class='ocrx_word' id='word_1_370' title='bbox 379 4081 410 4116; x_wconf 89' lang='lat' dir='ltr'>ne</span> <span class='ocrx_word' id='word_1_371' title='bbox 424 4071 518 4117; x_wconf 83' lang='lat' dir='ltr'>terram</span> <span class='ocrx_word' id='word_1_372' title='bbox 536 4069 607 4118; x_wconf 90' lang='lat' dir='ltr'>illam</span> <span class='ocrx_word' id='word_1_373' title='bbox 619 4068 687 4118; x_wconf 84' lang='lat' dir='ltr'>dieat</span> <span class='ocrx_word' id='word_1_374' title='bbox 703 4069 805 4119; x_wconf 85' lang='lat' dir='ltr'>adoran·</span> <span class='ocrx_word' id='word_1_375' title='bbox 848 4085 900 4133; x_wconf 79' lang='lat' dir='ltr'>esp.</span> <span class='ocrx_word' id='word_1_376' title='bbox 908 4073 945 4120; x_wconf 90' lang='lat'>11.</span> <span class='ocrx_word' id='word_1_377' title='bbox 955 4070 1047 4120; x_wconf 85' lang='lat' dir='ltr'>Bened.</span> <span class='ocrx_word' id='word_1_378' title='bbox 1057 4071 1099 4129; x_wconf 87' lang='lat' dir='ltr'>(al.</span> <span class='ocrx_word' id='word_1_379' title='bbox 1109 4072 1157 4134; x_wconf 77' lang='lat'>12.)</span> <span class='ocrx_word' id='word_1_380' title='bbox 1166 4076 1235 4120; x_wconf 82' lang='lat' dir='ltr'>eectt.</span> <span class='ocrx_word' id='word_1_381' title='bbox 1246 4074 1283 4128; x_wconf 79' lang='lat' dir='ltr'>rs,</span> <span class='ocrx_word' id='word_1_382' title='bbox 1291 4072 1329 4129; x_wconf 81' lang='grc'>79,</span> <span class='ocrx_word' id='word_1_383' title='bbox 1338 4076 1376 4121; x_wconf 77' lang='lat'>80.</span> 
     </span>
     <span class='ocr_line' id='line_1_41' title="bbox 276 4131 1377 4199; baseline 0.005 -19"><span class='ocrx_word' id='word_1_384' title='bbox 276 4131 336 4180; x_wconf 85' lang='lat' dir='ltr'>dam</span> <span class='ocrx_word' id='word_1_385' title='bbox 354 4131 485 4195; x_wconf 83' lang='lat' dir='ltr'>Propheta,</span> <span class='ocrx_word' id='word_1_386' title='bbox 502 4148 577 4195; x_wconf 80' lang='lat' dir='ltr'>quam</span> <span class='ocrx_word' id='word_1_387' title='bbox 594 4133 719 4182; x_wconf 89' lang='lat' dir='ltr'>Dominus</span> <span class='ocrx_word' id='word_1_388' title='bbox 732 4133 806 4184; x_wconf 80' lang='lat' dir='ltr'>lesus</span> <span class='ocrx_word' id='word_1_389' title='bbox 849 4136 904 4198; x_wconf 78' lang='lat' dir='ltr'>Op,</span> <span class='ocrx_word' id='word_1_390' title='bbox 917 4144 976 4185; x_wconf 89' lang='lat' dir='ltr'>tom</span> <span class='ocrx_word' id='word_1_391' title='bbox 990 4135 1015 4184; x_wconf 91' lang='lat' dir='ltr'>ii.</span> <span class='ocrx_word' id='word_1_392' title='bbox 1029 4135 1074 4184; x_wconf 90' lang='lat' dir='ltr'>eol.</span> <span class='ocrx_word' id='word_1_393' title='bbox 1086 4139 1141 4185; x_wconf 79' lang='grc'>680.</span> <span class='ocrx_word' id='word_1_394' title='bbox 1155 4135 1182 4186; x_wconf 82' lang='lat' dir='ltr'>F.</span> <span class='ocrx_word' id='word_1_395' title='bbox 1195 4139 1249 4185; x_wconf 83' lang='grc'>681.</span> <span class='ocrx_word' id='word_1_396' title='bbox 1262 4138 1292 4184; x_wconf 89' lang='lat' dir='ltr'>A.</span> <span class='ocrx_word' id='word_1_397' title='bbox 1302 4137 1330 4185; x_wconf 90' lang='lat' dir='ltr'>B.</span> <span class='ocrx_word' id='word_1_398' title='bbox 1339 4138 1377 4199; x_wconf 85' lang='lat' dir='ltr'>C.]</span> 
     </span>
     <span class='ocr_line' id='line_1_42' title="bbox 276 4195 1376 4264; baseline 0.007 -20"><span class='ocrx_word' id='word_1_399' title='bbox 276 4196 304 4244; x_wconf 91' lang='lat' dir='ltr'>iu</span> <span class='ocrx_word' id='word_1_400' title='bbox 313 4196 394 4246; x_wconf 87' lang='lat' dir='ltr'>carnis</span> <span class='ocrx_word' id='word_1_401' title='bbox 401 4195 577 4260; x_wconf 83' lang='lat' dir='ltr'>adsumptione</span> <span class='ocrx_word' id='word_1_402' title='bbox 584 4199 699 4261; x_wconf 75' lang='lat' dir='ltr'>suscepit</span> <span class='ocrx_word' id='word_1_403' title='bbox 718 4198 806 4262; x_wconf 79' lang='lat' dir='ltr'>ltaque</span> <span class='ocrx_word' id='word_1_404' title='bbox 881 4201 1010 4264; x_wconf 83' lang='lat' dir='ltr'>¹³[S.Aug.</span> <span class='ocrx_word' id='word_1_405' title='bbox 1019 4199 1279 4250; x_wconf 81' lang='lat' dir='ltr'>Euam.inl&#39;s.xeriii.</span> <span class='ocrx_word' id='word_1_406' title='bbox 1289 4207 1376 4252; x_wconf 69' lang='lat' dir='ltr'>secut.</span> 
     </span>
     <span class='ocr_line' id='line_1_43' title="bbox 276 4260 1279 4377; baseline 0.005 -68"><span class='ocrx_word' id='word_1_407' title='bbox 276 4275 322 4323; x_wconf 85' lang='lat' dir='ltr'>per</span> <span class='ocrx_word' id='word_1_408' title='bbox 340 4260 478 4313; x_wconf 86' lang='lat' dir='ltr'>scabellum</span> <span class='ocrx_word' id='word_1_409' title='bbox 495 4267 563 4312; x_wconf 76' lang='lat' dir='ltr'>terra</span> <span class='ocrx_word' id='word_1_410' title='bbox 577 4262 744 4326; x_wconf 79' lang='lat' dir='ltr'>intelligitur3</span> <span class='ocrx_word' id='word_1_411' title='bbox 761 4279 806 4377; x_wconf 72' lang='lat' dir='ltr'>per</span> <span class='ocrx_word' id='word_1_412' title='bbox 850 4264 904 4327; x_wconf 85' lang='lat' dir='ltr'>Op,</span> <span class='ocrx_word' id='word_1_413' title='bbox 917 4269 977 4313; x_wconf 83' lang='lat' dir='ltr'>tom.</span> <span class='ocrx_word' id='word_1_414' title='bbox 990 4266 1022 4313; x_wconf 83' lang='lat' dir='ltr'>iv.</span> <span class='ocrx_word' id='word_1_415' title='bbox 1035 4265 1080 4313; x_wconf 89' lang='lat' dir='ltr'>eol.</span> <span class='ocrx_word' id='word_1_416' title='bbox 1094 4267 1164 4314; x_wconf 78' lang='lat'>1520.</span> <span class='ocrx_word' id='word_1_417' title='bbox 1178 4266 1206 4314; x_wconf 92' lang='grc' dir='ltr'>Β,</span> <span class='ocrx_word' id='word_1_418' title='bbox 1218 4264 1279 4328; x_wconf 72' lang='lat' dir='ltr'>seu]</span> 
     </span>
     <span class='ocr_line' id='line_1_44' title="bbox 276 4327 1376 4393; baseline 0.006 -19"><span class='ocrx_word' id='word_1_419' title='bbox 276 4331 470 4389; x_wconf 19' lang='lat' dir='ltr'>terrpmlautem</span> <span class='ocrx_word' id='word_1_420' title='bbox 487 4342 543 4377; x_wconf 80' lang='lat' dir='ltr'>cero</span> <span class='ocrx_word' id='word_1_421' title='bbox 555 4327 658 4387; x_wconf 83' lang='lat' dir='ltr'>Christi,</span> <span class='ocrx_word' id='word_1_422' title='bbox 673 4343 748 4391; x_wconf 89' lang='lat' dir='ltr'>quam</span> <span class='ocrx_word' id='word_1_423' title='bbox 782 4344 804 4378; x_wconf 81' lang='lat' dir='ltr'>o</span> <span class='ocrx_word' id='word_1_424' title='bbox 883 4328 1017 4393; x_wconf 72' lang='lat' dir='ltr'>⁸²[lluffin.</span> <span class='ocrx_word' id='word_1_425' title='bbox 1030 4329 1098 4378; x_wconf 79' lang='lat' dir='ltr'>llist.</span> <span class='ocrx_word' id='word_1_426' title='bbox 1111 4330 1176 4379; x_wconf 81' lang='lat' dir='ltr'>Beel.</span> <span class='ocrx_word' id='word_1_427' title='bbox 1188 4331 1232 4379; x_wconf 88' lang='lat' dir='ltr'>lib.</span> <span class='ocrx_word' id='word_1_428' title='bbox 1245 4332 1270 4378; x_wconf 91' lang='lat' dir='ltr'>ii.</span> <span class='ocrx_word' id='word_1_429' title='bbox 1288 4331 1328 4391; x_wconf 83' lang='lat' dir='ltr'>(ul.</span> <span class='ocrx_word' id='word_1_430' title='bbox 1342 4332 1376 4382; x_wconf 83' lang='lat' dir='ltr'>xi.</span> 
     </span>
     <span class='ocr_line' id='line_1_45' title="bbox 276 4389 1376 4459; baseline 0.006 -21"><span class='ocrx_word' id='word_1_431' title='bbox 276 4389 805 4455; x_wconf 77' lang='lat' dir='ltr'>diequcinmysteriisedoramus,etquem</span> <span class='ocrx_word' id='word_1_432' title='bbox 849 4392 881 4443; x_wconf 83' lang='lat' dir='ltr'>nd</span> <span class='ocrx_word' id='word_1_433' title='bbox 897 4394 956 4443; x_wconf 88' lang='lat' dir='ltr'>eale.</span> <span class='ocrx_word' id='word_1_434' title='bbox 975 4394 1064 4445; x_wconf 79' lang='lat' dir='ltr'>Euseb.</span> <span class='ocrx_word' id='word_1_435' title='bbox 1084 4394 1151 4445; x_wconf 78' lang='lat' dir='ltr'>llist</span> <span class='ocrx_word' id='word_1_436' title='bbox 1171 4395 1246 4459; x_wconf 88' lang='lat' dir='ltr'>Eeel.)</span> <span class='ocrx_word' id='word_1_437' title='bbox 1265 4410 1317 4459; x_wconf 82' lang='lat' dir='ltr'>esp.</span> <span class='ocrx_word' id='word_1_438' title='bbox 1338 4399 1376 4446; x_wconf 82' lang='lat'>33.</span> 
     </span>
     <span class='ocr_line' id='line_1_46' title="bbox 276 4454 954 4523; baseline 0.006 -20"><span class='ocrx_word' id='word_1_439' title='bbox 276 4454 393 4518; x_wconf 81' lang='lat' dir='ltr'>Apostoli</span> <span class='ocrx_word' id='word_1_440' title='bbox 411 4455 440 4504; x_wconf 89' lang='lat' dir='ltr'>in</span> <span class='ocrx_word' id='word_1_441' title='bbox 459 4454 570 4506; x_wconf 90' lang='lat' dir='ltr'>Domino</span> <span class='ocrx_word' id='word_1_442' title='bbox 590 4455 659 4517; x_wconf 84' lang='lat' dir='ltr'>Jesu,</span> <span class='ocrx_word' id='word_1_443' title='bbox 683 4463 710 4506; x_wconf 84' lang='lat' dir='ltr'>ut</span> <span class='ocrx_word' id='word_1_444' title='bbox 731 4472 806 4521; x_wconf 78' lang='lat' dir='ltr'>supra</span> <span class='ocrx_word' id='word_1_445' title='bbox 849 4473 873 4523; x_wconf 87' lang='lat' dir='ltr'>p.</span> <span class='ocrx_word' id='word_1_446' title='bbox 887 4457 954 4522; x_wconf 67' lang='lat'>259]</span> 
     </span>
     <span class='ocr_line' id='line_1_47' title="bbox 274 4518 806 4585; baseline 0.006 -17"><span class='ocrx_word' id='word_1_447' title='bbox 274 4518 396 4582; x_wconf 82' lang='lat' dir='ltr'>diximus,</span> <span class='ocrx_word' id='word_1_448' title='bbox 415 4518 567 4582; x_wconf 74' lang='lat' dir='ltr'>adorarunt5</span> <span class='ocrx_word' id='word_1_449' title='bbox 584 4535 664 4585; x_wconf 88' lang='lat' dir='ltr'>neque</span> <span class='ocrx_word' id='word_1_450' title='bbox 682 4521 751 4571; x_wconf 86' lang='lat' dir='ltr'>enim</span> <span class='ocrx_word' id='word_1_451' title='bbox 771 4522 806 4571; x_wconf 88' lang='lat' dir='ltr'>di·</span> 
     </span>
    </p>
   </div>
   <div class='ocr_carea' id='block_1_5' title="bbox 0 0 1462 4926">
    <p class='ocr_par' dir='ltr' id='par_1_6' title="bbox 0 0 1462 4926">
     <span class='ocr_line' id='line_1_48' title="bbox 0 0 1462 4926; baseline 0 0"><span class='ocrx_word' id='word_1_452' title='bbox 0 0 1462 4926; x_wconf 95' lang='lat' dir='ltr'> </span> 
     </span>
    </p>
   </div>
  </div>
 </body>
</html>
