2910 4926
455 258 638 311 emmanu
659 257 843 308 acaronem.
1161 238 1203 302 91

102 419 211 504 potius
232 418 268 482 in
282 418 372 483 Petri
393 418 579 483 humilitate
599 416 678 482 talia
700 412 891 499 respuentis,
910 431 1008 496 quam
1029 411 1065 474 in
1081 405 1206 493 fumoso

103 543 322 588 suceessorum
344 525 439 604 typho
447 531 473 601 ¹¹,
493 521 564 586 tieri
582 521 652 585 haec
671 519 742 598 sibi,
766 524 833 582 tota
855 522 1012 599 spectante
1029 515 1139 593 Romu,
1161 513 1209 577 ite

104 625 219 710 cupide
233 624 456 705 ambientium,
471 625 518 689 ita
533 625 669 709 gloriose
684 620 965 707 triumphantium,
980 620 1027 684 ita
1041 617 1208 684 ambitiose

104 729 361 815 praedicantium.
953 808 957 815 Ι

138 849 200 908 Quoe
217 862 275 898 cum
291 848 328 899 its
344 848 404 910 slnt,
419 850 520 912 potarat
538 845 593 898 Rex
608 846 641 897 ab
657 845 710 896 illis
726 845 810 896 verbis
825 844 1028 906 abstineremus
1044 841 1073 892 in
1088 840 1209 905 iniuriam

171 930 286 980 omnium
298 928 486 979 Catholicorum
505 928 653 991 Principum
668 927 793 991 protulit:
814 924 1040 990 ‘Expergiscimini
1057 923 1143 986 igitur,
1155 921 1211 972 etc!

171 1010 248 1069 Quasi
260 1024 324 1060 unus
335 1009 390 1060 Rex
401 1009 545 1073 Anglorum
555 1008 655 1072 vigilet,
670 1023 736 1058 unus
752 1008 851 1073 scpiat;
868 1007 954 1057 caeteri
965 1005 1095 1056 dormiant
1105 1008 1132 1054 et
1146 1002 1210 1053 desi·

171 1092 409 1156 piantuniversi2=
416 1085 1210 1156 -[Bell.Apol.proResp.]p.24.[0p.,tom.vii.ool.718.B.0.]

152 1193 283 1255 Poterat
297 1200 406 1256 autem
421 1190 612 1269 Cardinalis,
625 1211 644 1253 a
659 1188 750 1254 verbo
767 1189 865 1272 Regis
885 1188 940 1252 illo
959 1209 1093 1252 manum
1113 1187 1209 1306 obsti-⁸
1223 1197 1365 1317 qqegoedo

108 1316 189 1374 cere,
214 1315 274 1359 neo
298 1295 345 1359 ita
367 1293 408 1358 ad
431 1294 627 1359 calumniam
647 1293 785 1373 trahere,
802 1313 866 1377 quo
887 1292 1013 1357 monuit
1037 1312 1210 1374 ecperpsses
1254 1270 1336 1343 ”²9¹5

1322 1345 1338 1379 l.

109 1401 233 1483 Reges:
257 1398 326 1462 sine
340 1404 451 1463 tamen
466 1399 655 1484 cujusquam
669 1397 798 1483 injuria.
842 1397 914 1461 Nec
934 1397 1021 1462 enim
1038 1397 1111 1461 ideo
1130 1396 1210 1460 deei-
1221 1347 1253 1397 ps
1340 1328 1351 1394 ]

101 1504 197 1585 piant
211 1501 332 1579 statim,
349 1502 404 1586 qui
418 1501 459 1565 de
477 1524 543 1566 uno
565 1500 672 1585 aliquo
693 1501 729 1564 in
747 1522 817 1566 rem
838 1523 930 1565 suam
948 1500 1102 1565 monendi
1123 1506 1210 1564 sunt.

109 1606 227 1689 Neque
249 1626 324 1670 vero
349 1605 396 1669 ita
417 1625 549 1669 necesse
566 1611 617 1668 est
638 1604 684 1669 ibi
707 1603 830 1669 dictum
856 1604 965 1690 accipi,
983 1604 1072 1688 quasi
1096 1603 1211 1687 reliqui

111 1709 287 1772 dominat.-
314 1708 540 1790 Ecperqiseere
549 1718 573 1787 ¹,
595 1708 646 1772 vel
670 1704 746 1773 Deo
777 1707 903 1786 dicitur,
930 1707 986 1791 qui
1010 1727 1071 1771 nec
1097 1708 1211 1772 dormit

111 1818 232 1891 tamen,
250 1831 311 1874 nec
334 1811 515 1891 dormisses,
532 1810 587 1875 sed
606 1810 690 1896 quia,
712 1811 917 1894 quantumvis
934 1810 1089 1891 advertat,
1110 1817 1212 1874 cesset

112 1922 222 1979 tamen
242 1913 282 1978 ab
305 1934 411 1998 opere,
430 1914 538 1999 (atque
553 1915 589 1979 in
604 1935 641 1978 eo
656 1915 836 1978 mantis
852 1914 955 1978 instar
970 1914 1042 1995 est.)
1088 1914 1212 1996 Ecper-

110 2020 239 2102 parere,
253 2017 303 2082 vel
319 2018 386 2081 Deo
398 2016 524 2081 dicitur.
572 2017 668 2084 Quod
683 2017 734 2080 vel
747 2018 814 2081 Deo
830 2016 892 2081 dici
906 2017 1021 2104 potuit,
1033 2016 1119 2082 idem
1132 2018 1214 2083 illud

114 2121 230 2185 dixisse
240 2120 386 2204 Rept'bas,
398 2141 456 2185 eur
470 2127 565 2204 turpe
580 2120 646 2183 sit?
692 2120 757 2187 Qui
773 2119 853 2184 dixit
868 2120 954 2200 olim,
965 2120 1011 2184 Et
1025 2141 1105 2186 nune
1115 2122 1215 2205 Reges

114 2224 278 2307 intelligite
288 2234 310 2302 ²,
325 2244 393 2288 non
407 2224 441 2287 id
456 2224 502 2287 ita
524 2223 614 2303 dixit,
631 2223 732 2309 quasi,
753 2230 869 2308 praeter
883 2245 968 2304 eum,
985 2224 1093 2289 caeteri
1111 2226 1215 2288 Bruta

114 2329 264 2392 animatia
279 2334 388 2391 essent
402 2326 560 2391 universi:
578 2348 672 2390 unum
687 2326 783 2392 modo
798 2327 962 2412 Propheta
975 2327 1021 2392 ibi
1035 2328 1216 2413 intelligere

116 2434 222 2516 Reges
251 2432 362 2511 voluit,
390 2431 429 2495 de
456 2431 596 2511 Christe,
623 2431 754 2511 scilicet,
781 2452 848 2496 non
877 2431 1089 2517 negligendo:
1122 2454 1217 2497 uuum
1321 2422 1326 2429 ’

115 2537 212 2601 modo
226 2535 279 2599 hic
298 2556 430 2599 monere
444 2535 544 2599 voluit
560 2535 640 2614 Rex,
662 2535 702 2599 de
718 2536 792 2620 jure
808 2536 910 2619 Regio
924 2556 991 2601 non
1005 2536 1217 2621 negligendo:

117 2647 340 2727 praeterquam,
357 2638 443 2722 quod
465 2638 506 2701 ad
527 2638 589 2702 hoc
609 2639 690 2702 lenti
714 2639 790 2717 sint,
806 2646 923 2703 caetera
940 2640 1052 2724 vigiles
1067 2640 1144 2704 satis
1159 2641 1219 2705 scit

117 2750 151 2808 et
164 2743 372 2827 perspicaces.
395 2741 489 2806 Nihil
504 2748 613 2805 autem
625 2741 671 2805 eis
682 2740 809 2805 decedit
823 2742 864 2806 de
879 2742 1045 2826 sapientia
1059 2744 1218 2828 opinione,

117 2846 200 2910 nihil
223 2846 263 2909 de
285 2845 469 2929 vigilantiae,
491 2845 517 2908 si
540 2844 581 2908 ad
604 2845 666 2908 alia
690 2853 758 2909 tam
778 2846 882 2910 multa
904 2846 1032 2926 oculati,
1056 2847 1098 2912 ad
1117 2869 1219 2912 unum

122 2949 251 3034 aliquod
265 2949 373 3013 minus
388 2948 471 3012 forte
486 2970 582 3031 quam
596 2970 654 3031 par
668 2956 717 3013 est
732 2949 849 3014 attenti
863 2949 938 3013 sint.

166 3053 239 3117 Nee
259 3053 346 3117 enim
369 3052 474 3134 Reges
498 3051 662 3134 privilegio
680 3051 822 3135 gaudent
843 3053 1016 3137 Pontificio,
1032 3059 1070 3118 ut
1088 3055 1223 3118 humani

126 3155 246 3241 aliquid
268 3155 345 3240 pati,
360 3162 398 3219 ut
418 3175 534 3232 errare,
549 3155 640 3218 nulla
659 3155 694 3217 in
716 3176 751 3218 re
772 3156 907 3240 possint,
927 3178 1031 3242 neque
1054 3159 1223 3243 quiequam

121 3281 259 3343 usquam
273 3258 432 3338 omittere,
446 3258 485 3322 de
501 3278 564 3342 quo
579 3258 745 3323 commode
760 3259 912 3322 monendi
927 3260 1012 3326 sint:
1035 3262 1223 3344 praesertim,

123 3365 150 3427 si
165 3362 297 3446 aequalis
313 3361 347 3425 id
362 3383 473 3425 eorum
489 3361 585 3425 faciat
594 3388 604 3440 3
627 3361 730 3445 magis
739 3361 855 3441 adhue,
872 3362 898 3425 si
913 3370 1043 3428 mutuas
1059 3364 1142 3427 vices
1157 3386 1224 3428 non
1293 3380 1296 3387 ·

123 3467 276 3551 defugiat,
304 3465 361 3529 sed
383 3486 481 3548 quam
506 3486 638 3529 monere
667 3464 750 3545 illos,
776 3464 838 3527 hac
866 3465 903 3528 in
927 3486 973 3545 re,
997 3472 1065 3530 tam
1095 3467 1135 3530 ab
1161 3467 1225 3530 illis

122 3570 248 3635 moneri
258 3570 295 3633 in
309 3568 381 3646 alia,
392 3576 524 3652 paratus
536 3567 586 3631 sit.
632 3568 715 3648 Neo,
727 3589 812 3631 unus
827 3574 946 3649 tamen,
962 3569 1023 3633 hae
1037 3570 1072 3633 in
1084 3591 1129 3649 re,
1141 3572 1225 3652 sepit

125 3676 196 3739 Rex
209 3680 329 3737 noster.
375 3672 433 3735 Est
447 3672 518 3735 Deo
535 3671 649 3754 gratia,
673 3677 749 3734 sunt
768 3678 801 3735 et
825 3671 930 3754 Reges
954 3671 1018 3752 alii,
1035 3672 1090 3757 qui
1112 3680 1145 3738 et
1164 3673 1225 3759 ipsi

124 3777 211 3840 idem
234 3797 309 3840 cum
330 3775 388 3839 illo
414 3775 553 3857 sapiunt,
578 3781 611 3838 et
637 3774 804 3839 Pontifieis
828 3774 863 3838 in
878 3775 1001 3860 Regnis
1024 3776 1090 3840 suis
1109 3778 1225 3862 jugum

126 3885 346 3944 excussenmt.

170 3985 264 4061 Tum,
292 3982 319 4045 si
344 3981 424 4045 eatis
438 3981 624 4061 ,ecpmecti
653 3978 761 4059 ctiam,
788 3983 838 4065 (ut
861 3982 1040 4047 Cardinalis
1065 3987 1223 4068 autumat)

131 4090 236 4171 Reges
251 4085 377 4168 reliqui,
398 4083 534 4167 (utinam
549 4090 658 4145 aretem
674 4083 750 4165 sint)
775 4106 816 4148 ne
839 4085 884 4150 sic
904 4086 1033 4169 quidem
1050 4087 1168 4172 injuria
1182 4089 1227 4153 eis

129 4193 186 4257 fit:
210 4212 276 4254 non
299 4187 402 4271 magis
426 4206 521 4271 quam
543 4186 710 4248 Sacrorum
729 4188 817 4270 Περὶ,
833 4188 885 4252 ciri
899 4190 1050 4269 Vestalis,
1072 4192 1228 4273 qulaeae

163 4319 176 4341 ¹¹
198 4308 273 4375 [¹‘Ne
296 4309 422 4357 fumosum
442 4304 550 4370 typhum
569 4305 655 4354 sacculi
699 4304 774 4355 Cone.
787 4311 848 4357 tom.
860 4308 888 4358 ii.
905 4309 951 4359 col.
963 4312 1034 4361 1676.
1048 4308 1090 4372 11.]

131 4377 158 4424 in
182 4374 322 4424 Ecclesiam
345 4371 440 4421 Christi
457 4407 463 4420 .
482 4407 508 4420 ..
526 4369 657 4418 videamur
732 4379 743 4401 ¹
761 4371 801 4420 Ps.
813 4372 874 4422 xliv.
887 4375 942 4432 23.;
959 4375 1058 4424 lxxviii.
1069 4377 1108 4425 65.

130 4437 402 4501 inducere.”-Rpist
425 4435 500 4486 Cone.
523 4435 602 4485 Atrio.
625 4434 657 4483 ad
732 4443 743 4475 5
778 4435 816 4485 Pa
829 4453 885 4488 cxx.
899 4438 996 4504 (Vulg.)
1009 4439 1045 4504 1.]

131 4506 259 4556 Goelcstin
284 4503 312 4563 1.,
341 4500 408 4567 apud
441 4500 516 4552 Cone
540 4499 658 4550 Atric-
734 4508 744 4532 ⁸
774 4501 812 4552 Ps.
825 4503 852 4554 ii.
865 4503 918 4567 11.]
