2910 4926
427 270 611 320 nromeuu
632 269 814 320 nesrousro.
1134 255 1175 317 35

117 429 296 495 Nobiscum
312 450 386 494 vero
405 450 557 513 perparce
577 428 662 512 agit:
686 427 859 493 Contradit
879 425 1015 491 enimin
1030 426 1176 507 rapulam
1243 420 1285 484 28

74 535 310 616 Septentrionir.
354 535 505 599 Etiamne
520 535 691 616 capulam?
727 534 773 597 At
788 540 912 596 rectum
928 552 1004 614 ergo
1019 532 1174 613 capulum.
1188 536 1340 620 [nutrierant

73 639 195 703 Vestro
209 639 296 703 enim
326 640 439 722 copulo
465 638 639 722 aequalem:
671 646 785 715 vestro,
811 657 902 720 aeque
931 645 964 698 et
987 635 1090 698 latum
1120 603 1328 729 pcrfflnlffl‘

73 742 194 821 omnia,
210 751 244 806 et
258 763 417 826 capacem.
448 743 491 806 Et
507 752 665 806 terrarum
681 743 812 823 capulus
825 741 888 818 hic,
902 762 940 804 ex
953 761 1015 824 quo
1031 740 1175 816 decessit,

73 847 154 908 moe
167 845 254 908 codic
267 845 422 926 deformet
436 846 592 928 apelleae.
623 846 730 909 Narro
746 851 855 907 autem
867 843 1046 908 Cardinali:
1071 843 1178 924 napoli

74 949 174 1034 liujus
190 950 217 1012 si
232 954 347 1013 co'c'ant
365 950 464 1013 semel
486 950 596 1029 latera,
613 958 645 1014 ct
661 949 742 1013 serio
757 949 840 1012 vires
860 949 1079 1032 conjungant,
1103 967 1177 1009 vere

75 1075 132 1119 vos
147 1056 276 1136 capulos
291 1075 441 1137 quaerere,
457 1076 531 1118 vere
552 1055 588 1116 in
603 1055 748 1136 capillum
762 1058 885 1116 vosmet
907 1051 1045 1135 aliquem
1060 1049 1177 1113 abdere

75 1165 248 1243 oporteret,
272 1178 338 1240 prae
363 1157 450 1220 illius
477 1159 583 1240 eupuli
607 1165 708 1236 metu,
733 1178 827 1240 quem
850 1157 920 1241 jam
945 1156 992 1219 ita
1013 1153 1178 1219 fastidiose

76 1260 237 1345 spernitis.
284 1261 348 1324 Sed
369 1283 455 1324 more
475 1268 505 1324 et
525 1262 648 1324 aridam
672 1282 739 1325 non
761 1261 934 1337 circuimus,
950 1267 988 1322 ut
1003 1259 1179 1341 proselytos

75 1367 240 1430 lucremur
253 1377 280 1442 τ;
319 1367 449 1443 scilicet,
481 1368 659 1431 Plruriaaeoe
694 1388 761 1430 non
797 1365 974 1444 imitamur,
1005 1364 1090 1449 quod
1123 1386 1179 1428 vos

77 1480 210 1535 strenue
239 1471 352 1535 facitis.
406 1473 450 1536 Et
480 1480 590 1535 tamen
620 1471 753 1536 Jesuitae
783 1469 889 1549 vestri,
916 1470 1014 1533 etiam
1044 1469 1179 1553 trajecto

77 1576 170 1654 mari,
183 1597 257 1639 cum
268 1576 415 1653 redeunt,
428 1577 461 1639 in
468 1576 542 1657 soro
555 1598 615 1638 noa
625 1578 768 1652 sollont¹,
780 1575 873 1658 quasi
888 1583 1016 1638 strenue
1029 1582 1120 1657 gesta
1130 1595 1177 1650 re3

78 1686 113 1744 et
135 1680 198 1743 iter
219 1701 312 1743 suurn
332 1680 524 1763 Japonicum
548 1687 682 1743 narrant
704 1679 745 1743 ad
769 1679 934 1763 gloriolam
955 1680 1056 1762 magis
1077 1700 1178 1755 suam,

79 1806 177 1867 quam
193 1783 278 1867 quod
298 1782 373 1847 indc
395 1783 533 1847 accessio
555 1784 621 1846 ulla
638 1783 679 1847 sit
702 1783 742 1847 ad
757 1783 853 1847 fidem
877 1783 959 1846 scria
974 1783 1022 1846 vel
1045 1783 1179 1860 sincera,

78 1887 131 1950 rel
146 1908 299 1970 magnum
315 1886 444 1970 aliquod
458 1887 610 1951 Ecclesiae
632 1887 879 1963 incrementum.
926 1886 1119 1970 Ilypocritaa
1134 1885 1181 1948 ibi

79 1994 213 2071 faciunt,
238 1994 329 2074 duplo
354 2015 446 2075 quom
474 2014 517 2069 se,
542 1993 629 2074 filios
657 1992 845 2065 Gelonae&
885 1991 1086 2055 Christianos
1113 2014 1181 2056 nou

79 2092 204 2162 faciunt
213 2123 222 2175 ς
247 2104 281 2161 et
296 2097 350 2180 qui
365 2098 449 2161 fiunt
470 2104 590 2176 tamen,
607 2098 739 2159 militum
759 2117 813 2159 eos
836 2096 1069 2179 lampetius,
1085 2118 1182 2179 quarn

78 2202 272 2266 Jeeuttarum
286 2201 386 2264 suada
401 2200 463 2264 sibi
476 2200 627 2264 vindicat.

115 2357 145 2379 =
157 2338 190 2388 ad
206 2337 331 2389 Graeciam
350 2337 477 2402 appellere
494 2342 598 2398 conatur,
618 2352 675 2387 cum
695 2337 838 2400 ignominia
857 2337 964 2401 repulsae
981 2342 1099 2386 sunt⁸¹.-
1109 2335 1184 2401 [Bell.

147 2421 223 2485 Apol.
237 2435 283 2486 pro
294 2419 378 2485 Resp]
390 2435 413 2484 p.
424 2424 447 2472 9.
459 2419 526 2486 [Op.,
537 2423 598 2470 tom.
608 2419 651 2470 vii.
664 2419 710 2470 col.
720 2423 775 2472 709.
787 2419 814 2470 Ο.
827 2419 873 2482 Ι).]

125 2537 215 2601 Nam
230 2537 269 2600 de
286 2537 407 2600 Gracia
422 2543 553 2615 tentala,
568 2536 690 2600 facturn
708 2536 743 2600 id
758 2537 798 2600 ab
813 2558 879 2600 uno
895 2544 951 2600 aut
974 2536 1084 2614 altero,
1101 2540 1184 2596 orote
1198 2540 1333 2620 [aeraria

82 2660 141 2704 suo
164 2640 306 2721 proprio,
336 2661 403 2703 non
426 2640 559 2721 publice
589 2641 753 2721 lepotionia
781 2640 975 2704 interventu.
1022 2640 1115 2716 Turn,
1143 2613 1347 2736 degsssspfifflu‘*

80 2745 207 2826 repulse
224 2765 320 2827 quam
338 2753 449 2807 narrat
459 2769 467 2819 ;
490 2765 558 2807 non
574 2744 665 2808 valde
683 2745 827 2823 referret,
848 2745 964 2828 (credo)
985 2745 1011 2806 si
1031 2765 1102 2807 eam
1124 2765 1182 2807 nos
1194 2751 1335 2864 maffia

81 2849 177 2912 renel
189 2848 282 2932 passi,
299 2870 394 2931 quarn
409 2869 464 2912 vos
485 2848 657 2913 duodecies.
701 2851 763 2914 Tot
785 2848 948 2928 enim,ch
969 2870 988 2911 a
1001 2847 1090 2912 vobis
1105 2848 1182 2931 ipsis
1195 2818 1239 2867 rep
1291 2836 1296 2849 ¹

82 2951 217 3036 repudia
231 2958 468 3015 numeranturv.
515 2951 702 3015 Graecorum
717 2974 776 3031 res,
788 2975 851 3037 quo
865 2954 900 3017 in
916 2960 1004 3016 statu
1019 2952 1095 3030 sint,
1111 2950 1183 3034 quis

81 3056 209 3120 nescit?
238 3056 412 3139 Utcunque
434 3055 633 3139 propendere
652 3077 686 3120 se
704 3058 812 3122 animo
834 3080 900 3122 non
920 3057 1133 3135 dissimulent,
1149 3062 1182 3119 et

84 3160 231 3245 quaedam
252 3160 348 3224 malle
372 3159 545 3224 reformata
570 3159 605 3222 in
630 3161 762 3225 melius:
794 3169 914 3240 tamen,
943 3165 1017 3245 (quo
1038 3162 1107 3246 jam
1132 3182 1183 3224 res

84 3287 197 3329 eorum
219 3264 291 3328 loco
313 3265 401 3345 sunt)
426 3263 489 3326 nisi
510 3263 690 3328 inhaereant
713 3265 856 3349 singulis,
873 3287 945 3350 quae
967 3267 1022 3329 diu
1041 3265 1183 3345 fuerunt,

85 3390 220 3455 quaeque
245 3370 314 3453 jam
345 3376 431 3447 sunt,
452 3370 684 3450 periclitabitur
710 3374 754 3435 eia
777 3395 857 3454 pers
881 3375 914 3435 ia
936 3374 1186 3456 redo-rpntioaem

83 3477 215 3540 venire¹.
237 3473 342 3538 Valde
357 3474 444 3537 enim
458 3483 618 3555 verentur,
631 3496 673 3538 ne
689 3477 816 3539 deficiat
831 3477 967 3560 populus
982 3478 1022 3541 ad
1038 3479 1185 3554 Turcam,

85 3580 174 3643 siin
200 3580 299 3643 veteri
328 3579 419 3642 cultu
444 3580 494 3642 vel
519 3580 632 3643 leviter
662 3580 825 3664 quidpiam
854 3581 1020 3645 immutari
1045 3582 1185 3645 rideant.

85 3684 196 3767 Magia
211 3688 319 3747 autern
335 3681 450 3761 adhuc,
463 3682 490 3745 si
512 3683 587 3767 quid
601 3683 637 3746 in
653 3683 789 3767 gratiam
805 3683 1021 3749 Occidentalis
1036 3684 1187 3749 Ecclesiae

118 3845 130 3876 ⁴³
163 3836 230 3888 Vide
241 3836 331 3887 Horat.
343 3836 394 3886 Sat
403 3835 430 3886 li.
444 3838 466 3886 6.
479 3833 512 3900 9.]
657 3836 723 3887 llcel.
736 3841 798 3888 tom.
810 3837 895 3897 xviii..
906 3837 939 3888 ad
950 3854 1009 3889 ann.
1021 3838 1094 3890 1451.
1106 3838 1184 3888 Num.

119 3910 130 3933 ¹
161 3902 371 3952 natantium.
657 3903 674 3951 i.
686 3903 723 3962 it,
742 3904 770 3953 in
792 3904 927 3967 quainter
945 3904 996 3954 alia
1014 3904 1185 3968 italegimus,

119 3976 129 3998 ¹
162 3967 379 4016 (truncatae.
658 3966 786 4017 “Infinili
809 3972 930 4018 tractatus
950 3970 1114 4030 intervenere,
1133 3969 1187 4033 plu·

119 4035 128 4063 ⁸
159 4031 234 4081 Mati.
245 4031 381 4095 xxiii.15.]
659 4031 792 4082 rimarunt
803 4033 927 4082 celebrata
938 4033 1058 4090 eoncilia,
1072 4034 1186 4083 innume·

120 4104 132 4127 ¹
151 4095 233 4161 [Vide
266 4095 393 4160 Sponden.
425 4096 494 4145 dnn.
522 4096 613 4146 Baron.
658 4097 750 4146 rabilcs
761 4097 838 4160 legati
856 4099 883 4147 in
899 4098 963 4148 hanc
983 4113 1035 4148 rem
1054 4098 1186 4158 destinati,

86 4160 294 4211 Continadaun
305 4162 375 4212 1575.
394 4159 471 4209 Num.
479 4162 540 4211 xvii.
553 4166 614 4211 tom.
658 4166 688 4210 nt
700 4167 751 4210 tarn
771 4170 844 4211 atrox
860 4162 952 4212 vulnus
970 4164 996 4213 in
1012 4163 1061 4212 Dei
1076 4163 1188 4212 Ecclesia

87 4228 114 4276 ii.
128 4241 170 4289 pp.
183 4226 316 4287 telate]
659 4229 811 4275 mnarctur,’'
824 4227 913 4276 confer
924 4243 1022 4291 quoquc
1034 4227 1187 4291 Sophianam

119 4300 130 4322 '
145 4289 615 4353 [Devanisadsclrismaintchrtccoa
661 4290 882 4353 l’seudosyuodum
914 4294 981 4341 circa
1014 4307 1054 4341 au.
1082 4295 1187 4341 1450.-

86 4360 114 4407 et
129 4355 255 4405 Romanoa
272 4355 456 4405 resarciendum
474 4357 614 4413 conatibus,
660 4355 754 4406 concil.
767 4363 820 4405 tom
840 4357 895 4404 xiii.
908 4358 963 4406 coll.
978 4359 1049 4414 1365,
1061 4355 1123 4418 aeq]

87 4421 148 4470 ride
172 4419 281 4483 Epistol.
313 4419 413 4469 Nicolai
433 4421 507 4484 Papae
526 4422 559 4469 V.
583 4421 616 4470 ad
691 4428 702 4452 ¹
722 4422 792 4485 [let.
806 4421 1009 4485 Apost.xix.2i.
1025 4419 1114 4483 vulg]

89 4485 249 4536 Constantia
259 4484 350 4549 Imper.
359 4484 425 4548 apud
435 4485 555 4548 Raynalil.
568 4488 615 4534 dn.

867 4571 932 4630 1³2
