2910 4926
449 276 630 323 inornann
652 276 834 335 nusronsro.
1146 260 1185 322 ll

90 432 168 516 quid
183 432 317 496 adoret?
363 433 445 496 'l'ota
464 453 540 517 ergo
555 453 606 497 res
628 432 721 497 nobis
736 432 837 497 abibit
851 431 887 496 in
905 433 1109 495 Chimeram:
1135 452 1190 515 po-

90 537 158 621 puli
185 536 339 614 adoratio,
365 536 547 601 Sacerdotis
576 536 887 616 transubstantiatio,
914 538 1021 619 ipnota
1044 544 1189 619 utraque.

92 641 258 725 (Optimus
269 641 399 725 quidem
415 643 530 720 cultus,
543 642 598 725 qui
610 643 722 724 tinpaa
736 643 848 724 ipnctae
862 640 1076 724 respondeat.)
1118 641 1191 704 Nec

90 767 168 828 ergo
181 745 290 810 obstat
301 747 354 810 hic
365 746 546 829 quicquam,
563 747 643 830 quin
651 753 738 810 reete
751 746 822 829 quis
837 745 953 810 dixerit
964 743 1192 809 Sacerdotibus
1243 780 1259 806 .

90 850 204 913 vestris
215 875 225 926 ;
258 850 325 913 Vos
356 870 399 912 an
418 848 725 928 transubstantietis,
751 850 900 912 nescitis:
928 848 1046 931 populo
1072 856 1191 927 autem,

96 954 159 1016 Vos
173 954 257 1036 qaod
270 953 421 1032 adoratis,
436 954 583 1028 nescitis,-
599 953 683 1017 siout
697 954 781 1036 qaod
793 955 893 1017 oratis
907 954 1043 1017 nescitis.
1085 954 1193 1016 Oratis

89 1059 216 1138 spirita,
232 1060 288 1122 sed
310 1060 377 1120 sine
402 1064 511 1135 mente,
543 1058 628 1141 quod
654 1058 787 1123 demum
809 1059 1022 1142 Apostolus⁰:
1050 1058 1194 1121 aderatis

87 1163 213 1243 spirita,
228 1163 286 1225 sed
297 1163 365 1225 eine
377 1164 532 1235 veritate5
549 1162 643 1245 quod,
660 1163 808 1227 Christus
822 1162 920 1247 ipse⁰.

135 1266 184 1327 Ac
200 1263 241 1328 de
256 1264 343 1328 certd
349 1266 418 1347 fide
433 1266 583 1349 quicquid
599 1266 651 1344 sit,
667 1266 719 1329 vix
734 1264 814 1330 hant
820 1266 888 1348 fide
902 1263 956 1330 hie
970 1264 1087 1349 agitur.
1135 1267 1192 1329 Sa·
1207 1273 1326 1338 [stum
1441 1277 1444 1282 ·

90 1368 203 1433 cardos
219 1369 316 1448 enim,
338 1372 367 1433 ei
394 1377 496 1435 certia
518 1371 586 1454 ipse
609 1379 766 1435 nonest:
794 1391 852 1434 cur
872 1390 958 1452 ergo,
977 1370 1068 1453 quasi
1090 1375 1194 1433 certia
1206 1339 1354 1454 {iffiiiff

91 1472 145 1551 sit,
171 1472 321 1536 Hostiam
347 1472 392 1536 sic
415 1495 435 1536 a
456 1495 490 1537 se
517 1475 630 1556 (nescit
654 1476 707 1556 an)
739 1475 1055 1537 transubstantiatam
1076 1468 1296 1583 P⁰P¹¹¹⁰i¹¹0iiii

89 1585 250 1661 proponat
273 1577 494 1640 adorandam?
544 1579 685 1662 Populus
708 1586 827 1658 autern,
851 1576 1000 1643 incertior
1024 1579 1128 1643 multo
1154 1578 1194 1641 de
1205 1593 1338 1657 incensa]

93 1680 280 1745 Sacerdotis
304 1687 380 1746 actu
406 1683 520 1760 alieno,
546 1705 641 1766 quam
671 1683 826 1747 Sacerdos
852 1684 893 1748 de
917 1705 984 1762 suo,
1006 1704 1063 1747 cur
1083 1682 1194 1747 adoret

90 1786 315 1869 propositam?
359 1788 415 1851 An
438 1788 500 1851 rite
525 1788 820 1851 transubstantiavit
842 1787 995 1865 nescitur,
1020 1788 1064 1868 (et
1080 1795 1128 1849 cst
1142 1786 1195 1850 hic

90 1890 174 1952 sian
197 1890 342 1970 popalus,
365 1891 412 1952 sic
437 1891 621 1972 Sacerdosl’)
653 1890 680 1953 si
705 1890 767 1954 rite
793 1911 859 1952 non
884 1888 1194 1966 transubstantiavit,

92 1991 244 2056 Christus
267 1992 313 2056 ibi
336 1981 483 2072 nonest,
510 1996 680 2057 antelatam
703 1993 810 2057 modo.
857 1993 892 2056 Si
907 1995 1077 2056 mustelam
1098 1992 1195 2056 modo

93 2104 153 2175 est,
176 2100 314 2162 crustata
337 2099 453 2161 Latria
474 2099 664 2177 exhibetur:
697 2100 817 2161 Parum
839 2096 1006 2160 autemid
1031 2096 1134 2162 aberit
1154 2095 1195 2160 ab

92 2199 289 2265 Idololatria.

137 2304 263 2368 Existet
279 2306 370 2384 altor,
388 2306 442 2389 qui
458 2306 562 2370 dicet:
586 2306 658 2369 imo
674 2305 700 2367 si
714 2326 773 2388 pro
787 2304 927 2368 Rachele
939 2304 1040 2367 Leam
1056 2303 1194 2388 amplec-

91 2416 182 2471 tatur
206 2409 278 2492 quis
302 2431 358 2492 per
377 2431 527 2488 errorem,
544 2431 633 2474 error
650 2410 835 2487 materialis,
851 2429 911 2472 nec
922 2410 1032 2491 pravis
1044 2435 1054 2471 .·
1080 2408 1195 2472 Gravis

91 2534 169 2575 vero
185 2536 225 2576 an
242 2514 329 2593 levis,
346 2516 521 2577 materiatis
543 2536 582 2577 an
601 2513 760 2595 sarmatis,
773 2513 859 2594 fides
878 2512 913 2574 in
932 2533 1038 2576 errore
1054 2520 1194 2590 nonest,

92 2615 178 2681 addo
198 2638 258 2681 nec
274 2618 437 2682 certitudo.
492 2619 536 2681 Et
558 2618 667 2702 pravis
687 2626 797 2679 tamen
819 2637 925 2692 error3
953 2615 1058 2697 siper
1083 2622 1195 2678 noctes

92 2718 237 2802 singulas
261 2721 306 2783 sic
326 2741 434 2783 errare
449 2719 607 2783 delectet:
633 2739 693 2783 nec
708 2718 816 2781 minus
837 2717 952 2800 gravis,
969 2717 995 2780 si
1010 2739 1067 2801 pcr
1082 2718 1195 2781 missas

93 2822 237 2904 quotidie
253 2822 405 2906 singulas,
422 2824 591 2885 onustatum
606 2842 663 2904 pro
681 2821 805 2882 Christo
821 2819 961 2883 adorare.

138 2927 196 3003 Ac,
212 2925 288 2989 olim
305 2909 435 3009 quidem
453 2926 552 3008 igitur
571 2924 697 2987 cautius
717 2944 786 2986 rem
809 2923 972 3006 gerebant.
1019 2924 1094 2989 Qua
1109 2924 1195 2988 enim

92 3028 155 3092 rite
171 3037 204 3092 et
219 3030 361 3113 legitime
377 3030 520 3094 adoratio
536 3031 636 3107 fieret,
653 3027 835 3092 consultum
850 3027 1028 3106 videbatur,
1045 3035 1082 3093 ut
1097 3029 1197 3092 tacita

93 3156 221 3218 semper
235 3135 444 3200 interveniret
459 3135 600 3199 conditio
615 3135 684 3198 haec
702 3134 752 3215 (Si
766 3154 799 3196 es
817 3133 968 3213 Christus,
985 3139 1015 3197 te
1030 3134 1149 3216 adora)
1169 3136 1197 3198 si

97 3241 276 3303 Gnatis-lam
285 3241 393 3320 modo,
404 3240 522 3304 reduco
531 3239 751 3303 adorationem
762 3259 878 3301 meam.
920 3238 998 3302 Tuto
1009 3238 1042 3301 id
1055 3238 1195 3322 quidem,

93 3344 151 3406 sed
164 3344 232 3425 fide
245 3354 356 3408 tamen
379 3355 493 3428 parum
509 3349 605 3407 certa.
651 3343 745 3407 Fides
760 3342 847 3406 enim
862 3344 1041 3424 hypothesis
1056 3365 1122 3406 non
1137 3352 1196 3421 est,

94 3449 288 3529 hypostasia‘t
300 3458 366 3512 est:
383 3448 509 3511 vacillat
525 3454 643 3525 autem,
657 3446 743 3530 quod
758 3446 813 3525 sic,
829 3447 864 3509 in
875 3447 1047 3529 hypothesi.
1071 3447 1197 3530 Oppor-

94 3558 175 3615 tune
191 3573 266 3635 ergo
282 3552 334 3616 hic
349 3551 506 3616 succurrit
519 3551 692 3633 Vasquezr.
720 3551 792 3614 Nec
808 3549 896 3614 enim
910 3549 1076 3614 Christum
1091 3549 1197 3629 modo,

94 3657 128 3719 in
138 3675 233 3736 pane,
250 3657 299 3718 vet
308 3657 406 3736 panis
420 3656 530 3736 specie,
546 3675 652 3716 anam
666 3660 696 3717 ct
706 3675 822 3736 panem
837 3655 939 3738 ipsum
954 3653 1084 3716 adorari
1093 3674 1197 3735 posse,

95 3779 157 3820 nan
183 3759 299 3820 invitas
319 3758 416 3836 dabit,
444 3763 575 3833 tanturn,
591 3763 625 3819 at
649 3759 852 3839 apprehensio
874 3753 1004 3838 feratur
1029 3758 1063 3819 in
1084 3758 1197 3821 Deum.

96 3864 178 3928 Qum
199 3863 239 3927 ab
262 3863 317 3926 illo
332 3864 416 3926 ratio
431 3863 470 3926 de
485 3884 569 3925 novo
584 3883 686 3945 nuper
701 3863 882 3946 excogitata
901 3861 1000 3925 videri
1023 3869 1139 3945 potest,
1156 3884 1198 3927 ne

95 3990 226 4032 neccsse
256 3968 298 4031 sit
328 3968 486 4051 scrupulis
514 3967 585 4031 istis
608 3967 715 4031 vexari
741 3966 899 4044 homines,
927 3967 1041 4029 autin
1063 3968 1198 4031 materia

95 4074 442 4138 transubstantiatianis
455 4074 502 4136 ita
517 4072 632 4136 misere
647 4071 813 4135 fluctuare.
859 4072 1000 4135 Possunt
1016 4072 1195 4151 Christum,

96 4183 232 4260 possunt
247 4197 314 4239 uon
332 4176 439 4266 minus
455 4183 487 4239 ct
511 4196 639 4259 panem,
663 4174 690 4236 si
714 4196 794 4257 opus
816 4174 867 4252 sit,
887 4176 952 4256 (qai
975 4176 1076 4237 minus
1096 4183 1198 4239 autem

127 4310 139 4332 ¹¹
158 4302 182 4365 [1
199 4302 385 4366 Cor.1ir.15.]
672 4301 720 4361 nis,
731 4302 775 4351 lib.
788 4302 825 4351 iii.
842 4301 912 4366 Disp.
923 4303 941 4351 i.
957 4317 978 4352 a.
992 4305 1013 4352 h.
1027 4317 1050 4365 p.
1062 4304 1115 4352 192.
1129 4303 1199 4353 Com·

128 4374 139 4397 ⁰
156 4367 239 4466 [ioan.
253 4369 286 4445 ir.
298 4367 354 4431 tt]
672 4366 735 4478 plut.
754 4369 825 4480 lhtts.
843 4366 1073 4481 efthffgmpantioip
1085 4368 1197 4480 iiiilppsrt.

128 4440 140 4535 i
155 4431 360 4575 iiiibdiiil
598 4563 602 4572 Ι
674 4447 808 4573 idinliia.
822 4469 852 4545 'a
866 4469 934 4560 unp]
945 4447 999 4545 ni.
1017 4512 1037 4545 c.
1048 4468 1110 4545 a'n'.
1122 4499 1159 4546 10.
1174 4448 1199 4548 ii

129 4570 138 4591 ¹
157 4561 209 4623 [Cf.
223 4561 345 4624 vasquez,
364 4563 395 4613 dc
409 4561 485 4611 Cultu
498 4562 629 4612 Adoraho-
673 4562 734 4612 ahhr
747 4576 846 4626 saepius.
867 4561 906 4612 ed.
920 4561 1046 4626 ingoldst.
1055 4561 1151 4626 itinn
