2910 4926
468 277 652 327 saonocuu
672 276 856 328 nnseossro.
1149 263 1214 326 327

109 434 266 499 fanaticos
298 433 452 518 quosdam
484 456 572 501 error
605 435 697 500 valde
726 435 877 501 exercuit.
925 435 1055 516 Tempus
1084 433 1212 518 quidem

109 538 270 623 designari
292 560 384 624 posse
404 544 531 622 putant,
552 541 678 623 (annam
698 547 789 623 puta,
817 545 885 603 aut·
899 538 985 623 quod
1008 538 1090 602 aba!
1114 538 1154 600 cb
1177 559 1212 602 eo

108 648 227 724 tempas
248 664 310 706 aon
334 644 433 726 lotape)
459 649 587 706 tantum
614 643 655 708 de
682 645 733 707 die
758 652 791 708 et
818 645 906 723 hora,
933 642 1049 706 divinae
1072 642 1212 707 scientiae

107 746 307 829 relinquunt.
352 749 409 825 At,
435 747 503 829 (qui
527 747 623 811 toties
647 745 764 811 delirat
790 746 830 811 de
853 746 995 828 Abbato)
1023 768 1132 812 annon
1156 747 1212 811 ille

107 849 177 914 lraec
206 872 265 913 sua
294 849 390 912 debet
416 849 559 932 Napeiro
587 851 694 929 Scoto,
721 851 761 914 dc
786 850 887 933 Regis
911 848 1048 914 subditis
1074 849 1131 913 uni
1156 849 1212 934 qui

108 954 233 1037 scripsit
247 954 283 1017 in
297 953 560 1037 Apocalypsin'l
585 976 692 1019 annon
707 954 748 1019 ab
763 975 801 1020 co
815 955 885 1019 haec
899 955 1088 1018 mutuatus?
1134 953 1210 1033 Qui,

109 1079 295 1142 quanquam
317 1058 357 1121 de
379 1057 431 1121 die
454 1066 488 1121 et
511 1060 590 1121 lacre
608 1058 807 1141 deprecatur,
823 1065 978 1141 tanquam
1000 1055 1119 1141 ignotis
1141 1057 1210 1137 ulli,

107 1166 218 1224 tamen
241 1169 370 1245 ternpus
394 1160 523 1244 aliquod
546 1161 576 1224 ei
597 1161 812 1245 propinquum
832 1162 959 1244 (canum
973 1159 1081 1244 sorte),
1097 1167 1130 1225 et
1145 1161 1210 1244 sig-

107 1262 179 1326 nari
193 1269 286 1346 putat
301 1284 402 1346 posse,
418 1271 452 1327 et
467 1285 541 1327 vero
556 1263 662 1346 signat
675 1264 755 1348 ipse.
800 1265 934 1343 Verum,
951 1285 1025 1328 cum
1040 1263 1139 1328 verba
1155 1263 1211 1327 illa

108 1366 233 1430 Christi
251 1366 299 1430 ita
312 1366 392 1430 vidit
406 1366 487 1431 lucis
500 1367 605 1450 plena,
620 1375 658 1431 ut
673 1388 715 1431 ne
729 1368 790 1431 hac
805 1366 936 1450 quidem
951 1366 1072 1431 nebula
1086 1366 1211 1430 offundi

107 1475 247 1552 possent,
271 1490 310 1534 eo
332 1490 367 1533 se
389 1476 463 1552 post
486 1469 610 1553 recipit,
634 1477 672 1533 ut
694 1469 791 1545 dicat,
810 1477 885 1551 post
908 1470 974 1533 dies
1000 1469 1211 1552 prccdrapiatc
1269 1532 1272 1541 ,

108 1574 241 1654 quiaque
256 1573 332 1655 sore
345 1573 464 1655 judieii
487 1574 569 1637 diem
583 1580 614 1636 et
628 1574 735 1637 mandi
750 1575 1062 1638 emmrmmationem:
1077 1572 1161 1654 fere,
1176 1573 1214 1636 id

107 1683 165 1754 est,
181 1697 242 1740 noa
257 1678 346 1757 lonae
361 1684 426 1741 tam
441 1676 557 1759 abfore.

140 1813 190 1863 Sed
200 1828 281 1877 nequa
292 1814 333 1864 illi
343 1817 412 1863 certo
423 1814 504 1864 scient
516 1813 585 1864 diem
601 1818 677 1878 atque
694 1814 748 1881 [lep.
761 1814 853 1880 nequa]
870 1814 966 1873 horum,
977 1813 1098 1878 quonism
1108 1810 1209 1862 ethuici

172 1894 226 1946 dics
237 1895 404 1959 qnadraginta
415 1895 526 1960 quinque
538 1933 544 1945 .
563 1932 569 1945 .
586 1933 593 1945 .
610 1895 761 1961 expectandi
772 1905 847 1948 crunt
857 1900 916 1960 post·
926 1901 1034 1946 mcroem
1047 1892 1208 1955 Antichristi,

173 1980 259 2026 tamen
270 1976 400 2041 Scriptura
416 1992 468 2027 non
487 1976 551 2028 dicit
569 1977 636 2028 diem
650 1977 744 2042 judicii
759 1993 812 2028 non
828 1992 880 2028 esse
897 1978 998 2040 longius
1013 1974 1207 2041 prorogandum.

172 2059 260 2122 ltaque
271 2060 352 2109 scient
369 2097 375 2110 .
392 2095 399 2108 .
416 2060 456 2109 illi
473 2059 541 2109 diem
551 2059 645 2123 judicii
662 2075 714 2111 non
728 2077 781 2112 csse
795 2059 979 2125 expectandum
995 2063 1054 2110 ante
1071 2058 1140 2108 diem
1151 2072 1210 2122 qun

172 2139 342 2203 dragesimam
354 2142 472 2205 quintum
484 2141 517 2192 ab
528 2142 683 2191 Antichristi
695 2141 771 2202 coedc,
783 2142 827 2192 sed
844 2157 877 2191 an
893 2141 990 2191 diutius
1001 2139 1154 2191 differendus
1164 2141 1207 2200 sit,

172 2222 441 2287 ignorabunt-[Bell.
449 2224 523 2287 Apol.
535 2238 581 2287 pro
591 2223 678 2289 Resp]
689 2226 779 2287 p.139.
798 2223 867 2289 [Op.,
877 2223 989 2273 tamaii.
1000 2222 1048 2272 eol.
1056 2222 1110 2274 782.
1123 2222 1150 2271 C.
1160 2220 1206 2284 D.]

151 2320 295 2383 Tandem
317 2330 426 2384 autem
449 2329 601 2401 exscreat,
625 2329 658 2386 et
680 2329 790 2406 aperte
814 2322 974 2406 loquitur3
998 2321 1121 2384 etiami
1141 2320 1208 2383 dies
1220 2335 1325 2400 [Utrum

108 2423 318 2505 quadruplata
332 2425 465 2506 quinque
486 2427 670 2507 expectandi
688 2432 753 2489 lum
773 2432 864 2489 aaut
876 2431 952 2507 post
970 2430 1099 2487 mortem
1112 2424 1206 2486 Anti·
1219 2401 1340 2515 gfff*

107 2527 228 2605 christi,
249 2533 352 2590 tumen
374 2549 436 2591 noa
457 2528 494 2590 id
513 2530 546 2592 in
563 2530 730 2610 Scriptura
746 2529 820 2609 diei,
838 2529 918 2593 diem
932 2529 1053 2591 chicii
1067 2547 1128 2590 noc
1142 2547 1207 2590 esse
1220 2529 1372 2607 muccun-

107 2630 228 2712 loapics
257 2631 516 2712 protrahendam.
560 2634 640 2696 Non
669 2653 738 2696 esse
767 2632 895 2716 longius
923 2630 1176 2715 protrahendum
1190 2630 1205 2692 ἲ
1219 2596 1314 2710 Ἓξ

107 2733 180 2796 Non
209 2735 340 2817 coeptas,
364 2755 431 2797 non
453 2735 562 2817 plures
588 2735 655 2799 dies
681 2758 778 2819 quam
804 2736 1016 2821 quadraginta
1040 2736 1205 2819 quinque?
1219 2675 1338 2789 lenda]

108 2837 216 2925 Quare
239 2835 452 2920 quadraginta
467 2837 608 2921 quinque
623 2837 671 2901 illi
691 2841 761 2923 jam
776 2839 843 2903 dies
857 2840 919 2903 hoc
934 2839 995 2903 sibi
1009 2839 1131 2917 volunt,
1146 2860 1208 2902 aon

104 2940 328 3020 espectaadum
349 2940 431 3002 diem
446 2941 574 3022 judieii,
591 2943 759 3005 antediem
775 2943 1045 3027 quadrupedmcm
1067 2943 1207 3024 quintum

105 3041 144 3103 ab
154 3043 345 3105 Antichristi
360 3043 458 3116 coede;
475 3044 541 3122 sed,
552 3066 593 3108 aa
609 3045 727 3108 diutius
742 3045 931 3128 dfferersdns
944 3047 998 3123 sit,
1009 3046 1046 3107 id
1057 3065 1139 3123 vero,
1152 3047 1206 3127 qui

105 3150 170 3207 lum
184 3151 274 3207 erum
288 3147 434 3223 homines,
450 3147 659 3227 ipsorcturos.
703 3150 810 3212 Erunt
824 3169 900 3232 ergo
921 3148 990 3211 dies
1005 3148 1052 3211 illi
1068 3148 1203 3231 quadra·

105 3245 197 3327 ginta
223 3248 373 3331 quinque,
398 3250 611 3333 quadraginta
637 3251 777 3335 quinque
797 3259 830 3315 et
855 3251 963 3315 nescio
984 3259 1062 3334 quot
1084 3251 1202 3334 plures,

106 3369 142 3412 ac
157 3370 198 3412 ne
214 3350 393 3414 Cardinnlis
416 3353 546 3435 quidem
567 3353 637 3437 ipse
659 3354 728 3432 seit,
743 3355 846 3417 minor
860 3353 1056 3434 Pontificius,
1072 3352 1129 3415 sed
1143 3373 1205 3416 nec

106 3451 326 3538 Hieronymus
335 3455 442 3533 etiam,
453 3478 547 3539 quem
559 3477 598 3520 ex
610 3479 675 3520 non
686 3479 804 3540 magna
815 3478 909 3522 causa
920 3478 1063 3540 mapsam
1072 3456 1204 3538 Pontifi-

104 3556 186 3618 cium
201 3557 308 3620 subito
324 3558 452 3621 creavit.
491 3560 565 3625 Quo
579 3581 743 3643 responso,
759 3583 819 3625 nec
833 3561 954 3625 bonum
970 3582 1003 3624 se
1021 3562 1205 3642 llceolcpam

102 3669 235 3743 praestat
250 3662 441 3737 cardinalis,
457 3684 562 3745 neque
577 3685 653 3727 vero
667 3665 824 3728 Jaristcm
838 3665 970 3729 bonum.
1016 3666 1094 3729 Non
1108 3665 1204 3728 raco-

104 3766 216 3847 lopum.
262 3768 362 3845 Nam,
379 3789 449 3850 quae
464 3774 595 3850 propter
618 3770 736 3832 electos
751 3791 771 3832 a
786 3769 856 3833 Deo
872 3769 1027 3853 promissa
1040 3769 1135 3846 fiunt,
1156 3768 1204 3851 (ut

104 3867 209 3931 breves
225 3867 355 3952 futuros
369 3872 436 3934 dies
452 3872 524 3934 illos
538 3872 728 3954 pollicetur¹
753 3874 903 3936 Servator
917 3878 1051 3954 propter
1068 3872 1203 3954 Elector)

102 3970 135 4048 ii,
164 3979 201 4035 ut
227 3972 333 4055 plures
356 3974 425 4057 jam
449 3975 540 4052 fiant,
561 3974 667 4038 nescio
693 3981 771 4058 quot
797 3977 916 4059 plures,
946 3977 1111 4059 lleolopia
1136 3997 1204 4039 nou

103 4076 234 4157 patitur.
274 4077 346 4140 Nec
359 4076 407 4139 ita
421 4098 564 4159 unquam
580 4077 692 4141 fefellit
709 4079 798 4141 Deus
814 4101 945 4143 suorum
963 4101 1061 4163 spem,
1077 4085 1114 4142 ut
1129 4099 1203 4142 cum

104 4178 326 4257 praestituisset
356 4178 419 4241 illis
449 4178 543 4258 diem,
575 4201 638 4263 quo
667 4179 825 4244 liberandi
847 4187 966 4260 essent,
989 4202 1027 4245 eo
1052 4181 1121 4264 ipso
1150 4180 1203 4245 die

103 4302 170 4343 non
185 4282 328 4346 liberarit
343 4283 424 4361 illos,
437 4282 580 4347 liberarit
594 4283 691 4347 fidem
706 4304 808 4362 suam,
819 4285 874 4348 sed
886 4285 968 4349 elabi
983 4285 1103 4349 sineret
1117 4285 1202 4348 diem

137 4441 154 4462 ''
171 4432 253 4497 [Vide
265 4432 362 4498 Nepeir
372 4448 405 4484 cn
423 4433 466 4484 thc
478 4432 632 4485 Revelation.
710 4445 721 4467 ¹
739 4436 831 4486 listlh.
844 4437 912 4486 xxir.
925 4439 964 4486 22.

105 4498 179 4562 Prop.
192 4501 241 4549 siv.
258 4514 301 4563 pp.
316 4498 429 4562 1642]
