2910 4926
440 275 622 325 nnorocnn
645 273 825 324 nrsrorssro.
1118 261 1182 323 385

127 429 192 495 Sed
207 429 364 514 Gregorio
377 429 493 494 titulus
507 429 560 494 hic
574 428 616 494 ob
625 428 761 512 Eulogio
772 427 991 494 Alexandrino
1006 428 1100 493 datus
1114 437 1163 493 est
1171 456 1182 508 3
1195 442 1273 558 {Hie
1285 445 1345 495 titu-

79 533 136 598 sed
153 532 309 618 numquid
329 535 503 617 acceptus?
548 531 718 615 Numquid
731 554 798 597 non
817 533 927 611 invito,
948 539 1046 616 etque
1061 534 1182 619 nebtnls
1194 515 1346 639 smmi..

79 637 158 720 quid
168 638 259 701 fieret
268 636 461 721 prohibenti,
468 637 620 714 obtrusus
630 638 645 700 i
657 635 815 719 numquid
823 656 891 700 non
900 635 1011 700 stetim
1019 636 1180 721 rejectus?
1195 637 1245 704 Mi

80 741 164 804 Ecce
190 740 236 804 ait
263 740 309 804 ibi
334 740 520 824 Gregorius,
542 741 584 803 In
611 738 805 821 Prasatione
833 740 995 822 Epistoln‚
1023 760 1116 822 qrtam
1139 739 1184 804 ad

79 843 237 924 meipsum,
248 844 301 926 qui
310 843 468 925 prohibui,
480 843 653 922 direeistis,
666 843 804 925 ruperboe
818 842 1037 925 appellationis
1047 842 1181 923 verium

79 949 284 1012 venereum
304 969 353 1011 me
375 948 500 1030 Papam
521 948 669 1027 dicentes,
691 947 868 1030 imprimere
890 947 1036 1011 curastis.
1083 947 1181 1025 Quod,

75 1057 161 1132 peto,
179 1052 361 1115 dulcissima
380 1052 458 1114 milri
480 1051 642 1115 Sanctitas
667 1056 771 1115 vestra
792 1051 879 1114 ultra
898 1071 960 1113 non
971 1047 1087 1132 saciat,
1108 1051 1183 1133 quia

78 1155 167 1218 vobis
180 1155 385 1234 subtrahitur,
408 1154 491 1238 quod
504 1155 587 1233 aliis,
596 1156 780 1237 plusquam
797 1154 881 1218 ratio
896 1155 1004 1236 eripit,
1013 1153 1183 1236 prebetur.

78 1258 224 1321 ...Nee
249 1259 394 1322 tenorem
419 1276 484 1321 eece
509 1257 631 1339 deputo,
657 1258 691 1320 in
716 1277 775 1340 qvo
792 1254 918 1338 fratrea
936 1276 1019 1320 meos
1038 1259 1183 1322 tonoren

77 1382 166 1424 suum
179 1362 313 1443 perdere
336 1382 493 1445 cognosco.
512 1362 626 1425 ...Si
645 1363 727 1425 eum
751 1360 960 1425 Universalem
985 1382 1033 1425 me
1058 1363 1182 1445 Papam

77 1469 182 1526 vestra
197 1463 359 1528 Sanctitas
373 1464 461 1540 dicit,
477 1467 570 1546 nepot
584 1483 618 1527 se
632 1464 690 1527 liae
710 1483 785 1542 esse,
801 1464 885 1545 quod
902 1484 950 1527 me
960 1462 1087 1546 fatetur
1106 1464 1181 1529 Uni-

77 1588 208 1632 vereum
254 1568 320 1632 Sed
341 1569 423 1632 absit
444 1570 512 1631 leoc.
555 1567 716 1632 Recedant
737 1565 840 1646 verba,
856 1587 923 1650 qun
941 1569 1111 1632 vamtatem
1132 1570 1180 1632 in·

72 1671 168 1754 flant,
181 1678 211 1735 et
223 1673 388 1735 caritatem
397 1672 585 1736 mimam.
609 1669 729 1735 Melius
737 1690 814 1754 crgo
824 1670 963 1735 siluisset
973 1671 1013 1735 de
1024 1672 1181 1755 Gregorio

78 1773 266 1853 cardinalis,
283 1795 380 1858 quam
404 1781 442 1838 ut
461 1773 614 1851 nitidum,
634 1771 685 1855 (dc
704 1794 768 1857 qno
791 1771 838 1835 ita
857 1775 990 1856 rogavit,
1013 1775 1086 1857 epit,
1109 1796 1181 1839 con·

80 1879 190 1956 tendit,
206 1883 299 1959 atque
318 1897 399 1960 aspre
421 1876 545 1940 tandem
567 1876 699 1940 obtinuit
719 1896 739 1937 a
754 1876 873 1955 Plroca,
888 1877 942 1941 vix
956 1876 1095 1941 triennio
1108 1886 1181 1961 post

79 1980 270 2064 Gregorium
298 1980 473 2063 mortuum)
503 1979 640 2061 mperbae
668 1980 888 2060 appellationis
914 1979 1038 2044 verbum
1054 1982 1181 2066 Lector

78 2083 174 2149 sciet:
190 2085 225 2147 in
239 2081 595 2166 qrmjacturamsaciunt
605 2083 718 2165 reliqui
727 2102 830 2146 omnes
840 2084 966 2147 lionoris
976 2085 1035 2163 mi,
1047 2084 1180 2150 verbum

79 2208 142 2270 quo
156 2188 281 2270 infletur
294 2188 428 2265 vendas
443 2187 621 2250 vulneretur
635 2187 764 2265 caritas
779 2186 922 2266 verbum,
938 2187 1023 2270 quod
1043 2199 1076 2251 et
1099 2189 1181 2253 Gre-

78 2290 186 2373 gorius
216 2298 290 2355 ante
314 2289 488 2374 prohibuit,
511 2289 606 2353 etde
630 2297 746 2354 caetero
767 2290 837 2374 jam
861 2290 1071 2374 deprecetur:
1095 2292 1180 2376 quod

77 2393 131 2457 ille
157 2393 298 2458 Phocem
327 2401 468 2477 rogasset
494 2414 670 2476 nunquam,
700 2413 866 2476 nunquam
895 2392 942 2456 illi
965 2393 1089 2458 Phocus
1119 2395 1180 2458 hoc

78 2497 174 2562 titulo
189 2497 386 2581 gratificans
400 2495 530 2573 fnisset,
547 2504 714 2580 nunquam
727 2496 792 2575 ille,
802 2494 842 2560 de
856 2495 918 2560 hoc
929 2497 1072 2576 obtento,
1082 2498 1181 2563 Boni-

77 2599 170 2679 facio,
185 2606 339 2683 tanquam
354 2599 393 2663 de
408 2599 494 2664 bono
508 2598 604 2678 facto,
620 2599 798 2683 gratulatus
813 2606 907 2664 esset.

110 2734 241 2793 Quomodo
255 2736 332 2785 etium
344 2735 368 2785 S.
378 2734 457 2785 Leoni
472 2734 529 2798 plns
546 2738 648 2785 centnm
664 2735 739 2785 nnnis
750 2734 871 2798 Gregorio
882 2735 1021 2799 antianori
1031 2736 1180 2787 universalis

144 2817 297 2867 Potriorchre
309 2816 414 2867 titulum
426 2816 541 2880 Synodns
552 2816 761 2868 Chalcedonensis
771 2817 873 2878 obtulit,
884 2821 914 2867 nt
924 2816 993 2868 idem
1005 2816 1141 2881 Gregorius
1151 2819 1179 2868 in

145 2897 252 2962 (eodem)
271 2898 387 2962 Epistola
403 2898 627 2963 testatus-[esu.
639 2898 713 2964 Apoi
722 2913 769 2964 pro
778 2897 864 2964 Rosp]
876 2901 966 2964 P·1⁵3·
987 2897 1054 2965 [Gp.‚
1065 2905 1127 2951 torn.
1135 2901 1180 2952 vii.

143 2981 191 3031 col.
202 2983 258 3034 790.
269 2980 312 3045 D.]

121 3079 254 3158 Verum,
270 3086 301 3143 et
314 3079 412 3143 Leoni
428 3081 504 3162 plus
524 3085 644 3143 centum
663 3079 764 3158 annis,
783 3080 933 3162 Greporio
953 3086 1061 3162 antiqu
1123 3081 1182 3159 ,in
1204 3094 1257 3141 ets
1275 3090 1301 3140 S.

82 3183 321 3246 Chalcedonenri
348 3183 483 3265 synodo,
510 3183 620 3245 titulus
649 3183 731 3246 idern
760 3181 890 3245 oblatus.
936 3183 1111 3265 Gregorius
1134 3183 1182 3246 ito
1245 3153 1295 3219 nn]

78 3296 197 3363 narrat,
212 3286 246 3347 in
261 3285 366 3347 eadem
381 3285 441 3347 iac
449 3285 594 3366 Epistola
603 3283 637 3348 ¹¹.-
661 3285 708 3348 ito
721 3285 757 3348 in
765 3285 875 3366 priore
889 3285 957 3362 illa,
973 3306 1036 3369 que
1049 3285 1181 3348 titulum

78 3388 184 3471 ipsum
208 3387 404 3470 deprecatur.
449 3384 557 3451 Etiam
578 3407 617 3451 ex
640 3387 702 3451 hoc
725 3396 879 3471 agnoscet
898 3387 980 3471 quis,
995 3408 1034 3451 oo
1054 3387 1180 3465 saeculo,

78 3492 266 3573 Mystes-ium
295 3491 473 3572 iniquitatis
502 3497 661 3573 operatum
683 3500 778 3578 ecse0,
803 3512 877 3554 cum
899 3498 1041 3575 coeptum
1065 3491 1181 3555 deferri

78 3616 198 3659 nomen
218 3594 291 3673 hoc,
306 3593 365 3657 etsi
380 3592 413 3656 id
427 3593 463 3657 in
479 3594 591 3657 Libelli
614 3594 710 3659 modo
731 3595 881 3677 supplicis
899 3595 1115 3677 inscriptione,
1131 3595 1182 3658 vel

78 3698 239 3779 Epistola,
257 3699 306 3780 (ut
328 3704 376 3760 est
395 3698 567 3781 supplicum
586 3697 675 3762 natio
695 3697 834 3761 demissa
855 3717 979 3780 semper
1000 3697 1072 3781 plns
1094 3698 1181 3777 setis,

77 3809 111 3866 et
124 3801 294 3866 titulorum
318 3800 475 3886 prodige.)
523 3800 586 3865 Sed
608 3823 716 3866 ennon
739 3799 850 3864 eadem
866 3801 968 3864 Leoni
989 3822 1089 3880 mens,
1110 3823 1180 3885 quae

111 3977 123 4000 ⁸
139 3967 341 4033 [S.Greg.Mog.]
354 3967 398 4018 lib.
407 3968 608 4032 riilipistm.
653 3970 857 4021 rocubnlovolnit
865 3985 873 4030 3
884 3968 1180 4029 nt,dnm1nhoomnndo

82 4033 143 4146 dm
155 4039 217 4084 vett.
234 4032 328 4093 nnius
345 4032 390 4082 lib.
402 4034 456 4083 viii.
483 4032 573 4084 indict.
591 4035 608 4085 i.
652 4034 773 4085 honorem
792 4034 955 4085 Soccrdotnnr
977 4033 1114 4096 diligerent
1129 4049 1180 4084 orn·
1223 4042 1227 4051 '

103 4097 608 4161 pistxxx.Bcn.—0p.‚tom.iicoltlt.
652 4100 732 4160 nium,
743 4099 811 4163 epnd
823 4099 893 4149 omni
925 4102 1022 4148 tentem
1034 4097 1180 4148 Dennrcne

81 4161 108 4211 G.
118 4161 148 4211 D.
651 4163 895 4215 todirentsnnm.”-
927 4161 1180 4226 Gregdingdibsit.

113 4224 125 4257 ⁸
152 4229 168 4253 ‘⁴
179 4225 213 4276 Et
224 4226 326 4289 quidem
338 4227 366 4276 in
376 4230 463 4277 uncto
474 4225 607 4278 Ghsloedo
650 4229 672 4279 E
691 4243 819 4278 auson
831 4230 892 4278 vett
901 4226 997 4287 ndum
1008 4227 1052 4276 lib.
1060 4226 1114 4276 viii.
1123 4226 1179 4276 Ind.

80 4305 152 4340 nensr
163 4290 272 4352 Synodo,
282 4297 358 4354 etque
368 4294 426 4356 post
435 4307 451 4341 a
459 4292 608 4355 subseqnen-
650 4294 667 4342 i.
715 4291 949 4356 ‚mBon-Gp,
958 4296 1018 4342 torn.
1027 4286 1054 4340 ii.
1065 4291 1112 4340 coi.
1122 4293 1176 4340 919.

79 4355 148 4404 tibns
167 4354 285 4405 Patribus
294 4354 342 4405 hoc
352 4355 522 4406 decessoribus
545 4358 609 4407 mois
652 4357 683 4407 D.
696 4309 736 4420 d]

77 4419 191 4469 obletnrn
207 4423 290 4470 vestre
306 4419 432 4470 Sanctius
446 4421 526 4471 novit
559 4421 609 4472 Sed
684 4421 742 4486 ‘[2
754 4419 839 4475 'iiim
849 4421 876 4472 ii.
888 4419 925 4484 'l-]

77 4491 163 4534 temon
180 4483 265 4533 nullus
282 4497 368 4532 eornm
380 4484 419 4533 nti
435 4483 483 4534 hoc
499 4492 610 4550 nn'qmr

121 4578 363 4616 ssorum—rnen.
866 4542 893 4631 ’ς
906 4582 929 4632 ρ,
