2910 4926
253 236 298 301 96
568 251 612 302 sn
633 251 825 303 cmummrs
844 240 1044 303 emniamru

301 405 365 472 Sed
379 427 495 492 neque,
511 406 538 471 si
552 406 593 472 de
607 407 705 473 Petro
719 407 878 486 convenit,
894 407 948 472 cui
967 407 1090 471 dictum
1104 412 1154 470 est
1169 427 1189 470 a
1203 404 1355 487 Domino,

255 511 357 575 Posce
380 530 450 577 oves
471 530 577 579 meas:
601 510 641 576 de
656 509 820 593 Pootifiee,
844 511 930 595 quod
952 511 1036 575 isin
1060 530 1099 575 eo
1122 509 1209 575 dicto
1231 511 1356 576 factove

256 614 346 679 Petri
359 634 517 678 stmeessor
531 614 584 694 sit,
601 614 711 678 statim
726 614 904 680 conveniet.
948 614 1005 677 Aa
1022 614 1101 677 ovile
1118 614 1236 678 omitti
1252 615 1356 695 perti-

255 739 328 785 nere
348 739 382 785 se
394 720 466 783 Rea
488 719 598 797 eredit,
613 718 670 783 sed
684 718 784 782 credit
802 719 889 782 Ouile
906 719 1034 798 Christi,
1053 719 1102 800 (ut
1123 718 1207 782 male
1230 718 1299 801 jam
1320 718 1356 781 in

254 823 409 907 religione
432 823 531 887 sentit
550 822 720 906 Pontifex)
737 822 820 887 nihil
841 822 882 888 ad
905 844 980 887 eum
998 823 1167 905 pertinere.
1211 823 1305 900 unm,
1329 823 1357 885 si

256 926 463 991 Orthodoxus
485 934 576 1007 esset,
600 948 667 991 non
686 925 728 990 ed
740 926 835 990 [Hero
855 927 967 1010 magis,
985 948 1081 1010 quam
1100 927 1181 990 alios
1196 928 1357 1009 pertinere

253 1031 403 1095 erederet.
450 1031 670 1095 successorem
685 1030 775 1094 Petri
795 1029 909 1109 ullum,
924 1030 975 1094 vel
996 1030 1032 1093 in
1045 1030 1241 1112 Apostolum,
1257 1031 1307 1094 vel
1321 1030 1357 1093 in

255 1134 438 1216 Apostoh'eu
453 1140 610 1216 potestate
623 1155 690 1199 uon
706 1134 815 1213 eredit,
831 1136 1016 1199 Romanum
1029 1134 1226 1219 Episcopum
1239 1142 1357 1199 neutro

254 1237 351 1303 modo
362 1258 586 1303 successorem.
619 1238 736 1322 Neque
750 1244 860 1302 tamen
876 1237 916 1301 de
930 1237 1087 1301 Cotbedm
1097 1236 1188 1300 litem
1203 1237 1354 1317 movebit,

256 1341 335 1424 quin
351 1340 391 1405 de
405 1341 566 1404 Doctrinae
581 1340 790 1405 successione.
834 1341 913 1405 Non
935 1339 1023 1404 enim
1045 1340 1087 1404 ad
1109 1340 1207 1419 Petri,
1230 1339 1272 1404 ad
1294 1340 1356 1404 alia

251 1443 321 1528 jam
340 1466 469 1528 pascua,
484 1443 601 1509 abduci
623 1465 692 1508 ovea
707 1444 828 1510 Cinisti
851 1466 871 1509 a
892 1445 1040 1509 Romano
1054 1443 1222 1529 Episcopo,
1238 1450 1272 1509 et
1287 1444 1355 1528 qui-

255 1547 330 1613 dem
344 1549 477 1614 nociva:
500 1548 542 1613 ad
556 1548 634 1613 alias
650 1570 758 1632 aquas,
775 1555 808 1612 et
823 1547 953 1632 quidem
966 1547 1132 1614 turbidas:
1153 1555 1202 1629 ut,
1218 1549 1246 1613 si
1259 1550 1357 1614 Petro

255 1673 290 1717 se
303 1653 511 1736 pascendum,
523 1659 557 1718 at
572 1653 763 1735 Opilimibm
774 1651 860 1717 hisce
871 1652 943 1738 (qui
958 1674 993 1717 sc
1006 1673 1196 1717 streeeaeorea
1209 1654 1278 1738 ejus
1292 1653 1356 1718 dici

254 1756 380 1840 volunt)
407 1763 481 1821 tuto
504 1777 539 1821 se
564 1777 631 1821 non
654 1755 771 1820 audeat
796 1755 1018 1820 committeret
1040 1756 1130 1820 Velit
1154 1777 1222 1821 esse
1245 1757 1355 1824 Petri:

255 1860 338 1925 nolit
349 1879 428 1940 esse,
443 1866 541 1943 neget
555 1880 625 1924 esse
639 1880 682 1939 se,
697 1860 749 1924 vel
764 1857 939 1924 Clementis
954 1859 1055 1923 VIII.
1070 1859 1121 1924 vel
1136 1859 1228 1924 Pauli
1242 1861 1284 1924 V.
1311 1862 1356 1925 Et

250 1963 340 2047 juste
369 1962 500 2048 quidem
528 1971 645 2048 neget:
684 1963 870 2044 Clementis,
896 1963 952 2048 qui
976 1963 1122 2028 nondum
1150 1964 1288 2048 Angliae,
1322 1971 1356 2029 et

255 2065 423 2132 Hiberniae
444 2067 579 2152 Regem,
595 2069 709 2151 Regno
728 2067 852 2151 privare
873 2067 975 2131 voluit
983 2064 1004 2132 r:
1028 2067 1131 2147 Pauli,
1154 2068 1209 2151 qui
1231 2069 1355 2151 Regem

249 2171 319 2255 jam
342 2169 546 2236 subditorum
564 2171 637 2236 fide.
683 2172 834 2254 Regnum
853 2171 918 2250 ille,
933 2171 987 2235 hic
1008 2170 1119 2256 populi
1139 2170 1353 2236 obedientiam

253 2273 423 2359 depascere
437 2273 559 2340 voluit:
583 2282 631 2354 ut,
655 2274 682 2338 si
703 2275 873 2338 Pastorum
895 2295 929 2338 se
947 2274 1040 2338 Ovem
1062 2279 1225 2358 agnoscet,
1241 2280 1275 2339 at
1289 2275 1353 2339 De-

143 2392 184 2456 75
246 2384 411 2459 pastorum
439 2383 548 2462 neget.
578 2378 640 2440 Vel
669 2399 772 2441 unum
797 2377 859 2441 hoc
886 2383 1077 2462 argumento
1101 2383 1150 2441 sat
1175 2376 1256 2442 erit:
1286 2399 1353 2442 non

252 2481 345 2545 aliter
373 2482 536 2545 meccedem
562 2481 659 2546 Petro
683 2481 773 2560 istos,
798 2502 894 2565 quem
923 2479 1074 2545 morbum
1103 2481 1245 2546 sanitati.
1300 2481 1354 2547 Ab

252 2584 399 2669 exemplo
420 2585 572 2669 primum,
595 2584 682 2669 quod
704 2585 765 2649 Ille
781 2584 1013 2650 centurionem
1036 2584 1098 2648 sibi
1115 2585 1231 2665 noluit,
1247 2586 1283 2650 hi
1301 2589 1354 2671 ju-

251 2687 351 2753 beant
366 2688 526 2752 Caesarem
549 2688 610 2752 sibi
631 2687 799 2770 stebjocere.
844 2689 876 2752 A
890 2694 1048 2772 praecepto
1065 2687 1173 2767 etiem,
1189 2688 1276 2772 quod
1290 2690 1353 2754 Ille

256 2792 339 2876 Regi
356 2793 483 2856 Gentem
504 2798 668 2855 senetamss
688 2792 856 2874 subjectam
879 2812 948 2856 esse
967 2791 1072 2875 jubet,
1090 2789 1131 2861 oie
1152 2789 1354 2880 ὑπερέχοντι,

256 2903 404 2979 tuaquom
419 2895 648 2978 precellentih:
671 2895 707 2960 hi
724 2897 851 2960 Gentem
865 2903 1006 2960 sanetum
1025 2918 1125 2976 suam,
1142 2896 1355 2980 (presbyteros

254 3000 408 3064 nimirum
431 3008 465 3064 ct
489 3001 656 3079 Mamaos,
681 3001 815 3083 omnes,)
839 3001 1061 3081 supereminere
1083 3000 1175 3084 Regi,
1199 3007 1355 3085 tanquam

255 3101 342 3186 iufra
357 3124 390 3167 se
405 3105 518 3187 posito.

299 3207 361 3272 Ille
383 3229 468 3289 vero,
492 3214 525 3272 et
548 3209 765 3290 pertinerere
793 3208 893 3272 credit
922 3209 967 3272 od
995 3209 1073 3272 ovile
1099 3208 1229 3288 Christi,
1256 3216 1289 3274 et
1315 3210 1355 3276 ab

256 3310 377 3394 aliquo,
399 3311 454 3395 qui
477 3310 598 3377 Christi
618 3312 689 3376 loco
711 3311 773 3377 sibi
796 3311 847 3389 sit,
869 3310 1074 3394 pascendum.
1120 3312 1167 3375 At
1188 3312 1316 3376 nullum
1337 3335 1357 3376 a

256 3412 411 3480 Pontifice
432 3415 597 3499 pabulum,
613 3415 737 3479 nullam
758 3415 948 3499 pastionem,
965 3421 1021 3477 aut
1036 3412 1186 3478 habuisse
1200 3436 1355 3498 unquam,

256 3527 312 3583 aut
326 3540 431 3603 porro,
447 3525 485 3583 ut
500 3519 619 3583 habeat
637 3521 711 3603 (quo
733 3525 809 3583 sunt
830 3517 926 3583 hodie
944 3518 1116 3582 Pontifices
1137 3517 1278 3601 ingenio)
1298 3540 1356 3582 seu

255 3628 373 3705 petere,
396 3642 455 3685 seu
480 3629 656 3705 expectere.
700 3623 865 3686 Pastorem
888 3642 954 3685 non
976 3641 1047 3684 esse
1070 3642 1154 3699 eum,
1180 3628 1266 3686 certe
1289 3642 1356 3686 non
1399 3640 1403 3645 ·

256 3746 370 3788 suum:
402 3745 471 3789 esse
497 3726 653 3805 Alienum,
677 3726 768 3809 cujus
791 3745 894 3788 vocem
917 3745 977 3788 oon
1003 3723 1168 3807 renoscit&
1198 3731 1312 3809 utpote
1338 3747 1358 3789 a

256 3827 387 3908 Christi,
403 3849 423 3892 a
437 3829 527 3893 Petri
541 3849 627 3907 voce,
644 3827 781 3892 alienam
795 3828 893 3912 longe
908 3835 1005 3911 atque
1020 3827 1192 3893 dissonam.

299 3932 382 3996 Tum
405 3932 432 3996 si
455 3953 489 3996 se
506 3933 704 4017 pascendum
724 3932 885 4016 praeberet
908 3932 1075 3996 Pontifici:
1099 3939 1141 4011 et,
1158 3933 1213 4016 qui
1228 3954 1261 3997 se
1275 3953 1351 4017 prae·

255 4035 335 4100 bent
349 4035 535 4119 pascendos,
551 4057 618 4100 non
632 4034 798 4117 inferiores
819 4036 874 4101 illo
896 4044 1027 4100 tamen:
1050 4058 1117 4100 non
1131 4036 1243 4120 magis,
1260 4059 1356 4120 quam

259 4137 480 4216 Gubernatom,
506 4139 533 4202 si
556 4139 725 4222 navigare:
750 4161 845 4222 quom
867 4140 925 4201 oie
947 4139 1044 4215 Duce,
1070 4139 1097 4201 si
1121 4140 1183 4203 iter
1207 4140 1357 4222 ignotum

290 4340 299 4372 ¹
317 4339 396 4405 [vids
412 4341 511 4392 Action.
529 4341 559 4391 in
576 4340 715 4392 Gai-netum
738 4358 779 4406 pp.
859 4341 869 4373 δ
889 4341 967 4406 [lbid.
979 4340 1028 4405 m]

257 4404 376 4519 tide}
418 4471 424 4483 ·
859 4406 1050 4470 ¹[Josu.x.5.]

287 4470 341 4534 ¹[1
375 4469 489 4535 certe]
