2910 4926
264 269 331 333 356
579 287 620 332 sn
643 284 834 332 csnnrssms
856 282 1055 332 neminulur

265 438 462 504 Cardinslis:
500 441 553 504 vix
582 440 670 504 enim
699 440 784 504 tueri
810 440 928 523 poterit
958 437 1147 503 Paradisum
1177 456 1272 501 suum
1298 437 1368 520 jem

265 542 482 627 superstitem,
497 543 560 607 nisi
575 565 649 608 eum
665 551 804 608 tueatur.

297 678 451 729 'l'ei'restrom
471 716 477 728 .
496 715 502 728 .
519 679 665 742 paradisum
676 680 780 730 omnino
791 694 844 730 esse
858 678 1033 728 destructum.
1048 715 1073 728 ..
1090 677 1245 728 centrarium
1255 679 1294 727 est
1304 689 1371 726 com·

331 761 404 810 muni
415 761 549 810 sententiis
560 761 663 811 Petrum
681 798 687 810 .
705 797 712 812 .
724 797 731 821 ,
745 766 771 811 et
785 762 953 811 recentiorum
967 758 1226 824 Doctorum—[Bell.
1237 758 1312 822 Apol.
1323 772 1370 822 pro

332 841 421 907 Resp]
434 856 458 906 p.
467 842 522 891 146.
535 842 671 907 [Op.,tom.
684 843 727 894 vii.
740 843 785 893 eol.
795 846 850 894 586.
864 842 910 907 D.]

105 945 215 1059 3111111111
311 941 449 1006 Periisse
463 949 571 1005 sutem
588 941 707 1006 diluvio
722 948 900 1006 terrestrem
915 943 1117 1019 Paradisum,
1133 962 1175 1004 ne
1189 939 1224 1004 id
1238 939 1370 1024 quidem

104 1012 232 1140 ρζᾚέζξη]
267 1046 402 1108 Patrem
422 1046 581 1108 sententie
605 1048 797 1109 contrarium
819 1053 877 1111 est.
921 1048 1008 1110 Nam
1031 1046 1059 1109 si
1078 1067 1163 1109 unus
1183 1045 1211 1107 is
1231 1044 1372 1126 peradisi

268 1169 347 1213 usus
362 1154 442 1225 eret,
458 1168 517 1211 cur
531 1149 701 1213 Paradisus
719 1149 899 1214 conservari
914 1148 1037 1227 debuit,
1052 1155 1088 1212 et
1107 1150 1217 1212 Enoch
1231 1154 1261 1211 et
1277 1148 1333 1210 Ee·

268 1257 484 1334 confinentem
504 1272 560 1314 suo
585 1254 684 1316 statui
705 1253 807 1315 sedem
829 1253 991 1316 ΙιαΙνενενιίι
1017 1253 1173 1336 (agnoscit
1196 1251 1373 1315 verbosus

269 1354 471 1436 Cardinulis,)
492 1356 604 1418 Patres
617 1376 693 1420 vero
714 1356 831 1420 incerti
853 1356 929 1433 sint,
945 1356 996 1419 vel
1010 1377 1052 1419 nn
1075 1376 1113 1419 eo
1128 1354 1189 1419 loci
1207 1356 1277 1438 jam
1293 1353 1371 1431 sint,

268 1458 320 1523 vel
334 1458 482 1521 translati
504 1458 582 1522 olim
596 1458 717 1522 hierint
738 1460 852 1524 Enoch
874 1467 906 1522 et
927 1460 1033 1522 Elias:
1055 1481 1123 1522 non
1136 1459 1228 1523 valde
1249 1457 1369 1541 (eredo)

271 1559 398 1625 solliciti
418 1559 458 1623 de
479 1560 550 1626 loco
569 1568 676 1639 crunt,
694 1584 756 1625 usu
777 1561 840 1626 loci
861 1569 996 1624 remoto.
1041 1563 1096 1625 An
1114 1580 1189 1624 vero
1207 1581 1245 1623 eo
1265 1567 1372 1623 truns-

270 1662 356 1726 letus
366 1663 490 1742 Enoch,
499 1664 642 1728 incertus
654 1665 844 1749 Cyprianus,
858 1665 1041 1727 Praestatur
1052 1671 1108 1743 est,
1120 1664 1174 1727 obi
1181 1665 1267 1727 Deus
1281 1665 1342 1726 seit
1347 1673 1373 1739 ¹¹,

271 1766 369 1830 etiem
385 1765 662 1851 chrysostomus&
677 1776 748 1831 tum
763 1767 1009 1846 Theodoreus,
1023 1767 1215 1850 Gregorius¹
1235 1788 1374 1850 quoquc,

271 1868 327 1951 qui
342 1868 459 1946 Etiam,
475 1871 509 1932 in
522 1877 643 1934 secreto
660 1872 768 1953 clipeo
781 1874 907 1953 repione
921 1873 1043 1934 vecari
1062 1870 1150 1948 dicit,
1167 1871 1200 1932 in
1215 1870 1375 1933 Perediso

271 1993 338 2036 non
363 1993 460 2035 susus
486 1971 600 2037 dicere.
652 1974 740 2040 Quin
764 1974 985 2057 Augustinusa
1006 1975 1085 2057 ipse,
1108 1994 1146 2037 eo
1171 1974 1251 2056 ipso,
1276 1994 1374 2056 quem

272 2075 397 2139 notavit
412 2075 592 2139 cardinalis
608 2076 687 2156 loco,
703 2077 786 2140 ibice
804 2079 869 2140 sint
883 2079 918 2140 in
933 2078 1102 2155 Paradiso,
1118 2098 1159 2139 an
1174 2077 1260 2154 alibi,
1277 2079 1376 2158 queri

274 2179 352 2242 dicit
379 2183 472 2259 atque
496 2179 654 2260 disputari
673 2201 777 2263 posse.
823 2180 918 2246 Quod
949 2188 1058 2244 sutem
1088 2200 1157 2243 esse
1186 2179 1376 2242 Paradisum

275 2280 392 2346 alicubi
416 2281 532 2345 direrh
558 2284 772 2366 Augustinus,
795 2283 829 2347 id
852 2285 900 2347 ite
924 2285 1021 2347 Pater
1047 2284 1194 2348 Pererius
1219 2283 1375 2366 explicat:

274 2384 356 2447 Esse
376 2385 485 2462 tecum,
508 2405 697 2465 corporeum,
715 2387 1019 2468 spectabimus
1040 2393 1075 2449 et
1094 2388 1250 2468 Oripeoes,
1267 2388 1377 2469 mysti-

275 2508 344 2551 cum
367 2489 456 2552 modo
479 2495 508 2551 et
530 2490 789 2571 imapinuriemb:
826 2491 903 2554 Non
928 2498 1038 2554 nutem
1060 2511 1225 2574 superesse
1247 2492 1317 2574 jum
1343 2500 1377 2554 et

276 2600 401 2656 exstare
424 2592 552 2656 alicubi.
598 2595 664 2656 Cur
688 2594 799 2657 enim?
831 2601 867 2657 ut
891 2601 1058 2658 versentur
1081 2594 1116 2657 in
1138 2616 1177 2658 eo
1202 2595 1316 2657 Enoch
1343 2605 1378 2658 et

275 2698 387 2762 Elias?
416 2698 482 2781 (qui
498 2697 661 2761 Cardineli
677 2699 749 2761 finis
765 2699 823 2776 est)
844 2712 878 2763 et
892 2699 926 2761 id
944 2721 981 2762 eo
996 2699 1064 2783 ipso
1080 2701 1115 2762 in
1130 2699 1200 2763 loco
1215 2700 1377 2763 incertum

275 2800 363 2865 facit.
410 2801 533 2867 Quodsi
555 2801 628 2865 ideo
653 2803 827 2865 Paradisus
846 2805 954 2884 perire
976 2826 1043 2867 non
1067 2803 1186 2881 debuit,
1208 2812 1245 2866 ut
1267 2826 1378 2888 super-

277 2910 361 2969 esset
383 2905 493 2968 Enoelt
519 2913 551 2968 et
574 2906 654 2967 Etice
679 2908 763 2969 Iocus
781 2909 879 2970 statui
900 2930 955 2970 suo
982 2886 1153 2990 conperirem
1187 2930 1247 2972 nec
1271 2909 1305 2972 id
1328 2918 1379 2973 tot

310 3071 319 3099 ¹
342 3067 419 3131 [Bell.
434 3067 546 3119 chrtti.
563 3071 637 3133 prim.
656 3070 730 3118 110111.
751 3085 803 3133 cap.
847 3070 914 3130 μένα·
938 3069 1049 3132 στέργειν
1060 3070 1086 3119 δὲ
1101 3072 1215 3133 προσήκει
1232 3071 1262 3120 τὸ
1274 3088 1378 3132 γεγραμ-

279 3133 328 3182 xiv.
347 3133 403 3196 Op,
420 3139 480 3184 tom.
492 3137 525 3183 iv.
543 3151 566 3198 p.
580 3138 617 3185 13.
631 3135 668 3199 O.]
847 3134 1055 3198 pere-Theou]
1069 3135 1161 3192 Queat.
1172 3137 1212 3199 [in
1225 3136 1301 3197 Gen]
1314 3136 1379 3185 xlix.

268 3235 269 3239 ,
312 3206 323 3228 ²¹
341 3199 370 3274 [⁴⁶
379 3198 444 3249 Item
452 3199 545 3254 Enoch.
555 3201 598 3261 qui
610 3207 668 3248 erite
680 3200 804 3248 (litorium
850 3200 911 3261 [leg.
924 3199 974 3248 xlv.
987 3200 1042 3263 Op,
1053 3209 1114 3249 tom.
1127 3202 1142 3248 i.
1156 3217 1179 3263 p.
1193 3199 1243 3262 δί]

279 3262 333 3313 Deo
341 3268 425 3326 justus
436 3265 596 3328 complacuit,
607 3272 632 3313 ot
643 3264 700 3314 ideo
711 3264 742 3313 de
758 3265 806 3312 isto
881 3271 890 3294 ¹
910 3264 937 3326 [⁴⁴
948 3264 978 3313 In
989 3266 1069 3314 veteri
1086 3265 1246 3314 'testamento
1262 3265 1380 3326 cognovi-

278 3328 375 3377 mundo
391 3330 418 3378 in
430 3331 512 3379 cernis
522 3345 573 3379 suae
592 3330 724 3378 nativitate
736 3330 807 3376 visus
850 3343 906 3381 mus
918 3329 985 3391 quod
998 3330 1065 3378 Elius
1081 3332 1116 3378 sit
1131 3337 1219 3393 ruptus
1236 3331 1262 3378 in
1278 3330 1381 3378 coelum.

279 3393 415 3443 translatus
432 3401 470 3444 est
488 3394 515 3442 in
531 3395 593 3455 loco,
605 3394 648 3442 ubi
661 3394 728 3443 Deus
745 3394 807 3449 scit:
851 3394 900 3441 Sed
919 3394 989 3442 uliud
1008 3400 1046 3443 est
1068 3395 1160 3443 coelum
1181 3401 1289 3451 cereum,
1308 3395 1380 3444 eliud

279 3472 311 3506 ex
322 3471 371 3519 quo
382 3460 436 3508 icco
454 3461 481 3507 in
491 3460 706 3509 consummatione
718 3458 806 3506 mundi
851 3459 994 3507 [ethereum.
1038 3460 1136 3508 Corium
1164 3461 1257 3522 quippe
1277 3465 1379 3509 aereum

279 3522 394 3573 innovari
414 3524 490 3573 hehet
507 3527 533 3571 in
551 3524 597 3572 hoo
614 3523 724 3580 mundo;
742 3523 808 3571 unde
850 3527 924 3572 tcrroe
947 3531 985 3572 est
1002 3525 1160 3586 proximum
1186 3524 1252 3573 unde
1274 3529 1300 3572 ct
1321 3539 1381 3574 eres

279 3587 357 3636 etism
368 3588 504 3640 translatus
513 3593 551 3637 est
561 3588 591 3637 sd
605 3587 807 3636 confundendum
851 3589 908 3636 cmii
920 3587 1036 3648 dicimus,
1047 3590 1106 3651 quin
1117 3605 1158 3638 cus
1169 3589 1273 3639 volitare
1285 3589 1312 3637 in
1323 3595 1381 3639 ecre

280 3656 306 3700 et
323 3650 506 3702 devincendum
520 3650 808 3715 Antichristum.’']-De
852 3652 972 3701 videmus
1007 3653 1037 3702 ln
1059 3655 1150 3703 coelum
1173 3655 1257 3716 ituque
1278 3659 1380 3703 aereum

281 3714 362 3764 Mont.
373 3718 435 3766 Sino
446 3723 472 3766 et
483 3717 641 3831 SiougOpus
652 3718 741 3765 incerti
754 3732 808 3765 nuc·
852 3716 921 3766 Elios
940 3718 1083 3766 sublevatus
1104 3723 1148 3775 ost,
1167 3723 1197 3767 ut
1215 3720 1241 3767 in
1258 3722 1380 3767 secretum

281 3779 344 3828 toris
352 3781 384 3830 nd
396 3782 439 3830 tin.
451 3782 506 3844 Op,
518 3782 541 3831 S.
575 3796 629 3844 ypr.
640 3796 664 3844 p.
676 3781 726 3845 eo]
851 3783 986 3843 quemdum
997 3787 1071 3831 terrm
1083 3784 1210 3846 regionem
1224 3786 1326 3846 repente
1337 3783 1382 3832 du·

314 3850 326 3873 ¹
342 3845 409 3910 [Ὅτι
426 3848 475 3908 γὰρ
495 3845 626 3906 μετέθηκεν
645 3846 723 3904 αὐτὸν,
744 3845 807 3894 εἶπεν
850 3853 955 3908 cercior,
972 3849 1015 3896 ubi
1032 3849 1060 3896 in
1077 3863 1171 3910 magne
1182 3847 1238 3910 jam
1255 3849 1339 3898 curnis
1355 3853 1382 3897 ct

281 3910 362 3969 ἠθείη
379 3911 468 3974 γραφη,
483 3912 522 3959 καὶ
539 3912 576 3960 ὅτι
592 3909 668 3970 ζῶντα
682 3909 806 3967 μετέθηκε,
850 3913 955 3974 spiritus
973 3914 1057 3975 quiete
1078 3914 1181 3973 viveret,
1198 3927 1326 3975 quousque
1347 3913 1382 3962 ed

282 3974 321 4024 κα1
330 3979 414 4038 πεῖραν
421 3976 453 4036 μὴ
462 3975 571 4031 λαβόντα
578 3975 685 4033 θανάτου,
693 3976 758 4025 ἀλλὰ
770 3975 808 4024 διὰ
850 3976 926 4025 finem
936 3977 1025 4026 mundi
1037 3977 1159 4038 redeat,et
1167 3978 1257 4026 mortis
1265 3976 1382 4026 debitum

282 4042 326 4097 τῆς
336 4040 603 4103 οἶκείαςεῠερεστὴσεως
614 4039 730 4104 ἀνώτερον
738 4058 807 4102 γεγε
851 4041 1010 4091 solvet..·’-S.
1030 4043 1104 4104 Greg.
1128 4042 1163 4091 M.
1181 4043 1226 4090 lib.
1247 4043 1273 4090 ii.
1292 4041 1382 4106 Hom]

283 4106 341 4155 νόᾷα
357 4109 399 4164 τῆς
419 4104 581 4167 ἐξενεχθείσης
593 4103 733 4165 ἀποφάσεως
744 4107 806 4155 κατὰ
850 4107 921 4154 xxix.
934 4107 960 4154 in
972 4106 1066 4169 Evong.
1079 4107 1101 4171 [ξ
1115 4110 1137 4157 5.
1150 4111 1205 4171 Op,
1216 4112 1277 4156 tom.
1293 4107 1309 4154 i.
1324 4107 1382 4156 coll.

283 4173 327 4221 τοῦ
338 4173 386 4220 τῶν
396 4167 520 4234 ἀνθρώπων
530 4169 621 4230 γένους·
643 4172 689 4219 ποῦ
699 4169 724 4219 di
733 4171 808 4220 αὑτὸν
851 4172 921 4220 1611.
932 4171 959 4220 Ε.
973 4174 1043 4222 1512.
1055 4171 1098 4234 h]

283 4235 408 4295 μετέθηκε,
423 4237 462 4285 καὶ
473 4235 534 4284 ὅπως
545 4236 587 4283 νῦν
597 4236 680 4294 διάγει,
697 4238 770 4284 τοῦτο
780 4236 808 4284 οὐ
883 4243 894 4265 ·
910 4235 945 4299 [S.
954 4236 1031 4301 Aug]
1039 4236 1070 4285 de
1083 4237 1150 4286 Pecc
1160 4236 1228 4297 Orig.
1241 4251 1293 4300 cap.
1308 4237 1381 4287 xxiii.

282 4297 807 4430 11111111111111111911·1
852 4300 885 4413 11
899 4301 1193 4431 1101111111001·
1207 4304 1305 4351 Μ
1325 4302 1382 4351 ‘³⁶⁰

405 4400 723 4425 ,......
927 4399 1129 4424 ,.....

314 4439 326 4470 ·'
344 4431 408 4516 [Ποῦ
424 4429 554 4491 μετέθηκεν
570 4432 583 4477 d
604 4431 653 4477 τῶν
667 4429 729 4478 ὅλων
748 4430 807 4479 Θεὸς
881 4380 898 4461 1
915 4430 1022 4493 [Bened.
1035 4431 1162 4495 Peresius]
1177 4430 1207 4480 ln
1220 4430 1281 4480 Gelu
1293 4431 1331 4481 lib
1343 4432 1382 4482 iii.

282 4496 327 4545 τὸν
352 4494 437 4559 Restm
454 4496 489 4545 oo
509 4496 547 4543 dei
563 4492 643 4555 ζητεῖν
658 4496 690 4544 τὰ
710 4512 808 4555 seems
852 4494 936 4559 [Praef.
954 4500 1014 4544 tem.
1029 4497 1046 4546 i.
1059 4511 1083 4560 p.
1096 4499 1151 4547 123.
1163 4496 1208 4546 coh
1221 4496 1259 4560 2.]
