2910 4926
478 279 662 330 lroaoonu
682 280 867 331 nrsronno.
1162 262 1224 326 155

121 436 156 496 et
181 431 410 498 Mantuam&
455 436 510 513 Et,
529 435 631 500 Niobe
652 438 717 500 bec
739 435 842 500 Niobe
866 456 928 500 nan
951 435 1050 499 distat
1074 433 1114 497 ab
1135 434 1225 496 ittet.

122 536 282 620 Denique,
318 536 376 600 nbi
411 538 556 621 regimen
591 539 696 623 ipsum
730 540 875 621 tyrannis
910 544 970 617 est,
1008 558 1046 603 ac
1082 537 1227 621 tyrarrnis

118 639 240 722 pejoris
270 648 367 719 notae,
398 640 533 705 violenti
565 643 696 722 scilicet,
727 650 761 706 ct
790 642 875 726 parti
904 662 963 726 per
994 641 1096 706 malas
1129 646 1224 717 artes,
1264 662 1265 666 ¹

120 740 316 805 dominatus.
361 743 450 806 Nam
472 744 652 826 Principem
680 745 726 809 ibi
752 747 877 826 Papam
905 766 972 808 non
1003 744 1137 808 damus:
1164 762 1225 806 nec

120 863 265 926 unquam
278 843 326 907 ita
341 845 460 909 erimus
475 847 509 909 in
519 849 678 912 Caesarem
689 847 809 932 injurii,
824 869 891 912 non
906 848 1115 911 Rornanorum
1124 847 1224 927 Impe-

120 951 259 1008 ratorem
282 953 316 1010 et
339 948 530 1028 Dominum,
554 951 617 1013 nisi
635 959 669 1014 et
688 952 799 1014 Rama.
845 950 915 1014 Scit
929 972 1004 1014 vcro
1018 971 1129 1014 verum
1152 950 1224 1028 hoc,

120 1049 308 1126 vesterllle,
324 1050 496 1132 (Caesnrem
512 1052 643 1116 ditionis
658 1054 835 1117 Dominum
851 1074 962 1117 verum
973 1053 995 1134 ς)
1014 1052 1122 1131 Proin,
1138 1073 1225 1114 sum·

120 1158 230 1214 movet
256 1161 413 1234 quantum
438 1162 555 1237 potest,
570 1163 661 1219 trans
676 1157 775 1239 Alpes
795 1157 917 1240 procul,
943 1176 1004 1218 nec
1026 1154 1168 1218 libenter
1190 1154 1227 1217 in

125 1253 216 1332 Urbe,
242 1276 310 1318 non
335 1258 386 1320 vel
417 1257 493 1320 Urbi
517 1259 734 1342 propinquum
758 1261 857 1337 videt,
873 1280 985 1323 verum
1005 1257 1098 1321 Urbis
1112 1257 1225 1322 Domi·

119 1378 211 1437 num,
233 1365 267 1422 et
290 1360 397 1425 Suam.
443 1363 566 1426 Pacisci
590 1372 697 1428 autem
724 1364 812 1447 cogit
837 1364 1100 1447 Neapolitanum,
1116 1364 1226 1427 Cesar

119 1484 164 1527 ne
188 1464 246 1528 fist
271 1487 426 1549 unquam,
450 1455 531 1531 neve
556 1469 689 1552 imperii
719 1491 819 1552 capax
845 1470 907 1533 sit:
943 1468 1033 1552 quasi
1055 1468 1137 1531 male
1164 1466 1226 1530 sibi

120 1568 279 1646 conscius,
306 1570 375 1652 (qui
401 1571 494 1634 malae
520 1570 596 1662 fidei
618 1593 784 1655 possessor
807 1571 848 1635 sit
859 1573 879 1654 :)
905 1577 974 1634 tam
997 1570 1139 1634 vicinum
1164 1570 1226 1633 sibi

121 1672 281 1736 Caesarcm
300 1694 368 1737 non
394 1675 552 1740 sustinet:
576 1683 609 1739 et
634 1675 772 1758 Neapoli
790 1677 859 1760 jam
884 1676 988 1738 Roma
1007 1674 1166 1753 imminet,
1181 1693 1224 1736 nc

120 1775 235 1839 Romae
249 1776 413 1859 Neapolis.
461 1777 529 1842 Sub
553 1778 615 1842 hoc
638 1786 705 1841 tam
727 1778 872 1841 insolenti
888 1776 993 1857 saeta,
1008 1776 1065 1839 snb
1080 1778 1140 1838 bae
1155 1776 1224 1838 ani·

120 1900 250 1960 naamam,
262 1900 435 1962 caporum,
447 1882 593 1945 bonarum
609 1890 673 1945 tam
685 1888 768 1946 tetra
782 1882 959 1964 tyrannide,
974 1881 1030 1945 neb
1044 1882 1226 1944 illicitorum

121 1984 295 2049 licitatione
310 1993 341 2049 et
356 1989 483 2050 licentia
498 1994 597 2065 tanta,
618 1994 768 2071 potestne
783 1987 932 2070 cuiquam
946 2008 1013 2050 non
1028 1988 1142 2050 misera
1157 2007 1226 2049 esse

121 2091 246 2153 oiaaffi
269 2091 432 2155 conditio?
478 2093 543 2155 Hie
558 2091 687 2174 quidem
711 2091 818 2154 nullos
841 2090 990 2174 reperiet,
1007 2089 1061 2172 qni
1076 2090 1226 2171 injuriam

120 2195 182 2259 sibi
196 2196 273 2277 fieri
301 2216 363 2258 non
379 2197 535 2277 judicent,
560 2196 587 2258 si
610 2196 651 2258 ad
676 2201 811 2258 oestrum
833 2196 1003 2276 exemptum
1027 2194 1177 2275 componi,
1196 2192 1225 2256 si

120 2301 221 2364 vitam
235 2308 374 2364 vestram
390 2301 515 2365 discant
529 2303 641 2364 cinae.

153 2452 324 2504 Bcllnrminns
339 2468 390 2502 non
404 2453 500 2504 sciebat
511 2467 537 2503 se
548 2451 668 2502 advorsus
679 2450 775 2512 Regem
788 2448 904 2509 scribere,
917 2446 987 2513 cujus
998 2462 1092 2498 nomen
1102 2448 1131 2497 in
1141 2447 1225 2497 fronto

187 2534 247 2583 libri
258 2549 310 2583 non
321 2533 419 2584 viderat
425 2551 431 2594 ;
450 2533 564 2584 attidem
580 2533 703 2582 habuerat
715 2532 755 2592 iis,
770 2531 816 2594 qui
832 2531 1015 2580 nuntiaverunt
1030 2529 1125 2579 librum
1144 2566 1149 2578 .
1167 2564 1174 2578 .
1192 2565 1198 2578 .
1217 2565 1223 2578 .

186 2628 240 2664 esse
250 2615 335 2664 neseio
343 2615 414 2677 cujus
426 2614 521 2664 Deonni
533 2614 626 2664 sacelli
635 2612 827 2677 Regii—[licit
836 2611 912 2675 Apol.
921 2609 1062 2691 pro'Resp]
1074 2626 1098 2674 p.
1107 2611 1146 2660 ll.
1158 2609 1225 2676 [Op.,

186 2700 248 2748 tom.
260 2697 304 2747 vii.
315 2697 362 2747 col
370 2698 425 2748 729.
436 2697 477 2761 D.]

166 2814 212 2877 At
225 2815 335 2892 etiam,
351 2814 507 2877 nesciebat
527 2833 547 2876 a
566 2815 650 2896 Repe
669 2813 783 2876 libram
799 2815 888 2875 esse!
908 2831 970 2874 non
980 2811 1060 2873 vidit
1075 2811 1109 2872 in
1115 2807 1225 2890 fronte
1238 2819 1379 2898 [bellarmi-

122 2938 250 2980 aaa:
275 2917 374 2998 flam
403 2918 511 2980 aaa
533 2916 662 2998 saara
688 2918 726 2980 a
748 2917 876 2979 aecana
902 2915 1027 2978 sacena.
1074 2912 1222 2977 senaa
1237 2885 1389 2999 2233332,

123 3021 188 3104 qui,
205 3021 291 3103 quod
314 3021 516 3104 exploratum
539 3021 593 3084 hic
607 3028 658 3084 tot
672 3021 801 3102 Lapatia
815 3021 1010 3083 Exterorum
1026 3017 1224 3100 Principum,
1236 3012 1385 3078 nunant]

122 3125 251 3208 quique,
267 3146 335 3188 non
349 3126 474 3189 nemini
488 3125 619 3188 illorum
635 3125 738 3207 Regio
752 3124 884 3187 nomine
898 3122 1054 3200 oblatum,
1069 3128 1225 3203 tanquam

123 3231 239 3307 Suum,
263 3231 382 3292 nescire
403 3250 471 3293 non
495 3236 631 3312 poterat.
677 3228 771 3294 Quod
786 3228 822 3290 in
840 3247 895 3290 ore
914 3226 968 3289 hic
987 3225 1077 3288 omni
1096 3224 1223 3307 populo,

122 3333 157 3396 id
171 3334 359 3411 nesciebant,
376 3333 431 3417 qui
445 3331 611 3396 Cardinali
626 3351 677 3393 res
697 3337 823 3392 nostras
847 3328 1053 3391 referebant?
1100 3327 1225 3389 Sciebat

121 3456 198 3500 vero
206 3461 216 3513 ;
232 3437 289 3500 sed
304 3458 338 3500 se
353 3439 434 3500 seire
443 3435 625 3512 simulabat,
641 3440 679 3497 ut
694 3432 924 3514 Praefationem,
936 3439 974 3494 ut
988 3432 1225 3511 ibpaprapbam

122 3561 218 3603 sunm
243 3539 442 3603 dissimulare
450 3565 460 3617 3
483 3547 521 3603 ut
538 3538 596 3601 sub
614 3537 764 3600 affectata
781 3536 841 3599 hac
856 3536 1046 3618 iynorantia,
1072 3532 1131 3597 sub
1153 3553 1226 3616 pcr-

122 3665 202 3707 sona
216 3644 307 3709 'Porti
321 3644 451 3707 liberius
466 3643 604 3726 grassari
618 3650 727 3727 posset
742 3641 777 3704 in
786 3642 965 3719 Auctorem,
978 3647 1011 3703 et
1026 3640 1189 3703 mendacia
1199 3637 1224 3717 ¹¹,

123 3746 321 3826 calumnians,
337 3746 502 3829 ineptiant,
522 3755 555 3810 et
570 3767 630 3809 aaa
649 3746 821 3808 Christiani
832 3743 849 3824 ¹,
865 3743 931 3807 imo
954 3743 1054 3807 etiam
1068 3743 1193 3806 Jatiani
1204 3752 1225 3780 m

121 3852 277 3936 probrum
292 3851 477 3934 petulanter
491 3850 678 3933 impingere.

155 3979 279 4041 Primum,
290 3979 401 4029 breviter
417 3982 443 4028 et
460 3978 582 4027 distincte
595 3977 711 4036 scribere,
728 3991 780 4026 non
792 3979 877 4041 potest
887 3974 1067 4040 superbiae,vel
1075 3976 1227 4039 anogantioe

155 4180 164 4212 ¹
180 4179 258 4246 [Vide
274 4178 291 4228 J
293 4193 348 4229 osn.
362 4178 435 4243 Bapt.
453 4177 584 4228 biantuan.
599 4177 651 4227 'De
729 4176 736 4208 ¹
758 4177 834 4242 [ibid.
847 4191 871 4240 p.
884 4176 931 4235 64,
943 4178 969 4225 et
978 4174 1025 4224 cal.
1037 4174 1093 4224 aar.
1106 4172 1135 4222 D.

124 4245 343 4307 Calamit.'l'emp.’
372 4259 418 4293 ass.
431 4244 652 4308 Op.,tom.i.p.1.
728 4240 739 4272 l
771 4242 833 4290 ibid.
846 4257 870 4305 p.
881 4244 927 4299 42,
941 4248 967 4288 ct
978 4240 1023 4288 col.
1034 4240 1089 4289 657.
1105 4238 1132 4285 B.

124 4326 175 4374 seq.
191 4259 371 4372 lininibibiJ
733 4305 739 4337 ¹
772 4306 834 4355 ibid.
847 4321 870 4369 p.
883 4307 931 4362 67..
940 4309 966 4353 et
976 4304 1022 4352 col.
1035 4306 1091 4353 683.
1104 4304 1129 4351 G.

157 4385 169 4416 ¹
200 4374 265 4424 Vide
274 4374 348 4423 ovid.
361 4372 466 4423 Metam.
477 4372 510 4421 vi.
520 4371 587 4436 tta]
729 4380 745 4401 “¹
771 4371 835 4420 ibid.
847 4385 888 4435 pp.
902 4369 1067 4428 96-101.,et
1078 4367 1134 4416 coll.
1144 4367 1226 4416 683-

158 4439 170 4471 ¹·
198 4439 318 4503 Respons.
341 4439 420 4497 rlorti,
442 4452 468 4500 p.
486 4441 525 4497 28,
544 4443 571 4488 et
589 4436 654 4488 Bell.
698 4439 754 4487 685.

125 4506 182 4570 Op,
195 4509 257 4554 tom.
269 4504 313 4553 vii.
326 4503 373 4554 col.
386 4505 442 4554 650.
455 4501 498 4566 A.]
