2910 4926
282 284 343 344 468
591 296 633 342 so
655 297 846 345 cuunixsns
867 296 1066 344 nuimminni

281 473 320 515 ea
345 451 385 514 de
408 472 442 514 re
467 452 580 513 Patres
607 454 820 533 respondeant.
868 453 911 515 Et
934 474 1042 516 annon
1064 451 1170 535 aptius
1195 449 1385 532 respondeat

281 555 436 638 promisso
453 554 573 616 ‘Dabo’
588 555 720 619 verbum
734 555 909 637 ‘Accipite'
922 576 985 638 quo
996 555 1081 638 quod
1093 554 1237 617 dandum
1248 551 1386 636 promit-

189 709 196 721 .
282 659 373 736 titur,
389 659 493 740 reipsa
507 657 619 719 datum
640 658 817 740 accipitur?
856 661 911 721 An
926 680 1000 720 vero
1014 657 1148 720 verbum
1164 656 1302 731 ‘Pasce'
1321 674 1385 736 quo

282 762 403 844 aliquid
430 761 564 845 jubetur
591 762 730 844 quidem,
754 761 836 824 nihil
866 770 974 825 autem
1000 762 1112 825 datur:
1137 759 1258 844 aliquid
1280 759 1323 822 ab
1347 779 1386 821 eo

281 864 509 947 praestundum,
533 864 614 927 nihil
638 865 669 928 ei
689 866 834 947 praestari
857 865 998 928 dicitur?
1044 864 1140 931 Quod
1160 885 1233 927 vero
1263 883 1386 926 nomen

282 968 451 1050 utrobique
481 967 567 1030 idem
597 967 639 1030 sit
670 968 810 1031 Simonis
832 968 991 1043 Berionae,
1017 975 1050 1031 et
1074 967 1213 1031 Simonis
1237 967 1258 1027 J
1261 985 1386 1041 oannae,

281 1079 433 1152 argutum
458 1069 491 1132 id
506 1070 619 1152 magis,
636 1092 733 1153 quum
757 1071 895 1134 solidum
919 1079 977 1147 est,
1002 1079 1035 1133 et
1060 1071 1211 1134 acuminis
1235 1067 1388 1131 nonnihil

282 1172 389 1250 hahet,
413 1172 497 1236 nihil
520 1180 629 1236 autem
649 1174 809 1255 ponderis.
856 1174 980 1238 Pariter
1005 1173 1090 1237 dicat
1110 1173 1191 1257 quis,
1207 1171 1268 1236 etsi
1284 1172 1387 1234 Mett.

281 1276 343 1340 xvi.
370 1276 511 1340 Simonis
530 1298 649 1340 nomen
671 1276 864 1355 nominetur,
881 1284 991 1340 temen
1006 1277 1102 1340 Petro
1117 1274 1311 1360 promissum
1328 1274 1387 1348 fit;

283 1378 368 1463 quod
383 1388 494 1443 tumen
509 1400 575 1442 non
591 1381 697 1456 Petro,
724 1379 778 1442 sed
796 1379 919 1443 Simoni
939 1387 1116 1463 prestatur,
1133 1381 1184 1443 cui
1206 1381 1302 1443 Joun.
1322 1378 1386 1441 xxi.

276 1503 375 1564 pasce
389 1481 515 1545 dicitur.
1104 1470 1111 1482 '

316 1635 387 1686 Idem
398 1637 468 1686 enim
479 1640 526 1697 est,
536 1651 588 1686 esse
599 1636 793 1686 fundumentum
805 1636 916 1698 edificii,
928 1640 954 1686 e't
964 1640 1090 1701 pastorem
1103 1637 1185 1693 ovilis,
1197 1640 1224 1684 et
1239 1640 1320 1698 ceput
1338 1627 1404 1684 eor-'

349 1718 425 1781 poris,
439 1721 465 1767 et
483 1717 626 1781 principem
645 1716 873 1782 civitatis-[Bell.
883 1718 957 1781 Apol.
975 1732 1020 1781 pro
1032 1716 1120 1781 Resp]
1138 1731 1162 1780 p.
1172 1717 1227 1766 193.
1242 1715 1312 1780 [Op.,
1327 1721 1390 1765 tom.

349 1798 393 1846 vii.
405 1797 453 1847 col.
464 1799 522 1847 813.
533 1797 580 1860 A.]

329 1904 392 1968 Sed
408 1904 476 1968 haec
491 1904 574 1968 levis
589 1912 674 1984 sunt,
691 1912 729 1968 ut
750 1912 783 1969 et
805 1905 861 1968 illa
885 1904 924 1969 de
946 1905 1157 1968 Fundamenta
1183 1911 1215 1968 et
1238 1904 1388 1968 Pastore.

268 2008 455 2071 'Duodecim
469 2009 550 2071 enim
565 2008 715 2071 Ecclesiae
722 2007 957 2090 fundamenta,
979 2031 1077 2092 quare
1093 2018 1126 2072 et
1141 2009 1294 2072 Pastores
1310 2009 1389 2072 toti-

283 2111 367 2188 dem,
390 2132 502 2175 omnes
521 2112 557 2175 in
580 2112 734 2195 aequulem
752 2111 976 2175 sollicitudinis
1001 2120 1125 2196 partem
1144 2111 1258 2189 vocati,
1275 2132 1390 2175 omnes

282 2215 398 2299 aequnli
419 2215 587 2298 potestatis
601 2215 802 2298 plenitudine
818 2215 938 2278 donati.
983 2216 1055 2280 Nee
1078 2217 1147 2280 haec
1168 2215 1303 2278 Jesuitis
1320 2236 1388 2279 om-

282 2318 380 2382 nihus
407 2320 636 2403 consequentis
659 2319 848 2402 displiceret.
895 2320 983 2383 Nam
1013 2321 1184 2402 Principis,
1208 2327 1242 2383 et
1266 2321 1391 2401 Cupitis
1437 2324 1440 2329 ’

214 2404 223 2422 ’
283 2444 385 2502 voces,
416 2445 495 2506 quas
524 2422 578 2485 hic
596 2404 731 2485 'infercit
761 2421 952 2500 Cardinulis,
977 2431 1093 2486 neutro
1122 2423 1193 2486 loco
1222 2430 1311 2501 sunt,
1339 2424 1387 2487 vel

285 2528 445 2604 Metthaei,
462 2527 512 2590 vel
527 2527 548 2589 J
550 2527 673 2590 oannis.

317 2681 519 2744 'theophylactus
532 2717 537 2729 .
551 2718 557 2729 .
569 2717 575 2729 .
588 2682 669 2730 solum
679 2682 750 2742 dicit,
763 2680 834 2738 Quod
847 2682 998 2743 promissum
1011 2719 1016 2729 .
1029 2719 1034 2729 .
1048 2681 1130 2742 Petro,
1142 2680 1215 2730 Mate
1226 2683 1286 2741 xvi,
1300 2682 1389 2732 datum

349 2798 354 2809 .
368 2798 373 2809 .
386 2763 520 2810 omnihus.
535 2799 541 2810 .
552 2761 568 2808 J
570 2777 623 2810 uun.
636 2777 677 2810 xx.
689 2784 694 2819 ;
714 2762 781 2824 quod
798 2766 836 2811 est
848 2777 934 2811 serum
947 2762 978 2811 dc
989 2767 1114 2825 potestate
1125 2763 1274 2812 remittendi
1288 2770 1390 2827 peccatu

349 2858 394 2905 per
404 2842 571 2900 Sacramenta,
583 2858 633 2900 nun
646 2848 730 2892 nutem
743 2859 829 2892 vemm
848 2849 886 2892 est
903 2843 934 2892 ‹le
953 2844 1022 2892 omni
1040 2849 1163 2906 potestate
1180 2844 1294 2893 solvendi
1313 2852 1389 2908 atque

349 2923 454 2985 ligandi.
475 2923 562 2985 Neque
574 2924 621 2972 hoc
633 2924 834 2987 'lheophslnctus
846 2940 936 2986 negare
948 2930 1036 2988 potest.
1057 2924 1120 2974 Cum
1130 2925 1155 2975 S.
1164 2963 1184 2976 ..
1193 2926 1389 2989 chrysostomus

350 3041 356 3053 .
369 3040 375 3052 .
389 3042 394 3053 .
406 3004 476 3053 dicet
487 3004 541 3068 [lep.
554 3004 665 3068 scribut]
679 3003 780 3054 Petrum
793 3007 886 3054 fuctum
902 3021 954 3055 esse
966 3013 1041 3068 ceput
1054 3008 1132 3056 totius
1145 3007 1388 3073 Ecclesioe.-[Bell.

350 3087 423 3150 Apol.
435 3101 480 3149 pro
493 3086 580 3149 Resp]
594 3102 616 3149 p.
628 3088 682 3135 193.
695 3087 762 3151 [Op.,
773 3092 833 3135 tom.
845 3088 888 3136 vii.
901 3089 946 3136 col.
959 3091 1015 3137 813.
1028 3088 1059 3137 A.
1071 3088 1110 3152 ll]

121 3220 170 3286 [De
186 3219 233 3270 une
247 3234 273 3269 re
329 3205 603 3288 Theophylactum
619 3204 793 3285 compingit
809 3204 844 3266 in
859 3205 1113 3285 AEquivocuntes.
1158 3206 1318 3273 Adscribo
1335 3209 1387 3274 hic

120 3286 266 3414 fflffssss'*
286 3307 636 3390 verhuTheophylacti.
686 3307 832 3377 erarnois
859 3312 961 3369 autem
985 3310 1081 3371 Petro
1107 3310 1166 3372 soli
1192 3311 1312 3373 dictum
1336 3314 1387 3390 sit,

119 3366 206 3478 lacui
288 3412 378 3473 ‘libi
395 3412 473 3474 dabo
492 3410 634 3472 claues:'
666 3410 813 3471 Omnibus
832 3416 935 3472 tomen
954 3413 1114 3493 Apostolis
1134 3435 1283 3478 concesse
1304 3423 1386 3480 suut.

289 3515 445 3588 Quando?
485 3514 560 3575 Cum
576 3514 667 3589 dicit,
688 3513 941 3595 Quantumcunque
963 3517 1155 3594 remiseritis,
1172 3516 1242 3602 hul.
1290 3520 1388 3585 Quod

285 3618 486 3700 promissum,
511 3616 632 3692 (letum,
659 3616 703 3677 uit
720 3617 996 3702 Theophylactns5
1025 3619 1100 3696 im0,
1130 3621 1225 3686 Quod
1252 3625 1387 3705 promis·

285 3743 365 3798 sum,
383 3742 422 3782 en
430 3725 525 3800 prante
542 3719 663 3795 datum,
680 3720 725 3781 uit
742 3721 929 3783 Cardinalis.
962 3723 1154 3803 Enpartene
1170 3727 1387 3806 promissum?

285 3830 380 3904 utque
395 3823 442 3883 itu
451 3843 531 3902 pars
545 3822 640 3884 modo
656 3823 826 3903 promissa:
852 3825 924 3886 Imo
936 3826 1125 3907 promissum
1138 3835 1260 3906 entoto,
1274 3830 1388 3894 datum

285 3922 437 4005 superte,
448 3930 591 4004 potestas
607 3924 725 3986 scilicet
743 3927 929 4004 remittendi,
947 3949 1009 4008 per
1025 3931 1230 3993 Sacramenta
1252 3939 1386 3998 tontum.

286 4029 347 4103 Ita,
365 4027 449 4109 quod
465 4026 666 4108 promissum,
684 4048 750 4089 non
766 4028 895 4104 datum,
919 4032 1070 4110 equivoco
1085 4053 1161 4114 ergo
1181 4035 1386 4116 promissum,

285 4129 370 4213 quod
395 4130 487 4191 aliter
508 4129 700 4211 promissum
725 4139 820 4213 atque
844 4132 966 4195 datum.
1011 4135 1119 4216 Neque
1141 4137 1390 4220 Theophplactus

315 4315 319 4345 ¹
358 4316 434 4377 Apoc-
447 4315 499 4362 xxi·
514 4315 565 4376 li]
850 4316 901 4364 *Au
912 4321 982 4365 τινῶν
994 4319 1071 4380 ἀφῆτε
1083 4320 1126 4370 τὰς
1138 4321 1259 4383 ἁμαρτίας,
1271 4324 1387 4386 ἀφίενται

315 4381 322 4419 t
357 4381 383 4429 Εἰ
391 4381 439 4460 ydf
450 4380 488 4429 nul
500 4380 556 4441 πρὸς
569 4377 660 4440 Πέτρον
669 4377 741 4437 μόνον
753 4380 811 4442 εἴρῃ·
854 4382 1065 4445 -l'heophylin
1079 4384 1152 4435 Metu
1165 4387 1387 4452 xvi.0p.,tom.i,

283 4464 323 4495 ται
335 4450 370 4504 τὸ,
383 4454 428 4493 Aeo
437 4463 478 4492 σω
494 4463 552 4504 σοι,
564 4444 630 4493 ἄλλά
642 4445 681 4493 καὶ
690 4446 749 4492 πᾶσι
760 4447 811 4493 τοῖς
855 4460 878 4508 p.
892 4449 929 4495 85.
943 4446 986 4511 D.]

284 4509 428 4560 ἀποστόλοις
445 4509 544 4557 δέδοται.
579 4508 656 4566 ssim
677 4509 717 4556 ὅτε
731 4507 811 4567 einer,
