2910 4926
251 281 318 342 454
564 290 606 340 no
629 289 818 339 cmomnnrs
839 288 1040 338 emmaum

253 445 379 526 calcat¹,
396 455 429 534 et
437 447 599 528 puluerem
610 445 704 530 jubet
719 446 837 527 liupere
845 445 963 526 pedum
977 442 1131 515 suorum?
1160 440 1272 505 Etiam
1288 439 1362 521 quis

254 549 369 632 aeque?
393 548 449 631 qui
464 569 497 612 se
512 549 679 611 Dominum
688 546 806 610 Deuml
822 546 918 610 scribi
933 546 1016 624 sivit,
1026 546 1102 630 (nec
1112 543 1208 628 jubet
1222 539 1326 604 deleri
1335 542 1362 618 ε)

255 651 311 735 qui
325 651 514 714 Diuiuilalis
528 659 561 714 et
580 647 839 731 Oruuipoteuliaek
853 649 966 712 titulos
981 647 1133 730 agnoscit,
1146 644 1237 729 quasi
1252 641 1354 706 suos?

299 754 386 817 Nam
411 753 468 817 illa
490 753 553 816 alia
577 753 671 817 nobis
691 753 847 836 quadrare
870 773 939 815 non
959 759 1103 835 possunt,
1125 749 1165 813 de
1188 745 1364 829 Spirililur

255 857 375 920 erroris
389 865 445 920 aut
467 856 619 920 doctrinis
640 856 879 933 Daemouiorum,
904 855 960 938 qui
985 855 1073 939 (quae
1095 853 1142 917 ibi
1163 853 1361 935 sequuntur)

254 959 338 1022 nulli
364 958 554 1023 suademus:
579 979 617 1022 ue
645 959 764 1023 nubant
787 958 917 1035 scilicet,
948 965 1004 1020 aut
1034 957 1211 1019 abstineant
1235 974 1256 1016 a
1284 952 1363 1015 cibis

256 1063 402 1139 homiues,
430 1081 506 1143 quos
534 1062 621 1135 Deus
651 1063 770 1125 meavit
794 1061 839 1124 od
854 1060 1090 1143 percipiendum
1098 1057 1115 1121 ¹.
1161 1055 1266 1121 Nobis
1293 1055 1364 1118 haec

256 1164 437 1247 objicienda
460 1185 527 1228 non
550 1172 635 1228 sunt.
681 1166 814 1229 Vestros
843 1165 912 1228 haec
934 1162 1037 1245 magis
1065 1168 1217 1243 tangunt,
1241 1178 1363 1241 rosque

258 1268 338 1332 adeo
360 1268 462 1352 ipsos:
488 1277 527 1331 ut
546 1269 655 1332 minus
675 1277 768 1332 caute
787 1269 881 1352 proin
904 1268 1044 1331 adducta
1063 1266 1128 1329 sint
1143 1287 1163 1327 a
1177 1263 1361 1340 Cardinale,

258 1372 295 1450 si,
314 1371 369 1454 qui
384 1371 434 1434 his
449 1371 567 1434 similia
581 1371 706 1451 docent,
722 1373 866 1435 illusores
880 1372 945 1434 sint
964 1377 998 1433 et
1018 1368 1309 1448 Pseudoproplzelae,
1325 1386 1363 1428 ac

260 1473 375 1535 Sidera
391 1474 542 1551 errantia,
559 1474 599 1536 ab
614 1473 732 1537 Austro
747 1475 965 1558 potiusquam
976 1473 1130 1555 Aquilone
1144 1469 1362 1554 exspectandi.

260 1577 308 1640 Ut
323 1583 356 1639 et
370 1577 612 1641 nomenclatura
632 1576 689 1640 illa
709 1598 793 1640 uouae
807 1577 888 1659 fidei
907 1577 1083 1639 Architecti
1100 1574 1164 1637 illis
1182 1574 1279 1657 plane
1294 1594 1363 1636 non

259 1679 420 1762 competit,
437 1679 492 1762 qui
507 1679 603 1742 fidem
614 1679 737 1742 nullam
753 1680 922 1758 sustinent,
938 1679 1001 1742 nisi
1015 1683 1155 1756 ueterem,
1172 1697 1269 1759 quam
1285 1676 1364 1739 satis

259 1782 356 1845 etiam
375 1783 500 1843 firmam
527 1789 684 1860 statuunt,
700 1790 739 1846 ut
763 1783 802 1847 de
822 1783 1007 1847 fabricanda
1029 1802 1107 1844 uova
1122 1780 1264 1863 cogitare
1279 1779 1365 1842 nihil

258 1906 356 1968 opus:
381 1884 469 1947 vobis
493 1885 608 1967 potius,
632 1885 748 1968 quibus
771 1886 873 1969 (quasi
898 1886 977 1949 fides
999 1891 1104 1948 vestra
1124 1889 1211 1946 uetus
1232 1882 1365 1945 ruinam

259 1988 442 2073 minitetur)
457 1988 602 2052 Tridenti
621 2010 724 2073 nuper
744 1991 821 2053 Pius
844 1990 986 2057 Quartus
1008 2009 1118 2051 novam
1137 1988 1366 2051 architectatus

259 2097 315 2154 est.

94 2201 247 2280 [tenplum
303 2195 389 2274 Post,
405 2203 442 2256 ut
465 2216 498 2258 se
512 2195 616 2259 filium
631 2197 734 2259 noctis
753 2205 787 2260 et
805 2195 1012 2259 tenebrarum
1026 2194 1233 2272 demonstret,
1248 2201 1364 2256 votum

95 2268 231 2395 3333&
260 2297 358 2380 nega
387 2297 583 2381 perstringit,
613 2299 710 2361 nima
739 2301 788 2381 (ut
816 2299 864 2360 nr
893 2297 1022 2380 quidem
1050 2297 1188 2377 noenu)
1221 2296 1364 2359 amicum

95 2395 223 2459 nemun]
259 2399 402 2464 Lumini.
448 2400 620 2463 Revolvoul
641 2401 703 2482 ipsi
719 2421 828 2464 sacrus
844 2401 1036 2482 Scripturas,
1051 2401 1170 2481 (secum
1185 2419 1252 2461 una
1267 2399 1363 2462 Prin-

258 2501 342 2585 cipes
362 2504 502 2587 reliquos
520 2503 689 2585 hortatum)
709 2524 749 2566 eu
770 2505 812 2566 iis
829 2504 975 2566 credendi
996 2503 1364 2582 commutacionis

257 2624 294 2665 ue
309 2606 437 2667 nimium
450 2606 591 2686 filantm,
609 2607 648 2669 dc
663 2606 726 2669 fide
742 2629 799 2669 sna
815 2614 919 2669 certus
937 2605 1069 2688 quisque
1086 2604 1137 2683 sit,
1154 2625 1227 2666 cum
1242 2626 1281 2666 ex
1297 2605 1362 2667 fide

257 2727 314 2768 sua
336 2707 439 2770 salvus
459 2708 591 2790 quisque
607 2709 734 2772 futurus
757 2710 807 2773 sit.
854 2709 941 2774 Quid
963 2708 1015 2770 hic
1038 2706 1125 2769 aliud
1145 2708 1213 2769 Rex
1236 2706 1361 2783 suadet,

258 2831 353 2893 quam
374 2811 486 2873 Deus?
509 2811 604 2892 Lepet
620 2812 689 2873 Reu
704 2813 877 2892 Ereruplur
890 2813 994 2892 Leuis,
1011 2811 1149 2873 ornaibus
1169 2809 1276 2872 diulus
1291 2812 1363 2873 iilae

256 2921 359 2974 sllaen:
385 2933 480 2994 quam
502 2914 658 2992 Christus,
678 2915 871 2977 Scrutamini
895 2916 1115 2995 Scriptura.-
1140 2934 1236 2996 quam
1259 2913 1361 2996 Spiri-

257 3023 310 3077 tus
341 3016 488 3094 Sanctus,
517 3016 572 3099 qui
602 3018 637 3079 in
667 3017 841 3081 Nobilibus
873 3018 936 3080 illis
973 3019 1096 3080 Beroeae
1125 3014 1245 3093 laudat,
1275 3017 1360 3098 quod

257 3117 399 3199 quotidie
413 3118 555 3180 Scrululi
569 3120 633 3180 siul
650 3120 841 3200 Scripturas,
854 3121 881 3181 si
894 3122 957 3182 laee
969 3120 1015 3181 ilo
1030 3140 1062 3181 se
1074 3119 1267 3180 labereris?
1295 3118 1362 3180 Cur

257 3241 323 3281 non
349 3241 386 3283 co
410 3222 479 3284 loco
506 3221 635 3303 apponit
659 3223 847 3300 Cardinalis,
871 3223 905 3284 in
932 3222 1086 3305 margine,
1102 3221 1167 3283 Hic
1189 3241 1209 3281 a
1235 3220 1360 3281 Christo

257 3323 396 3384 virtuibus
417 3324 597 3386 Hoeresidua
607 3326 712 3404 junna
736 3328 921 3405 aperituri?
960 3327 1066 3390 Quam
1087 3332 1191 3407 potest
1215 3323 1359 3405 quisque,

256 3432 361 3486 certus
388 3425 429 3486 sit
454 3425 493 3487 dc
520 3426 598 3488 Fide
625 3448 699 3488 sua:
734 3437 771 3488 ut
802 3435 905 3490 certus
935 3428 986 3504 sit,
1013 3449 1078 3489 non
1108 3447 1202 3509 super
1229 3426 1360 3488 alterius

256 3527 406 3608 opinione
428 3527 560 3606 incerta,
577 3529 633 3591 sed
655 3550 749 3612 super
770 3531 903 3593 scicntia
925 3552 982 3592 sua
999 3534 1106 3613 (quam
1128 3532 1243 3612 potest)
1263 3539 1359 3608 certa,

255 3629 330 3691 fidei
356 3630 568 3694 fundamenta
597 3632 739 3695 collocet.
787 3633 874 3698 Quid
904 3633 1001 3696 habet
1030 3633 1133 3715 iniqui
1162 3633 1360 3714 postulatum

256 3732 338 3792 hoc?
378 3733 429 3794 Da
459 3734 760 3811 Contradictorium,
792 3735 833 3797 da
861 3743 973 3797 votum
997 3735 1186 3799 Cardinalis.
1233 3736 1287 3798 Ne
1319 3735 1360 3797 sit

256 3832 423 3914 qnisquam
450 3835 488 3897 de
511 3837 573 3899 fide
598 3846 719 3901 certus:
744 3837 835 3899 malit
861 3838 995 3900 aliorum
1021 3838 1164 3920 opinioni
1190 3837 1289 3899 inniti
1311 3838 1360 3900 vel

257 3936 393 4013 incertae,
409 3959 504 4018 quam
521 3939 660 4003 scientiae
676 3963 750 4004 suae.
786 3942 892 4005 Quam
907 3941 1017 4023 inique
1026 3941 1123 4003 vcro?
1150 3941 1213 4003 Hic
1230 3941 1360 4024 quidem

255 4039 399 4116 caecitati,
417 4062 452 4103 ae
468 4042 657 4125 stupiditati,
675 4044 834 4107 erroribus
850 4045 986 4127 denique
1009 4044 1269 4125 omnibusjuuuu
1288 4065 1361 4126 upe-

287 4207 291 4236 ¹
329 4208 393 4257 Vide
405 4224 487 4271 snpra,
500 4226 522 4272 p.
537 4212 653 4259 ilinot.
666 4211 698 4274 1.]
860 4213 972 4276 ¹¹[Dent.
986 4213 1046 4261 xvii.
1059 4213 1107 4276 lu]

285 4282 291 4308 -·
327 4273 392 4321 Vido
403 4289 485 4336 supra,
498 4290 520 4336 p.
534 4279 588 4324 390.
602 4280 652 4324 not.
663 4275 696 4338 '¹.]
860 4277 1061 4341 ⁰[loanr.89.]

288 4335 297 4365 '¹
329 4337 391 4385 Vide
403 4338 465 4386 ibid.
479 4344 528 4386 not.
541 4339 573 4400 ¹.]
860 4345 945 4389 ruci.
957 4343 1018 4389 xvii.
1034 4345 1070 4390 11.

287 4400 292 4428 ¹
329 4405 339 4448 1
355 4401 418 4449 Tim.
431 4404 463 4450 iv.
475 4403 559 4466 1-3.]
859 4413 869 4439 ‘¹
887 4406 961 4470 [Bell.
970 4407 1045 4468 Apol.
1057 4422 1101 4469 pro
1115 4406 1198 4469 Rcsp]
1212 4422 1234 4469 p.
1245 4410 1301 4457 luo.
1317 4410 1360 4472 [in

287 4473 302 4493 ¹¹·
316 4465 402 4528 [Praei.
415 4466 505 4517 Monit.
524 4484 547 4531 p.
561 4468 628 4529 175.]
826 4486 905 4532 marg.
919 4472 973 4534 Op,
986 4479 1046 4520 tom.
1059 4472 1101 4520 vii.
1114 4471 1159 4521 col.
1172 4474 1227 4521 809.
1240 4473 1287 4536 Α.]
