2910 4926
447 268 631 317 nrorcunu
652 269 833 319 nrsmnsro.
1147 251 1190 313 33

86 422 150 487 lori
175 421 280 486 nostri
308 421 445 486 formula
475 426 535 506 est)
563 426 687 487 rescia
712 424 796 486 nullo
822 422 894 484 iude
919 420 1095 503 culpabiles.
1143 421 1190 483 Ut

87 526 238 590 'festibus
253 535 324 591 tum
340 549 428 612 opus,
445 536 483 592 ut
499 529 617 593 tubulis
640 527 801 611 agendum
817 525 923 601 fuerit,
940 524 1056 608 quibus
1071 524 1190 607 egregii

86 630 135 693 illi
158 631 322 712 Martyres
341 632 559 696 Confessionis
586 633 660 695 fidei
684 652 750 694 sure
774 629 1049 693 convincerentur.
1095 629 1190 691 Certe

86 732 262 815 Martyres,
278 734 337 816 ipsi
353 741 445 797 testes
462 756 541 814 esse,
558 757 624 798 non
640 734 766 797 testibus
784 732 929 796 convinci
945 730 1101 794 solebant.
1146 731 1190 793 Et

86 836 178 900 robis
192 844 303 900 tamen
317 837 353 901 hi
370 839 530 920 Martyres
553 847 638 915 sunt,
655 837 709 920 qui
732 857 799 899 non
819 834 887 898 ausi
911 835 1067 917 palamst
1090 833 1190 896 libere

84 942 199 1004 testari
214 943 311 1006 fidem
326 964 426 1020 suam,
444 943 500 1006 sed
515 943 715 1026 tergiversari
731 963 838 1005 coram
849 941 869 1002 J
872 940 973 1020 udice,
986 960 1105 1023 negare
1119 960 1188 1002 rem

85 1046 227 1128 penitus,
249 1047 345 1129 (quod
366 1068 404 1109 ex
426 1047 530 1129 Regni
546 1047 693 1110 Archivis
713 1047 850 1127 constat)
877 1045 1005 1129 quique,
1028 1045 1091 1108 uisi
1113 1066 1189 1108 con·

84 1148 163 1212 victi
178 1150 328 1227 testibus,
344 1151 518 1214 cuticulam
538 1158 717 1215 servassent
738 1150 847 1234 probe,
864 1160 897 1214 et
912 1150 1068 1232 Murtqrii
1088 1149 1190 1233 gloria

84 1274 154 1317 non
169 1254 331 1319 illibenter
346 1257 532 1319 caruissent.
578 1257 797 1339 Ilonghtonus
812 1255 951 1338 quidem,
964 1255 1096 1338 quicum
1107 1255 1189 1317 oruai

83 1357 262 1433 remediale,
279 1363 308 1421 et
328 1357 493 1439 affectuose
510 1357 551 1421 ad
566 1358 722 1421 vomitum
742 1358 833 1421 illum
856 1357 1025 1420 confratris
1045 1357 1105 1435 sui,
1122 1379 1187 1419 non

84 1481 161 1522 cnm
177 1461 246 1542 pari
260 1461 311 1523 vel
326 1462 500 1539 alacritate,
516 1462 565 1524 vel
582 1462 698 1525 affeetu
716 1461 757 1524 ad
772 1462 966 1543 Martyrium
989 1461 1127 1526 accinxit
1143 1483 1187 1541 sc,

84 1563 244 1628 sedenim
261 1587 323 1649 que
337 1565 452 1649 potuit,
469 1565 668 1630 detrectavit.

120 1724 180 1775 Nou
188 1724 289 1791 [neque]
296 1726 376 1776 solum
385 1726 447 1777 tides
455 1728 505 1778 iste
513 1727 590 1791 Regis
599 1743 649 1778 nou
658 1727 840 1789 esthtbolico,
848 1730 909 1792 quia
917 1744 968 1778 nou
977 1744 1076 1793 semper
1083 1730 1187 1788 credits,

151 1809 195 1858 sed
207 1810 284 1858 etium
296 1810 418 1872 quianon
429 1809 522 1873 ubique
534 1810 637 1861 creditu
666 1809 742 1860 Fides
750 1812 818 1860 enim
828 1809 966 1866 Catholici,
978 1811 1011 1859 ub
1022 1811 1098 1859 initio
1110 1811 1188 1873 Apes

152 1895 235 1944 toliere
246 1895 435 1959 praedicationis
451 1896 478 1944 in
492 1896 608 1945 universo
622 1895 733 1944 mundo.
746 1931 752 1943 .
765 1896 1048 1959 .lructil1carceoepit..
1062 1930 1067 1942 .
1080 1932 1085 1944 .
1099 1894 1189 1957 Neque

152 1975 211 2024 huie
223 1976 324 2026 veritati
336 1983 468 2040 repugnet,
483 1976 549 2040 quod
567 1977 674 2026 luerescs
685 1992 782 2040 quoqne
800 1977 827 2024 iu
840 1977 957 2026 universo
975 1976 1071 2026 mundo
1089 1982 1190 2025 suut—

153 2059 230 2123 [bell.
244 2060 317 2123 Apol.
331 2074 376 2122 pro
388 2058 475 2123 Resp]
494 2074 518 2123 p.
532 2062 554 2109 8.
573 2059 635 2124 [Op.
648 2064 710 2108 tom.
721 2059 763 2108 vii
776 2058 821 2108 col.
835 2060 890 2109 7⁰9.
904 2057 947 2120 B.]

129 2205 161 2266 2.
185 2202 311 2282 Semper
325 2224 390 2265 non
406 2202 567 2281 successit,
586 2202 662 2286 quid
675 2203 811 2284 ubique?
860 2201 970 2283 (Nam,
987 2201 1026 2264 ab
1041 2201 1189 2281 omuibus,
1204 2209 1332 2273 [Romanu

85 2305 291 2370 Cardinulem
299 2307 475 2389 purzqeret.)
524 2307 774 2391 Philosophutur
795 2328 869 2370 vero
884 2306 937 2370 hic
953 2306 1140 2385 Cardinolis,
1157 2314 1190 2370 et
1201 2275 1327 2404 ξῖξξζῃῖῗη

86 2409 182 2473 docet
209 2411 378 2474 Lectorcm
402 2432 506 2488 suurn,
529 2411 607 2494 quid
632 2412 673 2474 sit
696 2412 826 2493 ubique;
848 2433 964 2495 nempe
990 2413 1024 2473 ia
1049 2413 1189 2475 uniuerso
1202 2408 1354 2535 ffieffiiqm

85 2514 208 2578 meraclo.
254 2515 378 2579 Verum
399 2515 496 2594 enim,
514 2515 589 2599 quia
607 2537 678 2599 quae
698 2517 766 2600 jam
790 2524 848 2594 est,
870 2517 1012 2579 lioraunu
1034 2517 1113 2581 fides
1134 2539 1191 2600 per
1292 2508 1297 2520 ’

86 2618 272 2681 universum
292 2619 451 2683 mundum
474 2641 534 2683 nec
555 2620 670 2682 diffusa
687 2619 783 2682 modo
806 2627 865 2697 est,
881 2641 940 2683 nec
958 2620 1020 2682 fnit
1035 2642 1189 2704 unquam,

88 2723 238 2787 Haereses
264 2745 391 2807 quoque
420 2723 518 2787 etiam
542 2725 575 2786 iu
599 2725 741 2786 uniuerso
770 2724 882 2787 mundo
912 2732 997 2801 suut,
1024 2725 1190 2808 restringit

85 2848 181 2911 porro
195 2829 306 2911 ubique
325 2830 386 2893 boc
406 2851 509 2907 suum,
526 2829 692 2892 nonenim
709 2828 787 2890 satis
802 2849 872 2891 esse
887 2828 914 2890 si
929 2828 1039 2909 ubique
1057 2828 1108 2904 sit,
1125 2828 1189 2892 uisi

84 2932 197 3014 ubique
211 2932 253 2995 sit
267 2932 374 2995 eudem
427 2933 520 3010 Tum,
537 2952 574 2994 ex
598 2930 689 3014 siguo
708 2931 779 3009 hoc,
796 2952 886 2994 suum
903 2932 1075 2994 Raraunum
1090 2931 1189 3013 fidem

84 3062 156 3105 vere
174 3043 359 3125 proprieque
387 3042 578 3103 Cullrulicum
606 3062 681 3105 esee.
737 3041 803 3106 Qui
833 3048 948 3125 potest,
979 3062 1053 3104 cum
1078 3041 1189 3122 ubique

84 3147 241 3211 nonsit?
297 3147 375 3210 Nou
398 3145 485 3209 enim
509 3145 543 3208 in
567 3145 653 3209 bonu
678 3146 816 3228 Europae
839 3152 940 3228 purte,
967 3147 1059 3230 cujus
1082 3145 1190 3208 media

84 3273 184 3336 prope
205 3273 278 3334 pars
300 3250 335 3313 in
360 3257 506 3314 nostram
531 3249 805 3313 Reformationem
831 3248 1005 3313 consensit.
1051 3248 1128 3312 Non
1151 3248 1187 3311 in

87 3356 213 3419 (murcia
226 3355 276 3418 vel
292 3355 425 3418 On'ente
440 3361 519 3432 toto,
536 3353 591 3417 ubi
605 3360 670 3417 tres
687 3353 881 3416 Putriarchae
897 3359 1017 3436 negant
1032 3354 1186 3416 Christia-

85 3481 163 3521 nam
178 3459 274 3522 fidem
290 3459 328 3520 de
342 3459 489 3521 Priruutu
515 3458 602 3521 Petri
626 3457 667 3521 ad
688 3463 830 3520 mentem
846 3455 1036 3534 cardinalis,
1052 3462 1090 3518 ut
1111 3455 1187 3519 inde

85 3562 207 3626 scilicet
219 3562 384 3626 Pontifieis
394 3561 585 3625 Monarchia
600 3567 824 3643 consequatur.
870 3562 947 3625 Nou
962 3561 1047 3643 apud
1064 3560 1187 3623 Ruthe-

83 3687 155 3744 nos,
183 3666 353 3742 Armenes,
382 3665 589 3747 Georgianos,
615 3665 805 3744 Maronitas,
831 3687 897 3728 non
923 3665 1078 3748 (iuquam)
1103 3666 1188 3748 apud

85 3771 145 3833 bos
162 3792 285 3849 omnes,
303 3769 401 3833 Orbis
416 3768 593 3833 Christiani
611 3776 736 3851 purtem
762 3769 857 3853 louge
880 3769 1065 3835 maximam.
1109 3770 1187 3834 Non

85 3894 162 3956 ergo
177 3875 318 3936 Romanu
339 3872 419 3936 fides
441 3893 514 3935 vcro
532 3874 581 3936 vel
605 3873 740 3956 proprie,
758 3873 861 3957 magis
882 3895 977 3957 quum
992 3875 1092 3936 Romu
1107 3873 1186 3957 ipsa,

85 3978 204 4059 ubique.
244 3977 331 4042 Quid
347 3978 446 4058 crgo?
484 3977 530 4040 At
545 3976 596 4037 uli
612 3984 720 4039 tamen
735 3984 794 4056 cst,
810 3978 916 4040 eudem
930 3983 993 4040 est:
1018 3977 1186 4060 quippini?

87 4085 168 4150 Quae
184 4083 271 4147 enim
286 4082 416 4146 haeresis
432 4102 497 4144 non
513 4080 625 4144 eadem
641 4087 699 4159 est,
715 4080 771 4142 ubi
786 4083 860 4144 est?
892 4081 990 4159 Quin,
1003 4103 1063 4145 nec
1077 4081 1188 4162 urbique

85 4195 196 4250 tamen
210 4187 338 4249 eudem:
363 4185 440 4248 Non
462 4184 547 4247 eninr
566 4183 605 4246 de
621 4182 772 4264 Pontifice
789 4205 884 4265 supra
903 4185 1081 4262 Caerelliam,
1096 4185 1186 4247 Pari·

85 4291 181 4354 siise:
204 4312 271 4354 nou
287 4289 327 4351 dc
342 4288 505 4369 Pontificio
520 4308 615 4368 supro
630 4287 727 4369 ches
743 4294 773 4349 el
788 4288 1025 4351 Ecclesiasticus
1032 4293 1188 4368 potestate

171 4460 189 4482 ¹¹
207 4451 286 4515 [Vide
302 4450 404 4500 Gersou.
417 4449 498 4500 'l'ruet
511 4450 542 4498 «le
555 4449 647 4499 Potest.
660 4448 725 4498 Eecl.
740 4448 795 4512 Op,
806 4453 866 4498 tom.
880 4450 896 4499 l.
906 4449 962 4498 coll.
972 4452 1026 4497 110.
1038 4447 1102 4513 seq]

127 4548 370 4585 urorum—mrsu.
908 4548 933 4597 ῃ
