<?xml version="1.0" encoding="UTF-8"?>
<!DOCTYPE html PUBLIC "-//W3C//DTD XHTML 1.0 Transitional//EN"
    "http://www.w3.org/TR/xhtml1/DTD/xhtml1-transitional.dtd">
<html xmlns="http://www.w3.org/1999/xhtml" xml:lang="en" lang="en">
 <head>
  <title>
</title>
<meta http-equiv="Content-Type" content="text/html;charset=utf-8" />
  <meta name='ocr-system' content='tesseract 3.04.00' />
  <meta name='ocr-capabilities' content='ocr_page ocr_carea ocr_par ocr_line ocrx_word'/>
</head>
<body>
  <div class='ocr_page' id='page_1' title='image "./responsioadapol00andrgoog_0050.png"; bbox 0 0 2910 4926; ppageno 0'>
   <div class='ocr_carea' id='block_1_1' title="bbox 412 273 1211 334">
    <p class='ocr_par' dir='ltr' id='par_1_1' title="bbox 412 273 1211 334">
     <span class='ocr_line' id='line_1_1' title="bbox 412 273 1211 334; baseline 0.005 -4"><span class='ocrx_word' id='word_1_1' title='bbox 412 284 455 330; x_wconf 85' lang='lat' dir='ltr'><strong>an</strong></span> <span class='ocrx_word' id='word_1_2' title='bbox 477 284 668 332; x_wconf 74' lang='lat' dir='ltr'><strong>conamina</strong></span> <span class='ocrx_word' id='word_1_3' title='bbox 690 283 898 332; x_wconf 81' lang='lat' dir='ltr'><strong>nmnaaurur.</strong></span> <span class='ocrx_word' id='word_1_4' title='bbox 1191 273 1211 334; x_wconf 83' lang='grc'><strong>7</strong></span> 
     </span>
    </p>
   </div>
   <div class='ocr_carea' id='block_1_2' title="bbox 100 437 1212 2291">
    <p class='ocr_par' dir='ltr' id='par_1_2' title="bbox 144 437 1212 588">
     <span class='ocr_line' id='line_1_2' title="bbox 144 437 1212 506; baseline 0.006 -21"><span class='ocrx_word' id='word_1_5' title='bbox 144 437 208 486; x_wconf 82' lang='lat' dir='ltr'><strong>Haec</strong></span> <span class='ocrx_word' id='word_1_6' title='bbox 224 438 365 503; x_wconf 74' lang='lat' dir='ltr'><strong>inscriptio,</strong></span> <span class='ocrx_word' id='word_1_7' title='bbox 382 440 450 503; x_wconf 89' lang='lat' dir='ltr'><strong>qnod</strong></span> <span class='ocrx_word' id='word_1_8' title='bbox 466 441 561 490; x_wconf 83' lang='lat' dir='ltr'><strong>attinet</strong></span> <span class='ocrx_word' id='word_1_9' title='bbox 579 441 611 491; x_wconf 90' lang='lat' dir='ltr'><strong>sd</strong></span> <span class='ocrx_word' id='word_1_10' title='bbox 629 440 713 501; x_wconf 84' lang='lat' dir='ltr'><strong>fidem,</strong></span> <span class='ocrx_word' id='word_1_11' title='bbox 736 441 769 492; x_wconf 86' lang='lat' dir='ltr'><strong>ab</strong></span> <span class='ocrx_word' id='word_1_12' title='bbox 786 443 857 491; x_wconf 89' lang='lat' dir='ltr'><strong>omni</strong></span> <span class='ocrx_word' id='word_1_13' title='bbox 874 445 944 506; x_wconf 85' lang='lat' dir='ltr'><strong>parto</strong></span> <span class='ocrx_word' id='word_1_14' title='bbox 961 441 1023 490; x_wconf 77' lang='lat' dir='ltr'><strong>falsa</strong></span> <span class='ocrx_word' id='word_1_15' title='bbox 1041 456 1094 491; x_wconf 82' lang='lat' dir='ltr'><strong>essa</strong></span> <span class='ocrx_word' id='word_1_16' title='bbox 1111 442 1212 491; x_wconf 85' lang='lat' dir='ltr'><strong>conrin-</strong></span> 
     </span>
     <span class='ocr_line' id='line_1_3' title="bbox 175 522 1065 588; baseline 0.008 -20"><span class='ocrx_word' id='word_1_17' title='bbox 175 522 362 588; x_wconf 84' lang='lat' dir='ltr'><strong>cllnr.—[Bcll.</strong></span> <span class='ocrx_word' id='word_1_18' title='bbox 375 524 449 588; x_wconf 82' lang='lat' dir='ltr'><strong>Apol.</strong></span> <span class='ocrx_word' id='word_1_19' title='bbox 462 539 507 588; x_wconf 92' lang='lat' dir='ltr'><strong>pro</strong></span> <span class='ocrx_word' id='word_1_20' title='bbox 519 523 603 588; x_wconf 82' lang='lat' dir='ltr'><strong>Resp]</strong></span> <span class='ocrx_word' id='word_1_21' title='bbox 616 539 640 588; x_wconf 83' lang='lat' dir='ltr'><strong>p.</strong></span> <span class='ocrx_word' id='word_1_22' title='bbox 651 527 674 575; x_wconf 72' lang='lat'><strong>5.</strong></span> <span class='ocrx_word' id='word_1_23' title='bbox 688 524 758 588; x_wconf 90' lang='lat' dir='ltr'><strong>[Op.,</strong></span> <span class='ocrx_word' id='word_1_24' title='bbox 769 531 831 575; x_wconf 88' lang='lat' dir='ltr'><strong>tom.</strong></span> <span class='ocrx_word' id='word_1_25' title='bbox 841 525 884 574; x_wconf 80' lang='lat' dir='ltr'><strong>vii.</strong></span> <span class='ocrx_word' id='word_1_26' title='bbox 897 525 944 574; x_wconf 86' lang='lat' dir='ltr'><strong>col.</strong></span> <span class='ocrx_word' id='word_1_27' title='bbox 954 525 1009 577; x_wconf 76' lang='lat'><strong>707.</strong></span> <span class='ocrx_word' id='word_1_28' title='bbox 1022 524 1065 587; x_wconf 78' lang='grc'><strong>0,]</strong></span> 
     </span>
    </p>

    <p class='ocr_par' dir='ltr' id='par_1_3' title="bbox 108 641 1210 1343">
     <span class='ocr_line' id='line_1_4' title="bbox 155 641 1210 724; baseline 0 -18"><span class='ocrx_word' id='word_1_29' title='bbox 155 641 261 706; x_wconf 78' lang='lat' dir='ltr'><strong>Onam</strong></span> <span class='ocrx_word' id='word_1_30' title='bbox 286 641 425 704; x_wconf 82' lang='lat' dir='ltr'><strong>suaviter</strong></span> <span class='ocrx_word' id='word_1_31' title='bbox 451 649 559 704; x_wconf 90' lang='lat' dir='ltr'><strong>autem</strong></span> <span class='ocrx_word' id='word_1_32' title='bbox 583 662 642 704; x_wconf 89' lang='lat' dir='ltr'><strong>sua</strong></span> <span class='ocrx_word' id='word_1_33' title='bbox 665 641 830 724; x_wconf 79' lang='lat' dir='ltr'><strong>disponit?</strong></span> <span class='ocrx_word' id='word_1_34' title='bbox 861 664 957 724; x_wconf 87' lang='lat' dir='ltr'><strong>quam</strong></span> <span class='ocrx_word' id='word_1_35' title='bbox 979 642 1073 706; x_wconf 89' lang='lat' dir='ltr'><strong>initio</strong></span> <span class='ocrx_word' id='word_1_36' title='bbox 1100 643 1210 706; x_wconf 90' lang='lat' dir='ltr'><strong>statim</strong></span> 
     </span>
     <span class='ocr_line' id='line_1_5' title="bbox 108 743 1210 825; baseline 0.003 -20"><span class='ocrx_word' id='word_1_37' title='bbox 108 751 219 825; x_wconf 81' lang='lat' dir='ltr'><strong>captat</strong></span> <span class='ocrx_word' id='word_1_38' title='bbox 242 743 313 822; x_wconf 84' lang='lat' dir='ltr'><strong>sibi,</strong></span> <span class='ocrx_word' id='word_1_39' title='bbox 335 751 368 807; x_wconf 90' lang='lat' dir='ltr'><strong>et</strong></span> <span class='ocrx_word' id='word_1_40' title='bbox 389 744 533 807; x_wconf 79' lang='lat' dir='ltr'><strong>insinuat</strong></span> <span class='ocrx_word' id='word_1_41' title='bbox 557 764 590 806; x_wconf 89' lang='lat' dir='ltr'><strong>se</strong></span> <span class='ocrx_word' id='word_1_42' title='bbox 612 744 647 806; x_wconf 91' lang='lat' dir='ltr'><strong>in</strong></span> <span class='ocrx_word' id='word_1_43' title='bbox 669 745 814 808; x_wconf 80' lang='lat' dir='ltr'><strong>Lentonis</strong></span> <span class='ocrx_word' id='word_1_44' title='bbox 838 747 992 823; x_wconf 89' lang='lat' dir='ltr'><strong>animum,</strong></span> <span class='ocrx_word' id='word_1_45' title='bbox 1009 745 1129 808; x_wconf 87' lang='lat' dir='ltr'><strong>blanda</strong></span> <span class='ocrx_word' id='word_1_46' title='bbox 1150 746 1210 809; x_wconf 92' lang='lat' dir='ltr'><strong>hae</strong></span> 
     </span>
     <span class='ocr_line' id='line_1_6' title="bbox 108 847 1210 929; baseline 0.004 -21"><span class='ocrx_word' id='word_1_47' title='bbox 108 867 196 923; x_wconf 87' lang='lat' dir='ltr'><strong>voce,</strong></span> <span class='ocrx_word' id='word_1_48' title='bbox 227 847 305 909; x_wconf 75' lang='lat' dir='ltr'><strong>Hae</strong></span> <span class='ocrx_word' id='word_1_49' title='bbox 334 849 498 929; x_wconf 82' lang='lat' dir='ltr'><strong>inscriptio</strong></span> <span class='ocrx_word' id='word_1_50' title='bbox 527 848 567 911; x_wconf 81' lang='lat' dir='ltr'><strong>ab</strong></span> <span class='ocrx_word' id='word_1_51' title='bbox 597 850 680 911; x_wconf 82' lang='lat' dir='ltr'><strong>orrrai</strong></span> <span class='ocrx_word' id='word_1_52' title='bbox 710 854 807 929; x_wconf 83' lang='lat' dir='ltr'><strong>parte</strong></span> <span class='ocrx_word' id='word_1_53' title='bbox 836 847 959 929; x_wconf 81' lang='lat' dir='ltr'><strong>salsa?</strong></span> <span class='ocrx_word' id='word_1_54' title='bbox 998 849 1104 914; x_wconf 78' lang='lat' dir='ltr'><strong>Quam</strong></span> <span class='ocrx_word' id='word_1_55' title='bbox 1135 870 1210 912; x_wconf 91' lang='lat' dir='ltr'><strong>vero</strong></span> 
     </span>
     <span class='ocr_line' id='line_1_7' title="bbox 108 949 1208 1034; baseline 0.003 -24"><span class='ocrx_word' id='word_1_56' title='bbox 108 949 274 1012; x_wconf 88' lang='lat' dir='ltr'><strong>modestiae</strong></span> <span class='ocrx_word' id='word_1_57' title='bbox 297 956 330 1012; x_wconf 90' lang='lat' dir='ltr'><strong>et</strong></span> <span class='ocrx_word' id='word_1_58' title='bbox 351 951 446 1013; x_wconf 90' lang='lat' dir='ltr'><strong>officii</strong></span> <span class='ocrx_word' id='word_1_59' title='bbox 467 972 592 1014; x_wconf 89' lang='lat' dir='ltr'><strong>memor</strong></span> <span class='ocrx_word' id='word_1_60' title='bbox 613 952 649 1014; x_wconf 90' lang='lat' dir='ltr'><strong>in</strong></span> <span class='ocrx_word' id='word_1_61' title='bbox 672 951 806 1034; x_wconf 82' lang='lat' dir='ltr'><strong>Regem,</strong></span> <span class='ocrx_word' id='word_1_62' title='bbox 822 952 850 1014; x_wconf 92' lang='lat' dir='ltr'><strong>si</strong></span> <span class='ocrx_word' id='word_1_63' title='bbox 872 961 1027 1034; x_wconf 77' lang='lat' dir='ltr'><strong>praeterea</strong></span> <span class='ocrx_word' id='word_1_64' title='bbox 1048 952 1148 1030; x_wconf 90' lang='lat' dir='ltr'><strong>nullo,</strong></span> <span class='ocrx_word' id='word_1_65' title='bbox 1165 959 1208 1030; x_wconf 82' lang='lat' dir='ltr'><strong>at,</strong></span> 
     </span>
     <span class='ocr_line' id='line_1_8' title="bbox 108 1053 1208 1138; baseline 0.005 -25"><span class='ocrx_word' id='word_1_66' title='bbox 108 1053 160 1114; x_wconf 85' lang='lat' dir='ltr'><strong>vel</strong></span> <span class='ocrx_word' id='word_1_67' title='bbox 180 1054 291 1136; x_wconf 87' lang='lat' dir='ltr'><strong>Regiae</strong></span> <span class='ocrx_word' id='word_1_68' title='bbox 318 1055 417 1137; x_wconf 88' lang='lat' dir='ltr'><strong>ipsius</strong></span> <span class='ocrx_word' id='word_1_69' title='bbox 440 1056 624 1138; x_wconf 84' lang='lat' dir='ltr'><strong>Majestatis</strong></span> <span class='ocrx_word' id='word_1_70' title='bbox 647 1054 802 1119; x_wconf 84' lang='lat' dir='ltr'><strong>nomine?</strong></span> <span class='ocrx_word' id='word_1_71' title='bbox 825 1054 877 1117; x_wconf 75' lang='lat' dir='ltr'><strong>Ab</strong></span> <span class='ocrx_word' id='word_1_72' title='bbox 900 1056 984 1117; x_wconf 71' lang='lat' dir='ltr'><strong>oriani</strong></span> <span class='ocrx_word' id='word_1_73' title='bbox 999 1061 1095 1136; x_wconf 82' lang='lat' dir='ltr'><strong>parte</strong></span> <span class='ocrx_word' id='word_1_74' title='bbox 1107 1054 1208 1136; x_wconf 84' lang='lat' dir='ltr'><strong>salsa.</strong></span> 
     </span>
     <span class='ocr_line' id='line_1_9' title="bbox 108 1155 1207 1241; baseline 0.002 -21"><span class='ocrx_word' id='word_1_75' title='bbox 108 1155 218 1220; x_wconf 83' lang='lat' dir='ltr'><strong>Quam</strong></span> <span class='ocrx_word' id='word_1_76' title='bbox 241 1155 340 1220; x_wconf 87' lang='lat' dir='ltr'><strong>etiam</strong></span> <span class='ocrx_word' id='word_1_77' title='bbox 354 1157 458 1221; x_wconf 89' lang='lat' dir='ltr'><strong>verbis</strong></span> <span class='ocrx_word' id='word_1_78' title='bbox 477 1158 559 1221; x_wconf 91' lang='lat' dir='ltr'><strong>bene</strong></span> <span class='ocrx_word' id='word_1_79' title='bbox 582 1159 731 1222; x_wconf 88' lang='lat' dir='ltr'><strong>ominatis</strong></span> <span class='ocrx_word' id='word_1_80' title='bbox 753 1158 871 1222; x_wconf 89' lang='lat' dir='ltr'><strong>librum</strong></span> <span class='ocrx_word' id='word_1_81' title='bbox 894 1179 988 1220; x_wconf 89' lang='lat' dir='ltr'><strong>sunm</strong></span> <span class='ocrx_word' id='word_1_82' title='bbox 1012 1158 1207 1241; x_wconf 87' lang='lat' dir='ltr'><strong>auspicatur,</strong></span> 
     </span>
     <span class='ocr_line' id='line_1_10' title="bbox 108 1260 1008 1343; baseline 0.002 -22"><span class='ocrx_word' id='word_1_83' title='bbox 108 1260 201 1343; x_wconf 91' lang='lat' dir='ltr'><strong>cujus</strong></span> <span class='ocrx_word' id='word_1_84' title='bbox 216 1260 320 1342; x_wconf 90' lang='lat' dir='ltr'><strong>prima</strong></span> <span class='ocrx_word' id='word_1_85' title='bbox 334 1261 403 1324; x_wconf 88' lang='lat' dir='ltr'><strong>haec</strong></span> <span class='ocrx_word' id='word_1_86' title='bbox 418 1261 514 1324; x_wconf 86' lang='lat' dir='ltr'><strong>verba</strong></span> <span class='ocrx_word' id='word_1_87' title='bbox 528 1270 614 1340; x_wconf 86' lang='lat' dir='ltr'><strong>sunt,</strong></span> <span class='ocrx_word' id='word_1_88' title='bbox 630 1263 682 1324; x_wconf 81' lang='lat' dir='ltr'><strong>Ab</strong></span> <span class='ocrx_word' id='word_1_89' title='bbox 698 1265 780 1325; x_wconf 83' lang='lat' dir='ltr'><strong>omni</strong></span> <span class='ocrx_word' id='word_1_90' title='bbox 789 1268 886 1343; x_wconf 79' lang='lat' dir='ltr'><strong>parte</strong></span> <span class='ocrx_word' id='word_1_91' title='bbox 893 1261 1008 1342; x_wconf 82' lang='lat' dir='ltr'><strong>salsa?</strong></span> 
     </span>
    </p>

    <p class='ocr_par' dir='ltr' id='par_1_4' title="bbox 100 1363 1208 2167">
     <span class='ocr_line' id='line_1_11' title="bbox 153 1363 1208 1448; baseline 0.001 -22"><span class='ocrx_word' id='word_1_92' title='bbox 153 1364 228 1441; x_wconf 87' lang='lat' dir='ltr'>Sed,</span> <span class='ocrx_word' id='word_1_93' title='bbox 250 1363 304 1427; x_wconf 88' lang='lat' dir='ltr'><strong>alii</strong></span> <span class='ocrx_word' id='word_1_94' title='bbox 325 1365 404 1443; x_wconf 84' lang='lat' dir='ltr'><strong>haec,</strong></span> <span class='ocrx_word' id='word_1_95' title='bbox 428 1386 523 1448; x_wconf 89' lang='lat' dir='ltr'><strong>quam</strong></span> <span class='ocrx_word' id='word_1_96' title='bbox 548 1387 614 1428; x_wconf 91' lang='lat' dir='ltr'><strong>non</strong></span> <span class='ocrx_word' id='word_1_97' title='bbox 637 1374 760 1429; x_wconf 91' lang='lat' dir='ltr'><strong>morate</strong></span> <span class='ocrx_word' id='word_1_98' title='bbox 781 1366 920 1442; x_wconf 86' lang='lat' dir='ltr'><strong>videant,</strong></span> <span class='ocrx_word' id='word_1_99' title='bbox 938 1387 997 1429; x_wconf 87' lang='lat' dir='ltr'><strong>nos</strong></span> <span class='ocrx_word' id='word_1_100' title='bbox 1021 1386 1118 1448; x_wconf 89' lang='lat' dir='ltr'><strong>quam</strong></span> <span class='ocrx_word' id='word_1_101' title='bbox 1141 1385 1208 1427; x_wconf 91' lang='lat' dir='ltr'><strong>non</strong></span> 
     </span>
     <span class='ocr_line' id='line_1_12' title="bbox 106 1468 1207 1550; baseline 0.002 -22"><span class='ocrx_word' id='word_1_102' title='bbox 106 1487 192 1530; x_wconf 86' lang='lat' dir='ltr'><strong>vere.</strong></span> <span class='ocrx_word' id='word_1_103' title='bbox 238 1469 316 1532; x_wconf 91' lang='lat' dir='ltr'><strong>Una</strong></span> <span class='ocrx_word' id='word_1_104' title='bbox 343 1469 392 1550; x_wconf 88' lang='lat' dir='ltr'><strong>(ut</strong></span> <span class='ocrx_word' id='word_1_105' title='bbox 422 1468 521 1550; x_wconf 90' lang='lat' dir='ltr'><strong>vides)</strong></span> <span class='ocrx_word' id='word_1_106' title='bbox 547 1469 646 1533; x_wconf 87' lang='lat' dir='ltr'><strong>litura</strong></span> <span class='ocrx_word' id='word_1_107' title='bbox 673 1471 806 1533; x_wconf 85' lang='lat' dir='ltr'><strong>titulum</strong></span> <span class='ocrx_word' id='word_1_108' title='bbox 844 1469 969 1533; x_wconf 87' lang='lat' dir='ltr'><strong>inducit</strong></span> <span class='ocrx_word' id='word_1_109' title='bbox 995 1474 1100 1533; x_wconf 87' lang='lat' dir='ltr'><strong>totum</strong></span> <span class='ocrx_word' id='word_1_110' title='bbox 1111 1495 1121 1546; x_wconf 76' lang='lat'><em>3</em></span> <span class='ocrx_word' id='word_1_111' title='bbox 1155 1469 1207 1530; x_wconf 76' lang='lat' dir='ltr'><strong>Ab</strong></span> 
     </span>
     <span class='ocr_line' id='line_1_13' title="bbox 105 1570 1207 1657; baseline 0.003 -25"><span class='ocrx_word' id='word_1_112' title='bbox 105 1572 191 1633; x_wconf 80' lang='lat' dir='ltr'><strong>omni</strong></span> <span class='ocrx_word' id='word_1_113' title='bbox 208 1577 304 1652; x_wconf 81' lang='lat' dir='ltr'><strong>parte</strong></span> <span class='ocrx_word' id='word_1_114' title='bbox 318 1570 418 1652; x_wconf 84' lang='lat' dir='ltr'><strong>salsa.</strong></span> <span class='ocrx_word' id='word_1_115' title='bbox 463 1574 534 1636; x_wconf 91' lang='lat' dir='ltr'><strong>Nee</strong></span> <span class='ocrx_word' id='word_1_116' title='bbox 559 1575 729 1657; x_wconf 90' lang='lat' dir='ltr'><strong>quiequam</strong></span> <span class='ocrx_word' id='word_1_117' title='bbox 754 1574 788 1636; x_wconf 91' lang='lat' dir='ltr'><strong>in</strong></span> <span class='ocrx_word' id='word_1_118' title='bbox 812 1595 850 1636; x_wconf 93' lang='lat' dir='ltr'><strong>eo</strong></span> <span class='ocrx_word' id='word_1_119' title='bbox 871 1573 1033 1656; x_wconf 88' lang='lat' dir='ltr'><strong>reliquum</strong></span> <span class='ocrx_word' id='word_1_120' title='bbox 1057 1571 1144 1651; x_wconf 81' lang='lat' dir='ltr'><strong>facit,</strong></span> <span class='ocrx_word' id='word_1_121' title='bbox 1169 1580 1207 1635; x_wconf 87' lang='lat' dir='ltr'><strong>ut</strong></span> 
     </span>
     <span class='ocr_line' id='line_1_14' title="bbox 104 1672 1207 1756; baseline 0.003 -22"><span class='ocrx_word' id='word_1_122' title='bbox 104 1672 236 1736; x_wconf 85' lang='lat' dir='ltr'><strong>nonsit</strong></span> <span class='ocrx_word' id='word_1_123' title='bbox 256 1673 325 1756; x_wconf 86' lang='lat' dir='ltr'><strong>jam</strong></span> <span class='ocrx_word' id='word_1_124' title='bbox 351 1675 547 1753; x_wconf 72' lang='lat' dir='ltr'><strong>Christiane,</strong></span> <span class='ocrx_word' id='word_1_125' title='bbox 570 1698 631 1739; x_wconf 82' lang='lat' dir='ltr'><strong>non</strong></span> <span class='ocrx_word' id='word_1_126' title='bbox 656 1677 833 1753; x_wconf 72' lang='lat' dir='ltr'><strong>Catholicae,</strong></span> <span class='ocrx_word' id='word_1_127' title='bbox 849 1697 910 1738; x_wconf 84' lang='lat' dir='ltr'><strong>non</strong></span> <span class='ocrx_word' id='word_1_128' title='bbox 932 1675 1129 1756; x_wconf 81' lang='lat' dir='ltr'><strong>Apostolicoe,</strong></span> <span class='ocrx_word' id='word_1_129' title='bbox 1145 1695 1207 1737; x_wconf 79' lang='lat' dir='ltr'><strong>non</strong></span> 
     </span>
     <span class='ocr_line' id='line_1_15' title="bbox 100 1775 1205 1861; baseline 0.003 -25"><span class='ocrx_word' id='word_1_130' title='bbox 100 1775 282 1854; x_wconf 76' lang='lat' dir='ltr'><strong>primitivae,</strong></span> <span class='ocrx_word' id='word_1_131' title='bbox 305 1776 444 1860; x_wconf 91' lang='lat' dir='ltr'><strong>denique</strong></span> <span class='ocrx_word' id='word_1_132' title='bbox 464 1801 529 1842; x_wconf 91' lang='lat' dir='ltr'><strong>non</strong></span> <span class='ocrx_word' id='word_1_133' title='bbox 552 1779 602 1843; x_wconf 90' lang='lat' dir='ltr'><strong>vel</strong></span> <span class='ocrx_word' id='word_1_134' title='bbox 623 1781 824 1861; x_wconf 70' lang='lat' dir='ltr'><strong>Propaqator</strong></span> <span class='ocrx_word' id='word_1_135' title='bbox 842 1779 892 1841; x_wconf 83' lang='lat' dir='ltr'><strong>vel</strong></span> <span class='ocrx_word' id='word_1_136' title='bbox 908 1775 1060 1857; x_wconf 77' lang='lat' dir='ltr'><strong>defensor.</strong></span> <span class='ocrx_word' id='word_1_137' title='bbox 1113 1778 1205 1855; x_wconf 79' lang='lat' dir='ltr'><strong>Atat,</strong></span> 
     </span>
     <span class='ocr_line' id='line_1_16' title="bbox 106 1878 1205 1963; baseline 0.002 -23"><span class='ocrx_word' id='word_1_138' title='bbox 106 1898 204 1959; x_wconf 90' lang='lat' dir='ltr'><strong>quam</strong></span> <span class='ocrx_word' id='word_1_139' title='bbox 223 1878 316 1944; x_wconf 91' lang='lat' dir='ltr'><strong>initio</strong></span> <span class='ocrx_word' id='word_1_140' title='bbox 338 1881 447 1944; x_wconf 86' lang='lat' dir='ltr'><strong>statim</strong></span> <span class='ocrx_word' id='word_1_141' title='bbox 462 1882 690 1946; x_wconf 79' lang='lat' dir='ltr'><strong>truculentus?</strong></span> <span class='ocrx_word' id='word_1_142' title='bbox 713 1882 922 1947; x_wconf 80' lang='lat' dir='ltr'><strong>Excutiamus</strong></span> <span class='ocrx_word' id='word_1_143' title='bbox 941 1889 1051 1944; x_wconf 89' lang='lat' dir='ltr'><strong>tamen</strong></span> <span class='ocrx_word' id='word_1_144' title='bbox 1068 1880 1205 1963; x_wconf 86' lang='lat' dir='ltr'><strong>singula,</strong></span> 
     </span>
     <span class='ocr_line' id='line_1_17' title="bbox 105 1982 1207 2064; baseline 0 -21"><span class='ocrx_word' id='word_1_145' title='bbox 105 1989 145 2043; x_wconf 89' lang='lat' dir='ltr'><strong>ut</strong></span> <span class='ocrx_word' id='word_1_146' title='bbox 174 2003 357 2064; x_wconf 85' lang='lat' dir='ltr'><strong>regeramus</strong></span> <span class='ocrx_word' id='word_1_147' title='bbox 387 1984 417 2046; x_wconf 92' lang='lat' dir='ltr'><strong>ei</strong></span> <span class='ocrx_word' id='word_1_148' title='bbox 443 1984 669 2050; x_wconf 87' lang='lat' dir='ltr'><strong>salutationem</strong></span> <span class='ocrx_word' id='word_1_149' title='bbox 695 2007 795 2050; x_wconf 89' lang='lat' dir='ltr'><strong>suam.</strong></span> <span class='ocrx_word' id='word_1_150' title='bbox 841 1986 918 2048; x_wconf 84' lang='lat' dir='ltr'><strong>Haec</strong></span> <span class='ocrx_word' id='word_1_151' title='bbox 941 1983 1137 2064; x_wconf 73' lang='lat' dir='ltr'><strong>reprehensio</strong></span> <span class='ocrx_word' id='word_1_152' title='bbox 1167 1982 1207 2044; x_wconf 84' lang='lat' dir='ltr'><strong>ab</strong></span> 
     </span>
     <span class='ocr_line' id='line_1_18' title="bbox 105 2085 691 2167; baseline 0.012 -21"><span class='ocrx_word' id='word_1_153' title='bbox 105 2089 192 2149; x_wconf 79' lang='lat' dir='ltr'><strong>omni</strong></span> <span class='ocrx_word' id='word_1_154' title='bbox 199 2093 295 2166; x_wconf 80' lang='lat' dir='ltr'><strong>porte</strong></span> <span class='ocrx_word' id='word_1_155' title='bbox 302 2085 392 2167; x_wconf 82' lang='lat' dir='ltr'><strong>salsa</strong></span> <span class='ocrx_word' id='word_1_156' title='bbox 407 2109 472 2151; x_wconf 87' lang='lat' dir='ltr'><strong>esse</strong></span> <span class='ocrx_word' id='word_1_157' title='bbox 487 2092 691 2154; x_wconf 81' lang='lat' dir='ltr'><strong>convincitur.</strong></span> 
     </span>
    </p>

    <p class='ocr_par' dir='ltr' id='par_1_5' title="bbox 138 2210 1208 2291">
     <span class='ocr_line' id='line_1_19' title="bbox 138 2210 1208 2291; baseline 0.003 -22"><span class='ocrx_word' id='word_1_158' title='bbox 138 2220 254 2271; x_wconf 87' lang='lat' dir='ltr'><strong>Primum</strong></span> <span class='ocrx_word' id='word_1_159' title='bbox 265 2224 333 2273; x_wconf 89' lang='lat' dir='ltr'><strong>enim</strong></span> <span class='ocrx_word' id='word_1_160' title='bbox 345 2224 415 2285; x_wconf 82' lang='lat' dir='ltr'><strong>fides,</strong></span> <span class='ocrx_word' id='word_1_161' title='bbox 422 2241 498 2289; x_wconf 83' lang='lat' dir='ltr'><strong>quam</strong></span> <span class='ocrx_word' id='word_1_162' title='bbox 508 2227 561 2277; x_wconf 85' lang='lat' dir='ltr'><strong>Rex</strong></span> <span class='ocrx_word' id='word_1_163' title='bbox 573 2228 695 2288; x_wconf 82' lang='lat' dir='ltr'><strong>defendit,</strong></span> <span class='ocrx_word' id='word_1_164' title='bbox 705 2243 757 2277; x_wconf 92' lang='lat' dir='ltr'><strong>non</strong></span> <span class='ocrx_word' id='word_1_165' title='bbox 768 2231 852 2291; x_wconf 81' lang='lat' dir='ltr'><strong>potest</strong></span> <span class='ocrx_word' id='word_1_166' title='bbox 863 2240 915 2276; x_wconf 81' lang='lat' dir='ltr'><strong>esse</strong></span> <span class='ocrx_word' id='word_1_167' title='bbox 926 2239 984 2275; x_wconf 84' lang='lat' dir='ltr'><strong>vero</strong></span> <span class='ocrx_word' id='word_1_168' title='bbox 991 2223 1145 2284; x_wconf 77' lang='lat' dir='ltr'><strong>Christiana,</strong></span> <span class='ocrx_word' id='word_1_169' title='bbox 1156 2210 1208 2273; x_wconf 87' lang='lat' dir='ltr'><strong>nisi</strong></span> 
     </span>
    </p>
   </div>
   <div class='ocr_carea' id='block_1_3' title="bbox 170 2303 1206 2457">
    <p class='ocr_par' dir='ltr' id='par_1_6' title="bbox 170 2303 1206 2457">
     <span class='ocr_line' id='line_1_20' title="bbox 172 2303 1206 2374; baseline 0 -20"><span class='ocrx_word' id='word_1_170' title='bbox 172 2303 484 2358; x_wconf 78' lang='lat' dir='ltr'><strong>Christirorbssintialsa</strong></span> <span class='ocrx_word' id='word_1_171' title='bbox 505 2310 618 2359; x_wconf 82' lang='lat' dir='ltr'><strong>Damnat</strong></span> <span class='ocrx_word' id='word_1_172' title='bbox 627 2310 680 2360; x_wconf 86' lang='lat' dir='ltr'><strong>Rex</strong></span> <span class='ocrx_word' id='word_1_173' title='bbox 688 2308 1074 2374; x_wconf 76' lang='lat' dir='ltr'><strong>inhscipsal‘raefstlono,p.42.</strong></span> <span class='ocrx_word' id='word_1_174' title='bbox 1083 2305 1206 2356; x_wconf 62' lang='lat' dir='ltr'><strong>&#39;Pransols</strong></span> 
     </span>
     <span class='ocr_line' id='line_1_21' title="bbox 170 2388 1205 2457; baseline 0.001 -20"><span class='ocrx_word' id='word_1_175' title='bbox 170 2389 484 2456; x_wconf 61' lang='lat' dir='ltr'><strong>nuntiationem-[Bell.</strong></span> <span class='ocrx_word' id='word_1_176' title='bbox 496 2393 570 2456; x_wconf 82' lang='lat' dir='ltr'><strong>Apol.</strong></span> <span class='ocrx_word' id='word_1_177' title='bbox 582 2407 628 2456; x_wconf 90' lang='lat' dir='ltr'><strong>pro</strong></span> <span class='ocrx_word' id='word_1_178' title='bbox 640 2392 728 2457; x_wconf 83' lang='lat' dir='ltr'><strong>Resp]</strong></span> <span class='ocrx_word' id='word_1_179' title='bbox 746 2408 770 2456; x_wconf 88' lang='lat' dir='ltr'><strong>p.</strong></span> <span class='ocrx_word' id='word_1_180' title='bbox 783 2395 806 2442; x_wconf 77' lang='grc' dir='ltr'><strong>ὅ.</strong></span> <span class='ocrx_word' id='word_1_181' title='bbox 824 2391 893 2455; x_wconf 82' lang='lat' dir='ltr'><strong>[Op.,</strong></span> <span class='ocrx_word' id='word_1_182' title='bbox 905 2395 966 2440; x_wconf 91' lang='lat' dir='ltr'><strong>tom.</strong></span> <span class='ocrx_word' id='word_1_183' title='bbox 978 2391 1023 2440; x_wconf 82' lang='lat' dir='ltr'><strong>vii.</strong></span> <span class='ocrx_word' id='word_1_184' title='bbox 1035 2390 1081 2439; x_wconf 88' lang='lat' dir='ltr'><strong>col.</strong></span> <span class='ocrx_word' id='word_1_185' title='bbox 1094 2389 1150 2441; x_wconf 74' lang='lat'>707.</span> <span class='ocrx_word' id='word_1_186' title='bbox 1163 2388 1205 2451; x_wconf 82' lang='grc'><strong>0.]</strong></span> 
     </span>
    </p>
   </div>
   <div class='ocr_carea' id='block_1_4' title="bbox 153 2505 1378 2627">
    <p class='ocr_par' dir='ltr' id='par_1_7' title="bbox 153 2505 1378 2627">
     <span class='ocr_line' id='line_1_22' title="bbox 153 2505 1378 2627; baseline -0.001 -61"><span class='ocrx_word' id='word_1_187' title='bbox 153 2505 424 2587; x_wconf 73' lang='lat' dir='ltr'><strong>Christianaefidei</strong></span> <span class='ocrx_word' id='word_1_188' title='bbox 440 2509 509 2571; x_wconf 79' lang='lat' dir='ltr'><strong>Rex</strong></span> <span class='ocrx_word' id='word_1_189' title='bbox 520 2506 675 2589; x_wconf 80' lang='lat' dir='ltr'><strong>Defensor</strong></span> <span class='ocrx_word' id='word_1_190' title='bbox 689 2530 750 2572; x_wconf 83' lang='lat' dir='ltr'><strong>noa</strong></span> <span class='ocrx_word' id='word_1_191' title='bbox 765 2515 821 2572; x_wconf 85' lang='lat' dir='ltr'><strong>est.</strong></span> <span class='ocrx_word' id='word_1_192' title='bbox 864 2509 973 2574; x_wconf 77' lang='lat' dir='ltr'><strong>Quare</strong></span> <span class='ocrx_word' id='word_1_193' title='bbox 989 2513 1099 2570; x_wconf 87' lang='lat' dir='ltr'><strong>autem</strong></span> <span class='ocrx_word' id='word_1_194' title='bbox 1114 2506 1204 2570; x_wconf 84' lang='lat' dir='ltr'><strong>non?</strong></span> <span class='ocrx_word' id='word_1_195' title='bbox 1217 2513 1378 2627; x_wconf 38' lang='lat' dir='ltr'><strong>kQuanqnsm</strong></span> 
     </span>
    </p>
   </div>
   <div class='ocr_carea' id='block_1_5' title="bbox 105 2578 1358 2693">
    <p class='ocr_par' dir='ltr' id='par_1_8' title="bbox 105 2578 1358 2693">
     <span class='ocr_line' id='line_1_23' title="bbox 160 2578 1339 2629; baseline -0.003 1"><span class='ocrx_word' id='word_1_196' title='bbox 160 2610 167 2623; x_wconf 86' lang='lat'><strong>·</strong></span> <span class='ocrx_word' id='word_1_197' title='bbox 296 2609 302 2621; x_wconf 90' lang='lat'>·</span> <span class='ocrx_word' id='word_1_198' title='bbox 666 2616 672 2628; x_wconf 88' lang='lat'>.</span> <span class='ocrx_word' id='word_1_199' title='bbox 714 2616 720 2629; x_wconf 93' lang='lat'><strong><em>.</em></strong></span> <span class='ocrx_word' id='word_1_200' title='bbox 767 2616 773 2629; x_wconf 93' lang='lat'><strong><em>.</em></strong></span> <span class='ocrx_word' id='word_1_201' title='bbox 1081 2612 1088 2626; x_wconf 84' lang='grc'><strong>.</strong></span> <span class='ocrx_word' id='word_1_202' title='bbox 1129 2613 1135 2625; x_wconf 90' lang='grc'><strong><em>.</em></strong></span> <span class='ocrx_word' id='word_1_203' title='bbox 1182 2611 1189 2624; x_wconf 84' lang='lat'><strong>·</strong></span> <span class='ocrx_word' id='word_1_204' title='bbox 1240 2578 1339 2628; x_wconf 59' lang='lat' dir='ltr'><strong>rennuis</strong></span> 
     </span>
     <span class='ocr_line' id='line_1_24' title="bbox 105 2610 1358 2693; baseline 0.002 -22"><span class='ocrx_word' id='word_1_205' title='bbox 105 2610 226 2687; x_wconf 80' lang='lat' dir='ltr'><strong>Promo,</strong></span> <span class='ocrx_word' id='word_1_206' title='bbox 251 2632 326 2692; x_wconf 79' lang='lat' dir='ltr'><strong>quia</strong></span> <span class='ocrx_word' id='word_1_207' title='bbox 346 2633 413 2674; x_wconf 90' lang='lat' dir='ltr'><strong>non</strong></span> <span class='ocrx_word' id='word_1_208' title='bbox 433 2613 800 2678; x_wconf 76' lang='lat' dir='ltr'><strong>Pransubstoatcatrooar.</strong></span> <span class='ocrx_word' id='word_1_209' title='bbox 849 2613 1205 2676; x_wconf 79' lang='lat' dir='ltr'><strong>Transabslaatsotroms</strong></span> <span class='ocrx_word' id='word_1_210' title='bbox 1217 2644 1358 2693; x_wconf 56' lang='lat' dir='ltr'><strong>mmm„</strong></span> 
     </span>
    </p>
   </div>
   <div class='ocr_carea' id='block_1_6' title="bbox 105 2707 1356 2801">
    <p class='ocr_par' dir='ltr' id='par_1_9' title="bbox 105 2707 1356 2801">
     <span class='ocr_line' id='line_1_25' title="bbox 105 2707 1356 2801; baseline 0 -27"><span class='ocrx_word' id='word_1_211' title='bbox 105 2714 240 2776; x_wconf 85' lang='lat' dir='ltr'><strong>autem?</strong></span> <span class='ocrx_word' id='word_1_212' title='bbox 263 2714 378 2777; x_wconf 91' lang='lat' dir='ltr'><strong>Mirari</strong></span> <span class='ocrx_word' id='word_1_213' title='bbox 393 2737 514 2793; x_wconf 88' lang='lat' dir='ltr'><strong>omnes,</strong></span> <span class='ocrx_word' id='word_1_214' title='bbox 530 2738 590 2780; x_wconf 90' lang='lat' dir='ltr'><strong>nee</strong></span> <span class='ocrx_word' id='word_1_215' title='bbox 609 2717 726 2799; x_wconf 87' lang='lat' dir='ltr'><strong>(credo)</strong></span> <span class='ocrx_word' id='word_1_216' title='bbox 745 2717 847 2801; x_wconf 87' lang='lat' dir='ltr'><strong>risum</strong></span> <span class='ocrx_word' id='word_1_217' title='bbox 863 2726 984 2794; x_wconf 91' lang='lat' dir='ltr'><strong>tenere,</strong></span> <span class='ocrx_word' id='word_1_218' title='bbox 1000 2723 1085 2778; x_wconf 86' lang='lat' dir='ltr'><strong>stare</strong></span> <span class='ocrx_word' id='word_1_219' title='bbox 1102 2714 1155 2776; x_wconf 92' lang='lat' dir='ltr'><strong>hie</strong></span> <span class='ocrx_word' id='word_1_220' title='bbox 1170 2712 1205 2774; x_wconf 92' lang='lat' dir='ltr'><strong>iu</strong></span> <span class='ocrx_word' id='word_1_221' title='bbox 1217 2724 1276 2758; x_wconf 82' lang='lat' dir='ltr'><strong>nem</strong></span> <span class='ocrx_word' id='word_1_222' title='bbox 1288 2707 1356 2758; x_wconf 71' lang='lat'><strong>&lt;¹⁸¹⁰-</strong></span> 
     </span>
    </p>
   </div>
   <div class='ocr_carea' id='block_1_7' title="bbox 104 2773 1283 2903">
    <p class='ocr_par' dir='ltr' id='par_1_10' title="bbox 104 2773 1283 2903">
     <span class='ocr_line' id='line_1_26' title="bbox 104 2773 1283 2903; baseline -0.006 -24"><span class='ocrx_word' id='word_1_223' title='bbox 104 2815 210 2899; x_wconf 89' lang='lat' dir='ltr'><strong>prima</strong></span> <span class='ocrx_word' id='word_1_224' title='bbox 224 2815 292 2880; x_wconf 91' lang='lat' dir='ltr'><strong>aeie</strong></span> <span class='ocrx_word' id='word_1_225' title='bbox 311 2818 704 2894; x_wconf 74' lang='lat' dir='ltr'><strong>llaasabstaalialiorrem;</strong></span> <span class='ocrx_word' id='word_1_226' title='bbox 728 2820 817 2903; x_wconf 87' lang='lat' dir='ltr'><strong>quasi</strong></span> <span class='ocrx_word' id='word_1_227' title='bbox 833 2827 941 2883; x_wconf 91' lang='lat' dir='ltr'><strong>actum</strong></span> <span class='ocrx_word' id='word_1_228' title='bbox 953 2819 993 2882; x_wconf 92' lang='lat' dir='ltr'><strong>de</strong></span> <span class='ocrx_word' id='word_1_229' title='bbox 1007 2819 1085 2881; x_wconf 79' lang='lat' dir='ltr'><strong>Fide</strong></span> <span class='ocrx_word' id='word_1_230' title='bbox 1099 2818 1205 2879; x_wconf 76' lang='lat' dir='ltr'><strong>Cirris-</strong></span> <span class='ocrx_word' id='word_1_231' title='bbox 1217 2773 1283 2836; x_wconf 56' lang='lat' dir='ltr'><strong>m]</strong></span> 
     </span>
    </p>
   </div>
   <div class='ocr_carea' id='block_1_8' title="bbox 104 2919 1207 3724">
    <p class='ocr_par' dir='ltr' id='par_1_11' title="bbox 104 2919 1207 3724">
     <span class='ocr_line' id='line_1_27' title="bbox 106 2919 1205 3005; baseline 0.004 -27"><span class='ocrx_word' id='word_1_232' title='bbox 106 2919 205 2996; x_wconf 80' lang='lat' dir='ltr'><strong>tiana,</strong></span> <span class='ocrx_word' id='word_1_233' title='bbox 221 2919 284 3001; x_wconf 82' lang='lat' dir='ltr'><strong>nisi</strong></span> <span class='ocrx_word' id='word_1_234' title='bbox 300 2921 423 2984; x_wconf 88' lang='lat' dir='ltr'><strong>substet</strong></span> <span class='ocrx_word' id='word_1_235' title='bbox 438 2921 501 2984; x_wconf 84' lang='lat' dir='ltr'><strong>illa.</strong></span> <span class='ocrx_word' id='word_1_236' title='bbox 543 2923 624 2985; x_wconf 83' lang='lat' dir='ltr'><strong>Earn</strong></span> <span class='ocrx_word' id='word_1_237' title='bbox 639 2922 724 2985; x_wconf 84' lang='lat' dir='ltr'><strong>tanti</strong></span> <span class='ocrx_word' id='word_1_238' title='bbox 738 2943 809 2985; x_wconf 85' lang='lat' dir='ltr'><strong>esse</strong></span> <span class='ocrx_word' id='word_1_239' title='bbox 826 2921 909 3005; x_wconf 84' lang='lat' dir='ltr'><strong>apud</strong></span> <span class='ocrx_word' id='word_1_240' title='bbox 926 2921 1141 2998; x_wconf 76' lang='lat' dir='ltr'><strong>cardinalem,</strong></span> <span class='ocrx_word' id='word_1_241' title='bbox 1157 2928 1205 2991; x_wconf 89' lang='lat' dir='ltr'><strong>ut,</strong></span> 
     </span>
     <span class='ocr_line' id='line_1_28' title="bbox 105 3021 1207 3106; baseline 0 -22"><span class='ocrx_word' id='word_1_242' title='bbox 105 3021 162 3084; x_wconf 91' lang='lat' dir='ltr'><strong>ubi</strong></span> <span class='ocrx_word' id='word_1_243' title='bbox 184 3044 302 3086; x_wconf 91' lang='lat' dir='ltr'><strong>nomen</strong></span> <span class='ocrx_word' id='word_1_244' title='bbox 325 3024 513 3087; x_wconf 72' lang='lat' dir='ltr'><strong>Christianae</strong></span> <span class='ocrx_word' id='word_1_245' title='bbox 521 3024 601 3105; x_wconf 82' lang='lat' dir='ltr'><strong>fidei</strong></span> <span class='ocrx_word' id='word_1_246' title='bbox 625 3025 723 3088; x_wconf 89' lang='lat' dir='ltr'><strong>semel</strong></span> <span class='ocrx_word' id='word_1_247' title='bbox 744 3025 957 3103; x_wconf 89' lang='lat' dir='ltr'><strong>nominatum,</strong></span> <span class='ocrx_word' id='word_1_248' title='bbox 974 3023 1083 3087; x_wconf 85' lang='lat' dir='ltr'><strong>statim</strong></span> <span class='ocrx_word' id='word_1_249' title='bbox 1103 3021 1207 3106; x_wconf 88' lang='lat' dir='ltr'><strong>prima</strong></span> 
     </span>
     <span class='ocr_line' id='line_1_29' title="bbox 104 3123 1205 3208; baseline 0.002 -23"><span class='ocrx_word' id='word_1_250' title='bbox 104 3123 153 3186; x_wconf 91' lang='lat' dir='ltr'><strong>illi</strong></span> <span class='ocrx_word' id='word_1_251' title='bbox 169 3132 244 3188; x_wconf 87' lang='lat' dir='ltr'><strong>ante</strong></span> <span class='ocrx_word' id='word_1_252' title='bbox 259 3146 371 3188; x_wconf 89' lang='lat' dir='ltr'><strong>omnes</strong></span> <span class='ocrx_word' id='word_1_253' title='bbox 389 3126 693 3190; x_wconf 80' lang='lat' dir='ltr'><strong>Transubstaatictio</strong></span> <span class='ocrx_word' id='word_1_254' title='bbox 708 3127 743 3189; x_wconf 92' lang='lat' dir='ltr'><strong>in</strong></span> <span class='ocrx_word' id='word_1_255' title='bbox 758 3135 902 3189; x_wconf 89' lang='lat' dir='ltr'><strong>mentem</strong></span> <span class='ocrx_word' id='word_1_256' title='bbox 918 3125 1036 3203; x_wconf 86' lang='lat' dir='ltr'><strong>veniat,</strong></span> <span class='ocrx_word' id='word_1_257' title='bbox 1054 3124 1154 3208; x_wconf 90' lang='lat' dir='ltr'><strong>quasi,</strong></span> <span class='ocrx_word' id='word_1_258' title='bbox 1170 3124 1205 3187; x_wconf 92' lang='lat' dir='ltr'><strong>in</strong></span> 
     </span>
     <span class='ocr_line' id='line_1_30' title="bbox 105 3227 1204 3311; baseline 0 -23"><span class='ocrx_word' id='word_1_259' title='bbox 105 3246 145 3288; x_wconf 88' lang='lat' dir='ltr'><strong>ea</strong></span> <span class='ocrx_word' id='word_1_260' title='bbox 166 3227 277 3309; x_wconf 75' lang='lat' dir='ltr'><strong>positae</strong></span> <span class='ocrx_word' id='word_1_261' title='bbox 300 3228 364 3291; x_wconf 87' lang='lat' dir='ltr'><strong>sint</strong></span> <span class='ocrx_word' id='word_1_262' title='bbox 385 3228 611 3311; x_wconf 82' lang='lat' dir='ltr'><strong>fortunaefidei</strong></span> <span class='ocrx_word' id='word_1_263' title='bbox 632 3229 732 3292; x_wconf 85' lang='lat' dir='ltr'><strong>totius</strong></span> <span class='ocrx_word' id='word_1_264' title='bbox 753 3237 786 3291; x_wconf 90' lang='lat' dir='ltr'><strong>et</strong></span> <span class='ocrx_word' id='word_1_265' title='bbox 807 3229 981 3310; x_wconf 76' lang='lat' dir='ltr'><strong>Relipionis</strong></span> <span class='ocrx_word' id='word_1_266' title='bbox 1004 3227 1204 3290; x_wconf 68' lang='lat' dir='ltr'><strong>Christianae.</strong></span> 
     </span>
     <span class='ocr_line' id='line_1_31' title="bbox 106 3329 1203 3416; baseline -0.002 -24"><span class='ocrx_word' id='word_1_267' title='bbox 106 3331 158 3393; x_wconf 93' lang='lat' dir='ltr'><strong>De</strong></span> <span class='ocrx_word' id='word_1_268' title='bbox 180 3331 309 3414; x_wconf 86' lang='lat' dir='ltr'><strong>reliquis</strong></span> <span class='ocrx_word' id='word_1_269' title='bbox 324 3353 429 3416; x_wconf 89' lang='lat' dir='ltr'><strong>porro,</strong></span> <span class='ocrx_word' id='word_1_270' title='bbox 445 3354 511 3395; x_wconf 91' lang='lat' dir='ltr'><strong>non</strong></span> <span class='ocrx_word' id='word_1_271' title='bbox 526 3331 617 3395; x_wconf 83' lang='lat' dir='ltr'><strong>valde</strong></span> <span class='ocrx_word' id='word_1_272' title='bbox 633 3332 796 3414; x_wconf 89' lang='lat' dir='ltr'><strong>auspicato</strong></span> <span class='ocrx_word' id='word_1_273' title='bbox 811 3331 871 3394; x_wconf 89' lang='lat' dir='ltr'><strong>sibi</strong></span> <span class='ocrx_word' id='word_1_274' title='bbox 887 3332 1005 3394; x_wconf 83' lang='lat' dir='ltr'><strong>Lector</strong></span> <span class='ocrx_word' id='word_1_275' title='bbox 1024 3329 1203 3393; x_wconf 86' lang='lat' dir='ltr'><strong>ominetur:</strong></span> 
     </span>
     <span class='ocr_line' id='line_1_32' title="bbox 104 3433 1206 3517; baseline -0.005 -21"><span class='ocrx_word' id='word_1_276' title='bbox 104 3441 286 3517; x_wconf 87' lang='lat' dir='ltr'><strong>postquam,</strong></span> <span class='ocrx_word' id='word_1_277' title='bbox 310 3457 436 3499; x_wconf 81' lang='lat' dir='ltr'><strong>exesam</strong></span> <span class='ocrx_word' id='word_1_278' title='bbox 466 3436 550 3499; x_wconf 85' lang='lat' dir='ltr'><strong>hane</strong></span> <span class='ocrx_word' id='word_1_279' title='bbox 580 3443 612 3497; x_wconf 87' lang='lat' dir='ltr'><strong>et</strong></span> <span class='ocrx_word' id='word_1_280' title='bbox 638 3435 757 3497; x_wconf 86' lang='lat' dir='ltr'><strong>victam</strong></span> <span class='ocrx_word' id='word_1_281' title='bbox 786 3433 827 3496; x_wconf 91' lang='lat' dir='ltr'><strong>de</strong></span> <span class='ocrx_word' id='word_1_282' title='bbox 859 3433 1206 3495; x_wconf 69' lang='lat' dir='ltr'><strong>Tlansubstaatiatione</strong></span> 
     </span>
     <span class='ocr_line' id='line_1_33' title="bbox 104 3532 1206 3622; baseline -0.004 -24"><span class='ocrx_word' id='word_1_283' title='bbox 104 3537 206 3616; x_wconf 88' lang='lat' dir='ltr'><strong>litem,</strong></span> <span class='ocrx_word' id='word_1_284' title='bbox 223 3538 269 3600; x_wconf 87' lang='lat' dir='ltr'><strong>ita</strong></span> <span class='ocrx_word' id='word_1_285' title='bbox 289 3547 454 3621; x_wconf 89' lang='lat' dir='ltr'><strong>pertusam</strong></span> <span class='ocrx_word' id='word_1_286' title='bbox 470 3540 539 3622; x_wconf 87' lang='lat' dir='ltr'><strong>jam</strong></span> <span class='ocrx_word' id='word_1_287' title='bbox 559 3538 665 3617; x_wconf 90' lang='lat' dir='ltr'><strong>toties,</strong></span> <span class='ocrx_word' id='word_1_288' title='bbox 686 3539 732 3601; x_wconf 86' lang='lat' dir='ltr'><strong>ita</strong></span> <span class='ocrx_word' id='word_1_289' title='bbox 754 3536 897 3620; x_wconf 89' lang='lat' dir='ltr'><strong>undique</strong></span> <span class='ocrx_word' id='word_1_290' title='bbox 917 3534 1103 3618; x_wconf 84' lang='lat' dir='ltr'><strong>perfossam,</strong></span> <span class='ocrx_word' id='word_1_291' title='bbox 1119 3532 1206 3597; x_wconf 86' lang='lat' dir='ltr'><strong>videt</strong></span> 
     </span>
     <span class='ocr_line' id='line_1_34' title="bbox 106 3639 546 3724; baseline 0.005 -23"><span class='ocrx_word' id='word_1_292' title='bbox 106 3639 272 3703; x_wconf 83' lang='lat' dir='ltr'><strong>Cardinali</strong></span> <span class='ocrx_word' id='word_1_293' title='bbox 287 3662 403 3724; x_wconf 85' lang='lat' dir='ltr'><strong>agmen</strong></span> <span class='ocrx_word' id='word_1_294' title='bbox 419 3641 546 3705; x_wconf 86' lang='lat' dir='ltr'><strong>ducere.</strong></span> 
     </span>
    </p>
   </div>
   <div class='ocr_carea' id='block_1_9' title="bbox 147 3737 1358 3866">
    <p class='ocr_par' dir='ltr' id='par_1_12' title="bbox 147 3737 1358 3866">
     <span class='ocr_line' id='line_1_35' title="bbox 147 3737 1358 3866; baseline -0.007 -62"><span class='ocrx_word' id='word_1_295' title='bbox 147 3742 197 3804; x_wconf 86' lang='lat' dir='ltr'><strong>De</strong></span> <span class='ocrx_word' id='word_1_296' title='bbox 223 3743 567 3806; x_wconf 72' lang='lat' dir='ltr'><strong>liansabstaatiatc&#39;one</strong></span> <span class='ocrx_word' id='word_1_297' title='bbox 586 3742 662 3825; x_wconf 92' lang='lat' dir='ltr'><strong>quid</strong></span> <span class='ocrx_word' id='word_1_298' title='bbox 680 3742 779 3805; x_wconf 87' lang='lat' dir='ltr'><strong>habet</strong></span> <span class='ocrx_word' id='word_1_299' title='bbox 800 3741 893 3804; x_wconf 80' lang='lat' dir='ltr'><strong>Rex?</strong></span> <span class='ocrx_word' id='word_1_300' title='bbox 941 3743 969 3803; x_wconf 91' lang='lat'><strong>1.</strong></span> <span class='ocrx_word' id='word_1_301' title='bbox 993 3737 1206 3854; x_wconf 30' lang='lat' dir='ltr'><strong>Novitiamuet</strong></span> <span class='ocrx_word' id='word_1_302' title='bbox 1219 3750 1358 3866; x_wconf 42' lang='lat' dir='ltr'><strong>{maros</strong></span> 
     </span>
    </p>
   </div>
   <div class='ocr_carea' id='block_1_10' title="bbox 101 3842 1343 4139">
    <p class='ocr_par' dir='ltr' id='par_1_13' title="bbox 101 3842 1343 4139">
     <span class='ocr_line' id='line_1_36' title="bbox 104 3842 1343 3944; baseline -0.005 -36"><span class='ocrx_word' id='word_1_303' title='bbox 104 3865 255 3926; x_wconf 73' lang='lat' dir='ltr'><strong>asperam</strong></span> <span class='ocrx_word' id='word_1_304' title='bbox 277 3867 351 3924; x_wconf 86' lang='lat' dir='ltr'><strong>esse,</strong></span> <span class='ocrx_word' id='word_1_305' title='bbox 368 3849 451 3910; x_wconf 81' lang='lat' dir='ltr'><strong>inter</strong></span> <span class='ocrx_word' id='word_1_306' title='bbox 470 3848 561 3909; x_wconf 83' lang='lat' dir='ltr'><strong>Fidei</strong></span> <span class='ocrx_word' id='word_1_307' title='bbox 581 3848 740 3924; x_wconf 83' lang='lat' dir='ltr'><strong>articulos,</strong></span> <span class='ocrx_word' id='word_1_308' title='bbox 757 3855 829 3908; x_wconf 84' lang='lat' dir='ltr'><strong>ante</strong></span> <span class='ocrx_word' id='word_1_309' title='bbox 850 3866 964 3908; x_wconf 82' lang='lat' dir='ltr'><strong>onnam</strong></span> <span class='ocrx_word' id='word_1_310' title='bbox 982 3842 1101 3905; x_wconf 75' lang='lat' dir='ltr'><strong>Christi</strong></span> <span class='ocrx_word' id='word_1_311' title='bbox 1116 3861 1205 3923; x_wconf 83' lang='lat' dir='ltr'><strong>qom-</strong></span> <span class='ocrx_word' id='word_1_312' title='bbox 1219 3895 1343 3944; x_wconf 77' lang='lat' dir='ltr'><strong>nuperum</strong></span> 
     </span>
     <span class='ocr_line' id='line_1_37' title="bbox 101 3944 1331 4031; baseline -0.005 -18"><span class='ocrx_word' id='word_1_313' title='bbox 101 3953 314 4031; x_wconf 74' lang='lat' dir='ltr'><strong>parcissimum,</strong></span> <span class='ocrx_word' id='word_1_314' title='bbox 336 3954 575 4030; x_wconf 62' lang='lat' dir='ltr'><strong>aecclaesiae</strong></span> <span class='ocrx_word' id='word_1_315' title='bbox 595 3951 747 4013; x_wconf 47' lang='lat' dir='ltr'><strong>auditos&amp;</strong></span> <span class='ocrx_word' id='word_1_316' title='bbox 793 3952 912 4013; x_wconf 88' lang='lat' dir='ltr'><strong>Parum</strong></span> <span class='ocrx_word' id='word_1_317' title='bbox 936 3948 1025 4011; x_wconf 85' lang='lat' dir='ltr'><strong>dixit.</strong></span> <span class='ocrx_word' id='word_1_318' title='bbox 1071 3946 1201 4009; x_wconf 89' lang='lat' dir='ltr'><strong>Poterat</strong></span> <span class='ocrx_word' id='word_1_319' title='bbox 1219 3944 1331 4009; x_wconf 78' lang='lat' dir='ltr'><strong>d0sm⁸d</strong></span> 
     </span>
     <span class='ocr_line' id='line_1_38' title="bbox 104 4046 1207 4139; baseline -0.006 -22"><span class='ocrx_word' id='word_1_320' title='bbox 104 4076 276 4118; x_wconf 89' lang='lat' dir='ltr'><strong>numerum</strong></span> <span class='ocrx_word' id='word_1_321' title='bbox 292 4056 466 4139; x_wconf 84' lang='lat' dir='ltr'><strong>geminare,</strong></span> <span class='ocrx_word' id='word_1_322' title='bbox 483 4064 525 4129; x_wconf 89' lang='lat' dir='ltr'><strong>et,</strong></span> <span class='ocrx_word' id='word_1_323' title='bbox 542 4077 600 4118; x_wconf 91' lang='lat' dir='ltr'><strong>nee</strong></span> <span class='ocrx_word' id='word_1_324' title='bbox 617 4061 691 4118; x_wconf 84' lang='lat' dir='ltr'><strong>ante</strong></span> <span class='ocrx_word' id='word_1_325' title='bbox 707 4056 839 4117; x_wconf 75' lang='lat' dir='ltr'><strong>alterum</strong></span> <span class='ocrx_word' id='word_1_326' title='bbox 855 4051 1141 4135; x_wconf 72' lang='lat' dir='ltr'><strong>painpealesimum,</strong></span> <span class='ocrx_word' id='word_1_327' title='bbox 1162 4046 1207 4130; x_wconf 80' lang='lat' dir='ltr'><strong>(id</strong></span> 
     </span>
    </p>
   </div>
   <div class='ocr_carea' id='block_1_11' title="bbox 105 4152 1209 4240">
    <p class='ocr_par' dir='ltr' id='par_1_14' title="bbox 105 4152 1209 4240">
     <span class='ocr_line' id='line_1_39' title="bbox 105 4152 1209 4240; baseline -0.007 -19"><span class='ocrx_word' id='word_1_328' title='bbox 105 4159 165 4239; x_wconf 88' lang='lat' dir='ltr'><strong>est)</strong></span> <span class='ocrx_word' id='word_1_329' title='bbox 186 4160 391 4235; x_wconf 81' lang='lat' dir='ltr'><strong>millesimam,</strong></span> <span class='ocrx_word' id='word_1_330' title='bbox 408 4158 535 4222; x_wconf 82' lang='lat' dir='ltr'><strong>dixisse.</strong></span> <span class='ocrx_word' id='word_1_331' title='bbox 574 4159 664 4222; x_wconf 88' lang='lat' dir='ltr'><strong>Citra</strong></span> <span class='ocrx_word' id='word_1_332' title='bbox 678 4179 764 4240; x_wconf 84' lang='lat' dir='ltr'><strong>ergo,</strong></span> <span class='ocrx_word' id='word_1_333' title='bbox 780 4157 833 4220; x_wconf 84' lang='lat' dir='ltr'><strong>hic</strong></span> <span class='ocrx_word' id='word_1_334' title='bbox 849 4156 993 4220; x_wconf 87' lang='lat' dir='ltr'><strong>substitit</strong></span> <span class='ocrx_word' id='word_1_335' title='bbox 1010 4156 1097 4218; x_wconf 86' lang='lat' dir='ltr'><strong>Rex:</strong></span> <span class='ocrx_word' id='word_1_336' title='bbox 1121 4152 1209 4215; x_wconf 89' lang='lat' dir='ltr'><strong>ultra</strong></span> 
     </span>
    </p>
   </div>
   <div class='ocr_carea' id='block_1_12' title="bbox 104 4285 1210 4550">
    <p class='ocr_par' dir='ltr' id='par_1_15' title="bbox 104 4285 1210 4550">
     <span class='ocr_line' id='line_1_40' title="bbox 138 4285 1209 4357; baseline -0.01 -13"><span class='ocrx_word' id='word_1_337' title='bbox 138 4302 148 4324; x_wconf 67' lang='lat'>³</span> <span class='ocrx_word' id='word_1_338' title='bbox 166 4293 197 4357; x_wconf 88' lang='lat'><strong>[“</strong></span> <span class='ocrx_word' id='word_1_339' title='bbox 205 4294 277 4352; x_wconf 83' lang='lat' dir='ltr'><strong>Quod</strong></span> <span class='ocrx_word' id='word_1_340' title='bbox 289 4296 311 4344; x_wconf 87' lang='lat' dir='ltr'><strong>si</strong></span> <span class='ocrx_word' id='word_1_341' title='bbox 322 4294 443 4344; x_wconf 64' lang='lat' dir='ltr'><strong>Romam</strong></span> <span class='ocrx_word' id='word_1_342' title='bbox 455 4293 573 4343; x_wconf 73' lang='lat' dir='ltr'><strong>Ecclesiae</strong></span> <span class='ocrx_word' id='word_1_343' title='bbox 585 4294 634 4342; x_wconf 89' lang='lat' dir='ltr'><strong>olli·</strong></span> <span class='ocrx_word' id='word_1_344' title='bbox 678 4291 837 4345; x_wconf 81' lang='lat' dir='ltr'><strong>damnandus</strong></span> <span class='ocrx_word' id='word_1_345' title='bbox 860 4307 905 4356; x_wconf 91' lang='lat' dir='ltr'><strong>pro</strong></span> <span class='ocrx_word' id='word_1_346' title='bbox 925 4292 1045 4341; x_wconf 76' lang='lat' dir='ltr'><strong>heretico</strong></span> <span class='ocrx_word' id='word_1_347' title='bbox 1064 4290 1086 4338; x_wconf 90' lang='lat' dir='ltr'><strong>sl</strong></span> <span class='ocrx_word' id='word_1_348' title='bbox 1104 4286 1136 4336; x_wconf 83' lang='lat' dir='ltr'><strong>ad</strong></span> <span class='ocrx_word' id='word_1_349' title='bbox 1154 4285 1209 4334; x_wconf 78' lang='lat' dir='ltr'><strong>haee</strong></span> 
     </span>
     <span class='ocr_line' id='line_1_41' title="bbox 104 4351 1210 4426; baseline -0.006 -18"><span class='ocrx_word' id='word_1_350' title='bbox 104 4359 163 4408; x_wconf 81' lang='lat' dir='ltr'><strong>eins</strong></span> <span class='ocrx_word' id='word_1_351' title='bbox 180 4359 241 4409; x_wconf 82' lang='lat' dir='ltr'><strong>fidoi</strong></span> <span class='ocrx_word' id='word_1_352' title='bbox 258 4361 377 4410; x_wconf 85' lang='lat' dir='ltr'><strong>articulos</strong></span> <span class='ocrx_word' id='word_1_353' title='bbox 395 4360 635 4422; x_wconf 81' lang='lat' dir='ltr'><strong>antequingentesi·</strong></span> <span class='ocrx_word' id='word_1_354' title='bbox 678 4373 774 4420; x_wconf 86' lang='lat' dir='ltr'><strong>nupera</strong></span> <span class='ocrx_word' id='word_1_355' title='bbox 796 4364 822 4407; x_wconf 87' lang='lat' dir='ltr'><strong>ct</strong></span> <span class='ocrx_word' id='word_1_356' title='bbox 843 4359 941 4407; x_wconf 77' lang='lat' dir='ltr'><strong>novitia</strong></span> <span class='ocrx_word' id='word_1_357' title='bbox 962 4372 1014 4406; x_wconf 92' lang='lat' dir='ltr'><strong>nou</strong></span> <span class='ocrx_word' id='word_1_358' title='bbox 1035 4351 1210 4426; x_wconf 58' lang='lat' dir='ltr'><strong>scoedsm.&#39;&#39;†</strong></span> 
     </span>
     <span class='ocr_line' id='line_1_42' title="bbox 104 4413 1209 4488; baseline -0.009 -16"><span class='ocrx_word' id='word_1_359' title='bbox 104 4439 177 4473; x_wconf 89' lang='lat' dir='ltr'><strong>mum</strong></span> <span class='ocrx_word' id='word_1_360' title='bbox 189 4424 286 4473; x_wconf 84' lang='lat' dir='ltr'><strong>Christi</strong></span> <span class='ocrx_word' id='word_1_361' title='bbox 302 4440 398 4475; x_wconf 90' lang='lat' dir='ltr'><strong>annum</strong></span> <span class='ocrx_word' id='word_1_362' title='bbox 415 4424 544 4474; x_wconf 85' lang='lat' dir='ltr'><strong>inauditos</strong></span> <span class='ocrx_word' id='word_1_363' title='bbox 555 4439 584 4472; x_wconf 88' lang='lat' dir='ltr'><strong>ae</strong></span> <span class='ocrx_word' id='word_1_364' title='bbox 600 4424 635 4472; x_wconf 92' lang='lat' dir='ltr'><strong>in·</strong></span> <span class='ocrx_word' id='word_1_365' title='bbox 681 4420 752 4471; x_wconf 80' lang='lat' dir='ltr'><strong>Prarl.</strong></span> <span class='ocrx_word' id='word_1_366' title='bbox 766 4423 873 4487; x_wconf 78' lang='lat' dir='ltr'><strong>Monit]</strong></span> <span class='ocrx_word' id='word_1_367' title='bbox 887 4437 911 4485; x_wconf 92' lang='lat' dir='ltr'><strong>p.</strong></span> <span class='ocrx_word' id='word_1_368' title='bbox 925 4425 963 4472; x_wconf 74' lang='lat'><strong>42.</strong></span> <span class='ocrx_word' id='word_1_369' title='bbox 977 4422 1033 4488; x_wconf 84' lang='lat' dir='ltr'><strong>[pp</strong></span> <span class='ocrx_word' id='word_1_370' title='bbox 1043 4423 1084 4480; x_wconf 80' lang='lat'><strong>52,</strong></span> <span class='ocrx_word' id='word_1_371' title='bbox 1096 4419 1135 4467; x_wconf 77' lang='lat'><strong>63.</strong></span> <span class='ocrx_word' id='word_1_372' title='bbox 1147 4413 1209 4465; x_wconf 78' lang='lat' dir='ltr'><strong>edil.</strong></span> 
     </span>
     <span class='ocr_line' id='line_1_43' title="bbox 105 4487 767 4550; baseline -0.003 -12"><span class='ocrx_word' id='word_1_373' title='bbox 105 4487 635 4550; x_wconf 82' lang='lat' dir='ltr'><strong>risosreccntcroxcudlt,nonsum,oredo,</strong></span> <span class='ocrx_word' id='word_1_374' title='bbox 683 4487 767 4550; x_wconf 76' lang='lat' dir='ltr'><strong>lom]</strong></span> 
     </span>
    </p>
   </div>
   <div class='ocr_carea' id='block_1_13' title="bbox 0 0 1460 4926">
    <p class='ocr_par' dir='ltr' id='par_1_16' title="bbox 0 0 1460 4926">
     <span class='ocr_line' id='line_1_44' title="bbox 0 0 1460 4926; baseline 0 1"><span class='ocrx_word' id='word_1_375' title='bbox 0 0 1460 4926; x_wconf 95' lang='lat' dir='ltr'><strong> </strong></span> 
     </span>
    </p>
   </div>
  </div>
 </body>
</html>
