2910 4926
457 282 638 330 aronoonm
660 281 843 330 aaaronsro.
1137 266 1219 330 221-

101 434 278 498 sordcscere
306 439 442 516 rapraai
471 436 605 514 Jadicis,
637 437 720 518 qaod
746 437 781 498 ia
810 435 980 498 intentione
1002 432 1109 514 falqet
1135 454 1206 516 ope-

101 539 235 602 ramis&

146 642 202 717 At,
224 661 292 703 non
314 641 461 704 omnium
482 640 551 704 haec
571 641 689 724 (credo)
708 640 928 706 cardinalium
951 660 1047 703 causa
1064 646 1124 716 est,
1139 660 1206 702 non

102 751 171 807 tam
193 743 322 826 purgati
337 744 482 806 omnium
506 766 622 822 mores,
642 747 732 828 (puto
755 766 815 807 nec
833 744 1043 823 Jesuitarnm)
1063 750 1100 804 ut
1122 741 1207 805 hanc

102 866 212 910 vocem
231 866 383 926 usurpare
406 845 555 922 audeant,
582 847 659 928 quin
681 846 848 910 nobiscum
871 845 1012 922 misellis,
1035 844 1137 927 magis
1158 844 1208 906 in·

105 949 272 1032 dulgentia
298 948 369 1026 Dei,
394 971 488 1031 quam
516 949 702 1013 innocentia
731 972 798 1026 sua,
822 957 854 1013 et
880 949 1019 1032 gratioso
1042 948 1104 1013 Dei
1133 969 1208 1030 pro·

104 1050 211 1128 missa,
222 1072 317 1134 quam
329 1052 444 1114 merito
457 1073 516 1114 sno
526 1052 586 1114 niti
600 1052 691 1115 velle.
725 1052 812 1118 Quid
824 1061 932 1116 autem
945 1051 1012 1114 dixi
1020 1050 1206 1114 nobiscum?

106 1156 190 1219 Cum
207 1156 226 1217 J
230 1155 291 1218 abo
306 1156 375 1219 viro
396 1156 531 1238 (opinor)
550 1177 617 1218 non
632 1156 739 1218 minus
756 1157 885 1233 Sancta,
903 1178 999 1238 quam
1016 1154 1207 1233 cardinalis,

107 1259 172 1343 qui,
185 1258 245 1322 etsi
253 1259 361 1339 joscio
372 1264 460 1333 esset,
472 1259 574 1320 levare
586 1264 679 1338 capot
694 1259 792 1321 aoloil
800 1268 827 1320 ¹:
844 1259 968 1322 etiamsi
982 1259 1108 1322 habaet
1120 1258 1209 1340 qaid-

99 1363 191 1443 piam
197 1362 330 1441 jmtum,
346 1382 407 1422 ooo
421 1361 605 1441 respondere
620 1367 732 1438 tamen,
748 1362 805 1424 scd
817 1362 960 1424 Jadiccm
976 1362 1163 1442 deprecari‘.

152 1465 172 1526 J
175 1463 317 1528 udicium
333 1465 523 1526 confitemur
537 1464 606 1527 sore
620 1491 626 1527 :
651 1465 740 1527 locus
759 1472 867 1528 tamen
884 1465 955 1542 erit,
972 1473 1005 1528 et
1019 1464 1054 1526 in
1074 1465 1208 1548 judicio,

106 1567 341 1630 misericordiae.
397 1566 495 1650 Apud
522 1568 555 1630 S.
580 1567 738 1630 Jacobum
764 1567 911 1650 legimus,
936 1568 1119 1648 quibasdam
1142 1570 1210 1631 siae

106 1671 322 1732 misericordia
336 1670 494 1751 judiciam
509 1668 625 1750 fore¹¹;
649 1671 731 1753 Fore
753 1691 829 1753 ergo
852 1672 935 1749 aliis,
962 1692 1023 1733 aon
1044 1671 1120 1733 siae
1166 1671 1210 1733 Et

106 1772 141 1835 in
163 1793 211 1850 eo,
235 1794 299 1836 non
323 1773 405 1836 nihil
429 1773 536 1836 solatii
557 1774 676 1855 reperit
692 1772 904 1850 Christianus,
929 1773 1014 1856 quod
1029 1774 1211 1836 Advocataa

106 1883 211 1939 noster
225 1875 358 1957 saturus
380 1884 426 1939 eal
450 1878 555 1940 Jadea
576 1883 690 1939 noster.
737 1876 877 1959 Alioqui,
901 1879 929 1939 si
952 1884 1071 1941 remota
1089 1880 1211 1959 pictate

107 1981 196 2043 domo
218 1981 395 2058 discutitur,
416 1982 450 2043 ia
472 1982 526 2042 illo
542 1982 692 2059 erramina,
709 1981 803 2043 etiam
816 1982 975 2062 jastooam
989 1984 1056 2045 vila
1070 2003 1210 2045 macana-

108 2082 189 2146 heta
235 2083 362 2146 Reddet
377 2104 453 2146 vero
476 2084 576 2161 Deus,
599 2085 648 2147 vel
670 2090 746 2147 ante
763 2085 920 2149 Generale
942 2085 1033 2163 illud,
1056 2086 1090 2148 in
1112 2086 1210 2169 parti·

108 2185 208 2249 culari
230 2186 383 2269 cujusque
403 2186 536 2269 judicio,
554 2187 667 2269 cuique
690 2188 805 2250 animae
828 2188 1005 2252 secundum
1021 2209 1116 2271 opera
1131 2209 1209 2252 sua:

109 2309 168 2351 nec
184 2289 334 2352 Generali
358 2311 438 2372 opus
454 2291 526 2367 erit,
554 2290 617 2352 nisi
633 2295 671 2352 ut
691 2290 724 2352 in
747 2291 915 2373 procinctu
931 2292 1028 2355 Orbis
1053 2299 1211 2355 terrarum

109 2400 245 2470 constet,
260 2393 383 2456 nemini
399 2415 510 2456 eorum
526 2394 644 2456 factam
660 2393 821 2476 injuriam,
839 2416 973 2476 quornm
990 2403 1066 2460 ante
1082 2396 1206 2474 animae,

107 2497 157 2560 vcl
172 2497 207 2559 in
223 2498 340 2561 coelum
355 2504 501 2580 receptae,
518 2497 568 2559 vel
584 2496 624 2559 ad
639 2495 759 2560 inferos
775 2496 932 2579 ablegatae
948 2505 1033 2560 sunt.

152 2601 203 2663 De
218 2600 365 2683 operibus
387 2600 515 2676 nostris,
532 2598 735 2681 agnoscimus
757 2596 971 2678 imperfectam
986 2605 1157 2676 nostmmr,
1174 2606 1207 2662 et
1314 2652 1318 2660 .

108 2701 269 2765 adhaerere
293 2703 440 2785 operibus
463 2701 583 2764 nostris
606 2701 725 2784 impuri
744 2700 831 2783 quid,
847 2721 914 2764 non
929 2701 1103 2766 diffitemur
1114 2728 1123 2779 3
1147 2723 1207 2765 nec

108 2825 167 2867 nos
182 2803 303 2866 scilicet
318 2804 379 2865 hoc
394 2803 569 2866 commenti
586 2824 711 2865 sumus:
736 2802 849 2865 Discat
864 2802 935 2880 hoc,
948 2803 998 2866 vel
1010 2825 1029 2866 a
1041 2803 1206 2885 Gregorio,

110 2907 147 2968 Si
162 2907 307 2969 districta
323 2907 473 2968 damasio
496 2907 549 2983 cit,
565 2927 626 2968 ooo
646 2926 806 2968 certauere
825 2906 937 2968 solatis
960 2906 1068 2985 locam,
1085 2908 1207 2988 quoodo

108 3016 139 3072 ct
153 3012 237 3071 mola
257 3015 365 3071 nostra
380 3030 466 3089 para
482 3011 565 3071 mala
581 3015 662 3086 saal,
679 3015 709 3070 et
724 3009 813 3085 borco,
830 3028 896 3090 qaae
911 3029 967 3070 nos
982 3009 1094 3072 habere
1109 3011 1209 3073 credi

108 3133 185 3190 mas,
218 3133 302 3193 para
340 3112 419 3175 borsa
453 3133 518 3175 osse
547 3132 738 3194 nequaquam
769 3112 895 3192 possint
906 3121 926 3174 ².
973 3111 1073 3194 Apud
1103 3134 1207 3194 quem,

111 3216 245 3277 Sanctus
269 3264 275 3277 .
301 3264 308 3278 .
335 3264 341 3277 .
368 3264 375 3279 .
400 3216 450 3277 vir
471 3215 531 3277 Job
560 3235 647 3277 omne
675 3215 801 3276 virtutis
829 3221 943 3277 ooslrae
972 3216 1115 3277 meritam
1145 3235 1209 3277 cose

109 3319 218 3380 vitiam
244 3320 403 3399 conspicit,
430 3319 458 3380 si
486 3319 525 3380 ab
550 3319 671 3378 iatcmo
695 3316 827 3378 Arbitro
857 3316 1000 3393 districte
1019 3317 1208 3396 judicatura

111 3421 223 3484 Discat
238 3429 271 3484 et
287 3444 325 3485 ex
341 3422 523 3485 Bernardo:
548 3421 708 3497 Nostram,
718 3420 809 3500 siqua
820 3419 871 3496 sil,
884 3419 1029 3481 hurnilem
1036 3420 1207 3499 justitiam,

110 3530 228 3586 rectam
245 3523 397 3605 forsitan,
413 3526 470 3587 sed
491 3546 551 3587 noa
568 3545 703 3606 param
727 3523 801 3585 Nisi
817 3520 906 3602 sorte
920 3523 1061 3585 meliores
1075 3542 1130 3584 ooo
1145 3542 1210 3585 osse

111 3628 273 3689 credamus
290 3627 364 3710 [leg.
382 3626 564 3708 credimus],
581 3647 673 3706 qaam
688 3626 804 3688 Patres
818 3631 949 3703 nostros,
966 3626 1095 3706 qainon
1109 3627 1210 3687 asinas

144 3778 300 3891 ‘X‘Scrdet
316 3779 343 3826 in
360 3778 519 3826 districtione
530 3778 546 3827 J
549 3777 637 3837 udicis,
682 3777 743 3839 [rec
757 3777 817 3838 (xiv.
830 3776 901 3838 Ben.)
921 3777 976 3840 Op„
988 3783 1049 3827 tom.
1061 3779 1078 3827 i.
1094 3778 1141 3829 col.
1153 3779 1209 3827 298.

112 3843 638 3969 liiii-iliGiiiginlliiinlielliiiiiiiililrclili.
682 3841 724 3945 a}
744 3905 797 3954 Psa.
808 3905 910 3954 cxxxix.
938 3906 1207 3969 cxxxvlii.Vulg]16.

112 3986 135 4020 r.
156 3986 208 4034 cap.
226 3973 260 4021 xi.
282 3976 337 4035 Op..
358 3977 417 4021 tom.
437 3973 452 4020 i.
470 3973 526 4020 coll.
540 3974 595 4021 117.
610 3971 639 4019 ll.
714 3979 723 4001 ¹
742 3970 771 4032 [⁸⁴
780 3970 807 4020 Si
819 3976 904 4019 autem
939 3969 1009 4020 ehis
1026 3971 1149 4020 divinitus
1161 3970 1208 4020 dis

113 4037 167 4084 148.
181 4035 222 4098 Α.]
679 4035 754 4084 tricle
771 4035 929 4092 discutimur,
944 4035 1001 4097 quis
1019 4035 1087 4083 inter
1105 4036 1154 4083 ista
1174 4050 1208 4082 ro-

144 4107 152 4130 ·
169 4099 227 4148 Job.
238 4116 263 4148 x.
277 4102 314 4148 15.
680 4105 766 4149 manet
785 4100 874 4148 salutis
890 4100 965 4157 locus,
977 4097 1078 4160 quando
1097 4104 1124 4147 et
1140 4101 1208 4148 mala

145 4167 153 4194 ¹
170 4165 226 4212 lob.
239 4166 273 4213 ix.
288 4168 325 4213 15.
680 4165 787 4223 nostra,”
803 4164 908 4213 etc—S.
917 4164 990 4223 Greg.
1004 4163 1104 4226 Magn]
1118 4163 1206 4213 Moral.

146 4237 157 4258 ¹¹
190 4229 409 4293 S.Jacob.ii.l3.]
683 4229 724 4292 [ln
741 4228 797 4277 Job.
816 4228 874 4290 lin]
894 4228 938 4276 ult.
960 4227 1043 4291 [can]
1069 4230 1112 4277 nlt.
1139 4229 1208 4292 [Op.,

145 4301 155 4323 ¹
190 4295 239 4342 “Si
257 4299 352 4344 remota
371 4299 430 4342 tunc
449 4295 542 4356 pietate
559 4294 638 4343 discn-
682 4299 743 4342 tom.
757 4294 773 4341 i.
793 4292 839 4342 col.
854 4294 925 4341 1168.
938 4291 979 4354 0.]

113 4358 185 4417 titur,
196 4359 224 4407 in
235 4359 279 4407 illo
290 4360 406 4407 exaniinc
418 4359 496 4408 ctiam
512 4359 639 4422 justorum
714 4365 725 4387 ¹
742 4357 780 4420 [S.
794 4356 867 4418 Greg.
880 4355 965 4419 Magn.
996 4356 1083 4406 Moral.
1099 4358 1140 4421 [in
1152 4357 1208 4407 Job.

113 4424 167 4472 rita
185 4423 404 4473 succumbit.”—S.
432 4423 505 4485 Grcg.
528 4422 639 4487 [Magn]
684 4420 789 4483 lib.]ix.
829 4419 893 4484 can]
906 4422 932 4470 ii.
957 4422 967 4485 [
994 4436 1026 4484 p,
1050 4427 1110 4471 mm.
1128 4423 1145 4471 i.
1163 4423 1209 4472 col.

114 4486 202 4536 Moral.
225 4489 266 4552 [in
286 4487 342 4536 Job.
363 4488 407 4537 lib.
436 4488 471 4537 ix.
492 4488 574 4552 [can]
587 4488 639 4536 viii.
685 4488 740 4535 28⁸.
753 4484 821 4535 aa.
