2910 4926
253 278 316 339 498
565 291 608 338 so
632 288 823 338 cenomanis
843 289 1043 337 aasumensi

253 457 294 520 Iu
318 455 462 539 Epistola
484 455 571 519 enim
592 476 650 518 sua
666 454 761 536 Legis
781 452 1075 536 prevaricationem
1097 463 1234 537 urget&
1260 475 1360 537 quare

252 560 348 641 Lepte
373 560 442 642 jam
472 560 691 621 auctoritatem
720 557 883 640 praeterue
907 577 975 620 uon
998 555 1105 634 debet,
1130 556 1187 620 sed
1206 557 1305 640 Legis
1325 566 1360 621 et

254 664 366 726 Breuis
389 661 682 745 praevaricationem
705 661 793 724 inter
815 681 850 723 se
873 659 1029 723 conterre.
1075 660 1218 744 Alioqui,
1243 661 1360 724 vitiosa

255 766 316 830 erit
330 765 379 829 illi
393 765 590 848 comparatio
604 763 720 828 omnis.

288 918 378 982 Neque
388 932 476 966 verum
485 921 524 966 est
541 917 699 980 Procopium
716 929 769 965 nou
785 912 941 964 admittendi
952 913 969 963 J
970 918 1131 964 uramentum
1142 915 1193 965 niti
1209 914 1294 965 solum
1305 931 1361 966 aue·

320 1000 424 1048 toritate
436 997 525 1047 Brevis
544 996 681 1058 Pontificii,
699 996 793 1045 nititur
810 995 880 1045 enim
899 994 1049 1057 auctoritate
1064 994 1271 1059 divina-[Bell.
1284 996 1362 1060 Apol.

320 1095 367 1144 pro
378 1078 465 1143 Resp]
484 1094 509 1142 p.
522 1080 579 1129 219.
598 1078 668 1144 [Op.,
681 1082 743 1127 tom.
756 1078 801 1127 vii.
812 1077 860 1127 col.
871 1079 927 1127 828.
936 1075 1013 1140 A.B.]

299 1181 424 1243 Verum
447 1187 558 1243 tamen
583 1185 643 1256 est,
669 1177 766 1241 aliam
786 1177 884 1260 longe
899 1197 977 1256 esse,
996 1182 1028 1240 et
1050 1176 1182 1260 majoris
1204 1177 1361 1260 ponderis

256 1283 487 1345 Auctoritatem
508 1282 645 1343 stimuum
664 1281 752 1362 Lege
774 1280 844 1364 ipsa
864 1301 930 1359 sua,
954 1300 1052 1362 quam
1073 1278 1244 1360 Pontificio
1263 1281 1362 1343 Brevi

257 1386 481 1468 significatam.
526 1385 669 1448 Immota
684 1384 771 1447 enim
783 1383 880 1466 Legis
896 1383 1078 1461 auctoritas,
1092 1402 1154 1446 nec
1171 1384 1361 1448 aPontitice

257 1490 324 1554 ullo
345 1489 520 1553 mutanda:
544 1495 577 1550 at
599 1487 716 1549 Brevia
739 1486 887 1567 Populia,
908 1506 969 1550 nec
991 1486 1108 1548 Brevia
1131 1486 1237 1565 modo,
1259 1487 1361 1550 etiam
1401 1532 1404 1538 ,

258 1594 368 1671 Batte,
385 1593 483 1656 etiam
500 1600 550 1654 ter
567 1598 742 1673 quaterque
764 1589 946 1673 geminatae,
968 1590 1017 1671 (ut
1038 1589 1178 1672 Eugenii
1194 1590 1303 1672 quarti
1325 1591 1362 1653 iu

260 1694 428 1759 Basiliensi
444 1693 599 1774 Concilio)
624 1700 736 1754 tamen
758 1690 798 1755 ab
818 1691 932 1755 eodem
955 1692 1043 1776 Papa
1063 1698 1229 1771 revocata,
1246 1701 1281 1756 et
1301 1714 1361 1776 pro

258 1799 357 1862 irritis
371 1799 534 1880 nullisque
549 1797 717 1860 declaratae
727 1793 759 1858 ¹¹:
784 1796 888 1878 quue
903 1796 1009 1879 ipsum
1019 1797 1209 1876 Concilium,
1221 1798 1258 1861 in
1274 1798 1362 1881 quod

260 1908 335 1966 ante
358 1902 496 1965 terrifice
514 1900 712 1977 fulminarat,
729 1920 767 1963 eo
788 1899 1033 1978 nonobstante,
1054 1903 1180 1985 justum
1199 1901 1311 1980 fuisse,
1328 1910 1361 1966 et

258 2005 452 2088 legitimum.
498 2004 594 2071 Quod
614 2025 720 2087 neque
741 2026 799 2068 nos
822 2003 861 2067 de
881 2005 982 2068 Paulo
998 2005 1123 2070 Quinto
1141 2006 1359 2089 desperamus,

259 2109 338 2190 quin
361 2116 394 2170 et
424 2106 510 2170 idem
539 2106 682 2169 facturus
712 2106 755 2169 sit
779 2106 818 2169 de
845 2113 982 2189 utroque
1004 2108 1101 2170 Brevi
1125 2130 1193 2186 suo,
1221 2128 1360 2190 quorum

259 2211 380 2274 breuior
402 2219 451 2274 est
473 2209 577 2273 multo
599 2209 783 2286 auctoritas,
808 2231 905 2292 quam
927 2211 1101 2274 Baliarum.
1146 2213 1265 2295 Neque
1286 2234 1362 2276 sero

259 2313 429 2396 utrobique
456 2313 568 2376 eadem
597 2312 788 2395 imperantis
818 2312 1002 2391 auctoritas,
1032 2315 1096 2377 uisi
1119 2315 1233 2378 eodem
1264 2315 1361 2379 modo

138 2450 158 2484 o
258 2413 456 2498 imperantis.
502 2415 550 2477 Ut
566 2414 653 2477 enim
674 2436 694 2476 α
713 2416 856 2496 porcinis
880 2416 1064 2494 obstineant,
1089 2417 1277 2500 simpliciter
1299 2417 1361 2480 im·

258 2525 358 2600 perat,
369 2525 465 2601 atque
477 2516 644 2592 absolute;
660 2524 698 2580 ut
711 2518 875 2579 Sacerdoti
891 2518 1106 2599 obtemperent,
1123 2520 1262 2600 (Summo
1272 2521 1359 2583 enim

258 2621 403 2683 additum
421 2642 438 2682 a
455 2620 636 2701 Cardinale)
655 2642 720 2682 non
737 2622 891 2698 absolute,
911 2622 966 2683 sed
980 2623 1079 2701 jueta
1100 2625 1196 2703 tepens
1213 2624 1359 2694 doceat&

162 2766 166 2774 -
256 2747 322 2787 uon
346 2746 404 2805 pro
427 2723 584 2786 arbitratu
609 2745 666 2787 suo
692 2726 808 2787 Breoio
831 2725 1049 2806 scriptitanti:
1090 2749 1160 2808 quae
1184 2749 1268 2810 saepe
1291 2751 1358 2792 non

250 2829 347 2908 jueta
363 2830 468 2908 tepent,
485 2828 562 2909 quin
578 2834 687 2889 contra
703 2830 794 2910 s'aepe,
805 2834 1047 2909 proterentem
1064 2830 1248 2912 saepissime.

291 3029 469 3093 Expectabam,
490 3033 519 3078 ut
536 3030 591 3079 Rex
611 3031 750 3080 novitatem
768 3031 844 3094 hujus
861 3031 989 3093 dogmatis
1008 3031 1215 3082 demonstraret.
1235 3072 1241 3082 .
1260 3069 1267 3082 .
1285 3072 1291 3084 .
1310 3035 1360 3085 Sed

322 3113 380 3173 quia
395 3112 462 3160 vidit
479 3112 588 3159 inveniri
607 3112 675 3174 apud
690 3127 777 3162 omnes
788 3113 936 3176 Theologos‚
954 3113 1267 3169 etJurisoonsultos‚i1uo
1284 3118 1312 3164 in
1329 3152 1335 3164 .
1352 3154 1358 3164 .

323 3192 467 3240 Canonilsus
487 3191 648 3248 Pontificum,
667 3197 693 3241 et
713 3193 883 3241 Consiliorum
904 3194 1025 3255 Decretis,
1045 3194 1182 3257 prudenter
1204 3196 1311 3246 divertit
1328 3198 1360 3246 ad

322 3273 445 3322 invidiam
464 3272 592 3322 Cardinali
610 3274 677 3336 apud
695 3274 775 3336 Reges
792 3274 959 3333 conflandam,
972 3276 1043 3338 quasi
1055 3277 1108 3339 ipse
1121 3275 1217 3339 primus
1229 3279 1265 3325 sit
1275 3284 1362 3327 auctor

322 3355 491 3417 exemptionis
503 3354 663 3403 Clericorum.
698 3354 747 3403 Sed
765 3390 770 3402 .
790 3392 795 3404 .
815 3391 820 3403 .
838 3360 922 3419 sperat
936 3358 1095 3406 manifestam
1113 3358 1188 3406 istam
1205 3360 1360 3408 calumniam

322 3435 387 3483 nihil
404 3436 427 3484 ei
438 3434 505 3499 apud
517 3435 659 3484 Catholicae
671 3435 758 3499 Reges,
771 3442 797 3486 et
808 3437 945 3501 Principes,
957 3438 1214 3503 nocituram—[Bell.
1227 3441 1303 3503 Apol.
1316 3455 1360 3504 pro

323 3515 407 3579 Resp]
424 3531 447 3578 p.
460 3519 515 3564 220.
535 3516 601 3580 [Op.,
616 3521 677 3566 tom.
690 3518 733 3567 vii.
750 3519 795 3568 col.
808 3521 863 3569 828.
877 3519 919 3582 Ι).]

94 3586 149 3695 [del
168 3631 205 3680 De
300 3614 352 3676 Ad
372 3615 532 3679 Quintum
543 3614 559 3678 l.
606 3617 673 3679 Cur
700 3623 808 3680 autem
835 3625 974 3698 espectet
998 3641 1018 3680 a
1040 3621 1133 3701 Repe,
1161 3621 1247 3702 quod
1273 3628 1322 3684 est
1342 3645 1362 3686 a

94 3710 220 3809 ffilssle
258 3717 392 3779 Venetis
409 3719 535 3780 abunde
552 3718 627 3781 satis
643 3721 846 3800 praestitum?
884 3721 1049 3802 Dopmatis
1063 3723 1160 3807 hujus
1176 3725 1359 3803 peredere,

94 3823 221 3888 meorum]
257 3819 297 3882 ab
312 3820 375 3881 illis
390 3821 612 3898 demonstrato,
626 3831 722 3904 atque
738 3824 859 3906 depexa
872 3824 972 3906 probe
988 3832 1074 3888 sunt.
1114 3826 1161 3888 Ut
1178 3826 1360 3889 Cardinalis

256 3930 366 3983 tamen
389 3925 596 4001 erpeetutioai
619 3926 674 3986 fiat
696 3926 792 4002 satis;
816 3928 938 3989 novitas
960 3948 1007 4004 ea,
1023 3929 1115 4008 trojae
1130 3928 1285 4009 deputatis
1300 3940 1361 3992 est.

259 4024 401 4105 Regibus
433 4025 592 4107 subjectos
623 4025 715 4090 soteri
745 4028 856 4091 debuit
885 4029 1025 4092 Clericos
1055 4051 1152 4107 suos;
1193 4031 1279 4112 quod
1305 4054 1363 4114 per

258 4127 363 4208 Reges
380 4129 519 4209 exempti
535 4137 610 4191 sunt
624 4131 857 4210 jurisdictione,
873 4154 940 4194 non
955 4140 1066 4195 tamen
1080 4134 1268 4213 subjectione
1284 4156 1344 4197 sua
1352 4161 1363 4211 5

290 4303 302 4333 t
320 4294 397 4358 [Vide
405 4294 467 4344 Bell.
476 4295 556 4359 Epist.
564 4296 595 4346 ad
606 4297 712 4347 Blaeku.
720 4301 787 4363 apud
832 4301 905 4352 Cone.
919 4306 979 4350 tom.
989 4303 1033 4351 xii.
1046 4301 1092 4351 eol.
1105 4303 1160 4351 258.
1172 4301 1214 4365 n]

259 4358 331 4421 ltesp.
345 4359 415 4407 'l'orti
433 4364 509 4487 ppt.
527 4365 554 4410 et
571 4361 634 4411 Bell.
656 4362 711 4427 Op,
725 4371 786 4414 tom.
865 4366 871 4396 ¹
902 4366 980 4430 [Vide
1008 4366 1126 4429 Respous
1158 4367 1229 4416 'Porti
1262 4383 1285 4431 p.
1307 4371 1362 4417 135.

257 4423 357 4472 vilcol.
371 4427 418 4472 662
831 4430 899 4480 Edit.
922 4430 1012 4488 Polit.;
1037 4436 1063 4480 et
1082 4430 1144 4481 Bell.
1166 4431 1221 4495 Op,
1243 4434 1362 4484 temrii.

290 4485 300 4516 *¹
320 4487 401 4552 [l'ide
422 4487 496 4538 Cone.
521 4489 596 4539 Basil.
617 4491 678 4541 Sess,
703 4495 788 4542 xri—
831 4495 877 4544 eol.
892 4493 1005 4557 702.A.]
1138 4513 1141 4518 ⁴
