2910 4926
448 291 631 343 nomenoi
653 294 834 344 nnsrousro.
1133 278 1193 342 181

93 443 219 508 solenni
233 445 300 509 ritu
315 445 525 510 dedicarunt:
560 449 648 510 Dum
664 447 826 512 bonafide
842 452 968 510 constet
984 467 1052 509 rem
1068 446 1146 529 geri,
1163 455 1197 510 et

93 547 289 630 superfluum
319 547 488 628 bonorum,
515 548 599 632 quod
624 549 778 613 Ecclesiae
802 549 938 627 decedit,
964 548 1095 613 accedat
1120 548 1196 612 Rei·

90 649 238 732 publicae.
284 650 360 729 Qui,
376 671 450 714 cum
470 652 680 715 Tabernooolo
705 652 809 715 oblata
830 653 1014 736 sufficereut,
1037 653 1134 714 vetuit
1157 672 1195 714 ne

90 755 224 834 emplius
239 752 412 835 offerreutl,
430 753 529 818 videri
544 762 652 838 potest
666 777 827 839 passurus,
846 757 918 836 (noc
932 755 1066 838 invitus)
1084 755 1195 818 reduci

89 855 220 938 aliquid,
238 857 266 918 si
280 856 381 920 nimio
400 856 474 940 plus
494 857 699 921 obtulissent.
744 859 788 921 Et
803 858 903 920 nimio
917 856 990 941 plus
1005 857 1194 921 obtulerunt

90 958 234 1041 Majores
249 959 370 1022 nostri:
393 980 453 1023 nec
468 960 571 1023 ullum
587 961 647 1025 sibi
663 961 794 1024 modum
811 968 1005 1039 statuerunt,
1017 962 1068 1025 vel
1082 962 1192 1041 finem,

90 1061 292 1126 Monasteria
321 1063 413 1126 donis
444 1064 641 1128 cumulandi.
688 1066 746 1128 Sat
775 1071 845 1128 crat
873 1086 1041 1148 superque,
1071 1064 1107 1128 in
1136 1064 1193 1127 illa

88 1172 182 1228 tanta
200 1165 394 1249 profusione,
411 1167 498 1231 unde
521 1176 554 1231 et
570 1168 723 1231 Ecclesiae
744 1167 872 1231 abunde
893 1167 1040 1250 prospici,
1056 1167 1193 1231 undeet

92 1267 175 1352 (quae
190 1268 366 1332 Ecclesiam
382 1271 519 1352 tutatur)
538 1269 735 1353 Reipublicae
751 1269 863 1352 seponi
879 1277 987 1352 posset
1004 1269 1135 1354 aliquid,
1151 1269 1192 1334 ad

85 1371 174 1434 illius
189 1393 288 1434 onera
302 1372 502 1455 perferenda.
541 1374 691 1437 Resecari
705 1380 842 1458 poterat,
858 1374 995 1437 nimium
1012 1373 1097 1459 quod
1112 1381 1191 1452 orat,

89 1474 176 1558 quod
198 1475 330 1538 modum
353 1475 497 1553 excessit,
515 1482 547 1539 et
570 1476 611 1540 ad
630 1497 708 1540 usus
722 1477 792 1555 hos,
807 1476 876 1560 pios
892 1474 1033 1559 quidem,
1049 1476 1110 1538 etsi
1124 1496 1191 1539 non

86 1578 251 1662 pristinos,
278 1578 431 1662 impendi.
476 1579 628 1658 Tantum,
655 1587 692 1643 ut
722 1579 828 1643 absint
857 1579 998 1663 incoepto
1028 1580 1191 1662 sacrilegae

87 1703 213 1763 manus,
244 1703 314 1761 nec,
346 1681 432 1766 quod
461 1683 622 1765 publicam
648 1705 717 1747 rem
746 1704 858 1766 capere
888 1683 1039 1767 oportuit,
1066 1683 1190 1767 privata

86 1783 280 1867 intercipiat.
324 1785 423 1863 Nam,
446 1786 592 1868 populari
616 1807 691 1868 opes
716 1807 831 1864 sacras,
857 1792 890 1850 et
915 1785 956 1850 ed
981 1808 1058 1850 usus
1081 1788 1189 1852 nescio

88 1910 177 1970 quos,
207 1890 304 1971 (certe
330 1909 443 1971 pamm
468 1889 583 1971 saeros)
616 1889 772 1968 addicere,
800 1888 892 1952 bonis
918 1888 1079 1966 omnibus,
1107 1891 1189 1973 Regi

86 1999 164 2057 ante
178 2013 300 2071 omncs,
317 1992 473 2076 displicct,
490 2014 553 2076 quo
575 2014 672 2056 nemo
695 2015 715 2055 a
731 1992 836 2056 Sacris
851 1991 1029 2055 alienandis
1045 1992 1188 2056 alienior.

87 2097 200 2159 'l'cstor
224 2105 331 2160 autem
355 2097 408 2159 hic
430 2097 570 2175 Clerum,
594 2104 627 2161 et
653 2096 808 2180 populum
833 2095 1030 2158 universum.
1076 2097 1190 2160 Testor

85 2199 184 2281 leges,
209 2199 330 2262 recenti
354 2200 518 2276 memoria,
543 2199 582 2263 ab
604 2220 642 2262 eo
664 2198 757 2262 latas.
803 2198 892 2261 Sciat
906 2218 982 2261 vero
998 2197 1190 2276 Cardinalis,

85 2309 217 2384 totoque
241 2303 320 2366 adeo
344 2303 443 2367 Curia
470 2305 625 2381 Romana,
650 2301 845 2386 displicuisse
872 2301 955 2385 Regi
978 2301 1190 2384 direptionem

84 2405 196 2483 illam,
220 2406 385 2490 displicere
402 2407 481 2470 adeo
497 2427 636 2483 omnem,
653 2413 750 2488 atque
771 2405 833 2468 hoc
852 2404 978 2488 legibus
1000 2405 1067 2469 suis
1088 2414 1190 2471 testa·

85 2516 158 2572 tum
180 2509 301 2589 secisse,
327 2512 367 2574 ad
392 2517 547 2574 aeternam
572 2509 689 2573 animae
714 2530 779 2573 snae
803 2509 951 2588 sulutem,
975 2511 1117 2575 nominis
1139 2512 1190 2574 sui

86 2612 230 2695 gloriam,
262 2621 295 2676 et
325 2613 522 2697 posteritatis
552 2612 765 2690 memoriam
804 2612 919 2694 quibus
949 2621 1091 2692 cautum,
1122 2635 1189 2679 non

86 2716 182 2781 modo
198 2717 238 2780 do
253 2739 320 2780 non
335 2718 511 2780 alienandis
532 2718 567 2779 in
590 2725 764 2799 posterum,
780 2716 838 2781 sed
859 2738 919 2781 nec
939 2717 975 2780 in
999 2718 1189 2781 diuturnum

86 2819 215 2902 aliquod
233 2824 362 2903 tempus
385 2819 546 2883 elocandis
571 2819 722 2882 Ecclesiae
740 2818 848 2882 fundis
857 2817 881 2883 l‘.
928 2820 983 2883 Ita
996 2842 1071 2885 vcro
1088 2822 1188 2884 iuter·

86 2923 182 2986 clusit
202 2923 278 2986 huic
298 2923 421 2986 aditum
443 2944 583 3001 omnem,
607 2929 644 2986 ut
667 2944 735 2987 non
748 2925 889 2987 Berones
908 2924 999 3007 (quos
1022 2925 1111 3008 dicis)
1131 2932 1188 2989 aut

86 3026 142 3089 ulii
159 3026 267 3109 Regni
281 3027 430 3105 Ordines,
451 3026 508 3090 sed
530 3034 568 3090 ut
585 3048 646 3091 nec
666 3026 734 3109 ipse
749 3028 829 3105 Rex,
845 3048 938 3110 gazas
960 3027 1035 3090 inde
1050 3049 1133 3105 suas,
1149 3048 1188 3093 ex

85 3127 182 3191 rebus
199 3128 270 3191 Deo
285 3127 409 3206 dicatis,
426 3127 529 3191 ditare
543 3128 654 3210 possit.
700 3128 805 3210 Reges
827 3128 862 3190 in
885 3149 923 3191 eo
944 3128 1013 3211 pios
1032 3128 1186 3206 imitatus,

87 3253 225 3314 qnorum
248 3231 352 3295 socius
373 3232 440 3308 fiet,
456 3239 489 3294 et
510 3231 605 3294 famae
626 3232 662 3294 in
683 3238 779 3308 terra,
796 3237 828 3294 et
848 3231 1011 3295 memoriae
1032 3232 1068 3294 in
1090 3232 1186 3310 eaelo;

85 3335 211 3419 eritque
234 3335 282 3397 illi
306 3334 377 3413 hoc,
402 3343 435 3399 et
465 3335 550 3417 opud
579 3334 686 3399 Deum
716 3341 893 3416 acceptum,
924 3342 957 3396 ot
987 3335 1072 3417 apud
1101 3356 1187 3399 seros

85 3444 219 3519 nepotes
244 3437 427 3519 gloriosum.
472 3436 564 3499 Adeo
586 3436 634 3500 illi
655 3436 846 3518 exemplum,
868 3435 953 3518 qnod
974 3457 1096 3514 narras,
1119 3457 1187 3500 non

83 3541 198 3624 placet,
215 3541 294 3604 adeo
308 3562 417 3603 rerum
428 3538 580 3603 Ecclesiae
595 3538 744 3623 expilatio
759 3539 864 3602 omnis
879 3539 988 3602 odiosa
1002 3546 1061 3603 est.
1085 3539 1185 3604 Vides

84 3665 170 3726 crgo,
188 3666 284 3726 quam
309 3666 376 3707 non
398 3643 580 3720 amonendo,
597 3643 653 3705 sed
675 3663 780 3725 neque
802 3649 928 3705 emata
951 3642 1112 3706 calumnia
1133 3642 1186 3706 hic

83 3754 151 3810 tna.
198 3749 253 3826 At,
269 3768 408 3810 nemone
425 3749 494 3810 Rex
512 3747 717 3828 (nontamen
735 3746 836 3827 Caput
850 3746 1011 3828 Ecclesiae)
1031 3745 1184 3825 vendidit,

84 3852 250 3930 distraxit,
262 3852 394 3934 diripuit
409 3850 536 3928 fundos,
551 3850 586 3912 in
602 3849 722 3912 ditione
742 3871 808 3928 sua,
824 3849 1073 3928 Ecclesiasticos‚
1089 3850 1187 3933 idque

83 3955 214 4018 vidente
244 3963 277 4018 et
307 3976 500 4019 consensum
530 3974 625 4016 snum
652 3952 814 4036 praebente
844 3973 891 4032 eo,
920 3953 974 4035 qui
1006 3955 1057 4032 Se,
1089 3975 1185 4038 quem

84 4056 265 4122 cardinalis
294 4057 395 4139 Caput
421 4056 572 4119 Ecclesiae
598 4054 780 4133 declaravit,
805 4056 962 4119 Pontifice
984 4056 1064 4139 ipso,
1088 4078 1185 4138 quem

84 4161 168 4224 male
190 4160 251 4224 hoc
269 4182 336 4224 non
357 4159 481 4237 habuit,
499 4159 595 4242 idque
616 4166 654 4222 ut
676 4158 832 4222 militibus
856 4159 931 4221 inde
954 4158 1113 4242 stipendia
1134 4180 1185 4222 es-

83 4270 166 4340 sent,
190 4263 231 4327 ad
255 4263 323 4327 sine
347 4263 564 4326 misericordia
584 4261 787 4325 fundendum
811 4262 1031 4326 Christianum
1054 4262 1183 4345 sangui·

81 4368 181 4431 nem?
228 4367 391 4432 Quorsum
407 4366 476 4430 haec
491 4365 589 4448 igitur
604 4365 722 4429 attinet
737 4363 908 4427 refricare?

150 4494 157 4533 ¹
175 4494 255 4546 Exod.
267 4496 354 4545 xxxvi.
369 4495 392 4547 7.
697 4491 708 4523 ¹¹
726 4491 751 4557 [2
765 4491 841 4555 (vulg.
855 4493 879 4556 1)
892 4492 977 4543 Jacob.
990 4508 1043 4559 esp.
1056 4493 1112 4557 iu]
