2910 4926
266 277 332 341 246
578 294 621 340 in
643 293 834 342 οιιιιιιιιιιιι
855 291 1054 340 ιιιιιιιιιιιιι

267 449 447 530 retipionem
467 447 669 530 Arpetorum.
716 447 870 512 Haeretici
892 468 968 529 ergo
991 452 1094 524 erant,
1119 444 1176 509 sed
1199 465 1218 508 e
1243 442 1370 508 Judaeis

266 553 346 631 nati,
370 553 426 635 qui
447 551 493 616 sic
515 552 658 636 Angelos
679 552 801 634 precati
821 559 907 614 sunt.
952 551 1079 615 Neuter
1093 555 1202 613 autem
1221 547 1368 613 Theodo-

267 663 337 719 reto
351 654 552 733 contradicit,
568 655 625 719 sed
639 654 821 720 Cardinalis
841 654 923 732 sibi;
945 653 1049 737 primo
1070 652 1237 716 haeretioos
1259 650 1368 728 finisse,

266 764 339 839 post
352 778 420 820 non
435 756 634 821 Christianos
642 783 652 834 ;
676 757 767 841 quasi
780 757 840 821 ulli
853 757 975 821 fuerint
989 757 1025 821 in
1044 755 1188 820 Ecclesia
1202 754 1371 819 Primitiva

266 860 419 937 haeretici,
452 882 520 924 non
546 861 733 925 Christiani.
778 862 858 926 Non
886 861 1007 924 minuit
1036 881 1112 943 ergo
1142 858 1368 943 objectionem.

267 964 396 1046 Augeat
409 963 463 1026 hic
477 964 584 1047 potius
599 964 838 1048 responsionem
854 984 955 1027 suam.

300 1105 409 1156 Etiamsi
426 1106 531 1167 novitia,
548 1110 575 1156 et
592 1121 688 1170 nupera
705 1111 796 1168 esunt,
813 1121 866 1156 non
881 1106 938 1156 ideo
956 1104 1019 1165 Rex,
1038 1106 1082 1168 qui
1098 1108 1222 1168 eanegat,
1232 1103 1266 1154 ab
1276 1104 1369 1154 hreresi

331 1187 455 1236 immunis
471 1192 543 1237 esset
579 1188 663 1237 Habet
673 1189 743 1238 eninr
758 1187 871 1238 Ecclesia
883 1185 1021 1247 Catholica,
1036 1200 1094 1236 cum
1104 1200 1177 1236 novae
1186 1184 1369 1236 Controversia

331 1267 488 1327 exoriuntur,
500 1268 545 1330 jus
555 1281 597 1318 eas
607 1268 872 1333 explicandi—[Bell.
884 1267 960 1331 Apol.
970 1282 1016 1331 pro
1033 1265 1120 1330 Resp]
1132 1282 1157 1331 p
1168 1269 1207 1317 88
1223 1266 1293 1332 [06.
1304 1269 1369 1315 tom.

330 1348 375 1398 vii.
391 1348 515 1400 coll759.
528 1348 566 1412 C]

106 1458 235 1523 [mima
309 1447 363 1512 Ad
376 1449 519 1511 novitia
506 1471 575 1533 Jam
591 1457 624 1513 et
638 1470 755 1530 nupera
771 1449 990 1524 descensurus,
1005 1447 1153 1511 nonnihil
1165 1445 1226 1510 sibi
1236 1445 1369 1524 diffisus,

105 1523 256 1636 ζζξῑζῇ,
266 1552 419 1636 praefatur
443 1553 557 1635 primo,
574 1553 711 1616 Etiamsi
736 1574 854 1634 nupera
877 1554 934 1615 itta
957 1553 1032 1629 sint,
1058 1557 1088 1614 et
1113 1551 1240 1629 novitia,
1269 1550 1371 1631 siquis

107 1649 220 1715 eudem]
268 1663 371 1720 tumea
388 1678 425 1719 ea
440 1663 538 1739 repet,
554 1658 719 1721 immunem
734 1657 966 1719 udkoeresinoa
977 1653 1063 1736 fore.
1108 1654 1189 1718 Esse
1208 1653 1289 1717 enim
1304 1652 1370 1716 Ec·
1427 1696 1434 1707 ·

268 1762 367 1824 ctesiae
378 1762 445 1842 jus,
465 1781 533 1823 cum
553 1762 736 1823 esuriuntur
758 1759 974 1822 controversie
992 1778 1087 1835 aovoe,
1105 1778 1159 1820 eus
1178 1756 1368 1838 erpticandr'.

270 1862 356 1928 Quid
383 1862 543 1926 adrem?
598 1862 661 1926 Sed
690 1884 733 1924 an
761 1862 880 1924 novitia
905 1859 1067 1924 cudendi?
1112 1861 1165 1923 An
1193 1866 1306 1923 contra
1335 1867 1370 1922 et

268 1973 465 2048 praeceptum
490 1964 620 2042 Christi,
637 1972 669 2028 et
692 1964 844 2028 Ecclesia.
866 1963 1042 2027 Primitivae
1056 1961 1179 2046 praxin‚
1195 1961 1368 2025 Eucharis-

270 2069 350 2132 tiam
380 2068 443 2150 (cui
463 2069 570 2151 plures
591 2068 746 2131 interesse
768 2067 869 2131 voluit
890 2066 1046 2144 Christus,
1063 2074 1096 2129 et
1118 2063 1367 2146 communicare)

269 2171 306 2234 in
328 2171 424 2235 unius
447 2172 634 2254 angularem
657 2171 816 2234 actionem
838 2169 1083 2233 commutandi?
1106 2167 1141 2231 in
1156 2165 1369 2246 Eucharistia,

272 2274 318 2356 (in
344 2296 408 2357 qua
429 2295 557 2357 panem,
581 2273 730 2337 similiter
752 2282 785 2336 et
811 2273 952 2337 Calicem
973 2272 1136 2356 porrexit)
1160 2291 1278 2354 panem
1298 2268 1369 2334 sina

269 2376 376 2440 Calice
391 2377 598 2460 porrigendi?
641 2375 727 2442 Quid
746 2396 826 2459 opus
845 2375 898 2440 hic
918 2373 1124 2459 explicante?
1148 2373 1224 2457 quid
1239 2380 1369 2436 contro·

186 2489 194 2501 ¹
267 2480 370 2543 versia
384 2479 451 2542 ulla
458 2501 537 2563 opus
552 2480 645 2542 erat?
691 2479 820 2542 Diserta
835 2479 955 2543 Christi
969 2477 1075 2557 verba,
1099 2477 1370 2558 Ecclesioepraaia

270 2603 330 2645 non
344 2580 533 2664 infreqnenr,
550 2582 699 2646 uestibus
713 2582 764 2645 vel
778 2582 975 2645 Tridentinis
986 2595 1007 2646 ².

302 2733 390 2796 Neque
408 2734 503 2797 poterit
514 2748 625 2795 unquam
645 2748 704 2783 vera
719 2736 784 2784 ratio
801 2733 881 2795 reddi,
895 2749 947 2794 cur,
965 2733 1031 2797 quod
1048 2734 1153 2783 licuerat
1169 2731 1266 2782 Nicono
1284 2733 1370 2796 primo

334 2813 456 2873 Concilio,
476 2829 527 2863 non
546 2815 647 2864 licuerit
669 2820 757 2878 postca
777 2815 890 2865 Concilio
909 2815 1025 2874 secundo,
1049 2813 1369 2877 Constantinopolitano.-

332 2895 439 2961 -[Bell.
451 2897 525 2960 Apol.
538 2913 583 2961 pro
595 2896 679 2961 Resp]
697 2913 722 2961 p.
735 2901 773 2948 98.
792 2899 861 2963 [Op.,
879 2902 939 2947 tom.
951 2898 994 2946 vii.
1012 2897 1058 2946 col.
1070 2896 1125 2948 769.
1139 2896 1165 2945 C.
1176 2895 1206 2945 D.
1222 2911 1304 2957 sensu,
1315 2911 1367 2945 non

332 2977 434 3042 verbis]

108 3081 233 3146 [Qurtuor
312 3076 405 3154 Tum,
431 3078 486 3160 qui
508 3077 554 3140 illi
579 3079 734 3141 molestus
756 3084 812 3141 ant
814 3099 841 3156 e,
798 3078 913 3141 thic
937 3098 1063 3160 quoquc
1086 3076 1186 3140 haerct
1209 3077 1317 3154 etiam,
1334 3084 1368 3139 et

106 3145 256 3260 {ffiissn
269 3179 353 3241 male
376 3180 483 3258 habe,
460 3181 694 3262 tzscrupulus
728 3181 813 3263 quod
835 3182 926 3243 reddi
949 3202 1010 3243 aon
1030 3182 1132 3261 possit
1161 3181 1254 3242 ratio.
1301 3181 1369 3242 Cur

104 3275 235 3402 ἓξὲξ
269 3303 335 3344 non
350 3282 420 3366 pari
435 3285 518 3367 apud
534 3305 592 3347 nos
607 3285 798 3348 auctoritate
818 3285 941 3366 reliqua
960 3284 1036 3361 sint,
1053 3304 1149 3367 quam
1163 3285 1269 3364 primo
1290 3304 1366 3365 qua-

270 3390 341 3447 tuor
356 3387 509 3450 Concilia.
556 3387 650 3465 Quia,
669 3408 729 3451 nec
753 3387 909 3468 Gregorio
932 3396 1017 3463 sunt,
1040 3385 1195 3469 Apostolo
1219 3387 1267 3466 (ut
1291 3406 1366 3447 eum

269 3489 427 3570 nominat)
453 3498 604 3567 nostro³;
629 3490 692 3572 qui,
717 3496 850 3573 quotuor
865 3491 973 3571 prima
998 3489 1080 3552 sicut
1104 3495 1237 3570 quotuor
1258 3489 1366 3551 Evan-

266 3591 351 3671 petia
376 3599 547 3654 veneratur
570 3599 603 3654 et
632 3592 763 3675 suscipit
774 3617 784 3669 ;
817 3593 869 3655 cui
898 3598 1031 3672 quotuor
1054 3593 1162 3672 prima
1193 3591 1367 3674 quadratus

151 3690 214 3753 182
269 3692 350 3776 lapis
365 3699 450 3771 sunt,
467 3694 502 3756 in
524 3716 586 3777 quo
601 3694 674 3757 fidei
689 3695 825 3777 vitaeque
840 3703 1002 3758 structura
1021 3695 1201 3777 consurgit:
1226 3694 1289 3777 qui,
1306 3695 1368 3757 etsi

268 3802 438 3857 veneratur
449 3808 482 3859 et
494 3799 643 3878 quintum,
653 3817 720 3859 non
732 3798 771 3860 de
786 3818 823 3859 eo
840 3804 950 3860 tamen
964 3807 1031 3860 tam
1047 3797 1147 3861 sensit
1161 3796 1366 3860 honoriticcb.

269 3896 363 3975 Quia,
375 3919 435 3961 nec
450 3899 592 3963 Isidoro:
615 3900 668 3982 qui
683 3906 816 3980 quattuor
827 3900 968 3981 Syuoctos
980 3901 1177 3981 Principates
1188 3899 1333 3963 nominat
1344 3911 1366 3963 ι.

300 4093 353 4159 ⁸[“
364 4094 425 4145 Non
435 4097 579 4159 infrequens
590 4098 721 4161 utriusque
738 4114 790 4163 spe·
835 4116 862 4149 ιιι
872 4100 970 4149 Defcns
983 4100 1061 4163 ejusd.
1075 4101 1096 4149 F.
1115 4101 1155 4149 ist.
1174 4116 1216 4164 pp.
1229 4103 1365 4161 106‚10t.;

268 4172 315 4208 clcl
328 4175 392 4209 usus
395 4160 516 4211 ''.-Cono
529 4161 642 4211 'trident
663 4163 791 4214 Susarri.
837 4170 863 4214 ot
853 4165 936 4214 tibid.
948 4166 994 4214 col.
1004 4168 1059 4214 688.
1055 4116 1113 4228 Bi

268 4225 360 4286 capii.
377 4224 677 4275 DeCommunroncsub
689 4236 793 4290 utraque
870 4227 881 4259 ι’
914 4229 1108 4294 Videsupmp
1117 4231 1171 4279 215.
1184 4235 1237 4278 not.
1245 4229 1274 4292 ι]

268 4288 357 4351 specie
359 4289 473 4339 '.-Conc
491 4295 551 4339 tom.
564 4291 615 4339 xiv.
627 4291 673 4341 col.
687 4294 741 4342 846
754 4292 794 4356 E
911 4293 1005 4343 ‘Inter
1029 4299 1120 4343 caetera
1142 4297 1226 4342 autem
1250 4295 1366 4345 Concilio

301 4352 491 4417 ·[VideResp
500 4353 579 4411 Torti,

550 4358 761 4485 pe‚6'6;0pw
659 4362 705 4413 ‚et
715 4292 794 4420 Episd
840 4364 949 4482 puatuor
960 4373 1012 4407 osse
1023 4360 1116 4407 scimus
1123 4358 1276 4408 venerabiles
1287 4374 1363 4420 syno-

269 4353 387 4465 Bellirm.
399 4369 548 4468 adBlacktv.
858 4438 901 4471 os·
919 4438 975 4484 quse
994 4427 1074 4472 totam
1091 4423 1266 4499 principaliter
1287 4423 1364 4474 fidem

268 4479 313 4531 vil.
324 4480 372 4531 col.
383 4481 495 4544 ⁶68.C.;
511 4489 538 4534 et
549 4484 613 4534 cont
631 4437 703 4550 Rcsp.
710 4427 796 4545 dorii,
840 4487 1049 4551 complectuntur,
1072 4488 1142 4550 quasi
1160 4492 1267 4550 quatuor
1284 4486 1366 4538 Euan

1340 4684 1363 4715 Ν
