2910 4926
473 283 655 334 monoouu
675 282 857 332 nmrousm.
1149 272 1210 336 471

113 440 274 505 contrario
294 440 409 519 solum,
432 441 530 505 etiam
552 439 609 504 ubi
630 439 733 518 solvit,
759 439 929 523 (quantum
950 438 1032 523 Regi
1054 439 1132 503 satis
1149 441 1210 522 est)

113 542 243 623 fatetur,
277 543 425 607 Omnibus
461 544 622 626 Apostolis
656 543 763 628 άᾳίαηι
795 543 995 606 communiter
1024 549 1213 624 potestatem

114 647 234 729 lipondi
255 652 286 709 et
307 643 478 710 salconeti
523 646 570 711 At
591 644 648 710 ubi
671 653 744 730 post
767 647 873 727 primo
896 647 956 709 soli
982 646 1078 709 Petro
1104 647 1212 710 dotum

114 751 204 830 dicit,
220 752 319 836 gratis
335 751 423 832 dicit,
439 758 551 836 estque
565 752 601 816 in
614 773 663 831 eo,
678 772 746 816 non
759 750 886 814 veritati
902 749 1007 829 modo,
1023 750 1080 815 sed
1094 758 1127 814 et
1143 750 1212 835 ipse

112 855 173 919 sibi
197 856 386 921 contrarius.
432 858 509 921 Non
535 857 633 920 Petro
655 854 759 919 claves
781 864 851 919 tum
873 854 967 928 datae,
983 875 1056 919 cum
1080 854 1160 918 dixit
1182 855 1212 919 ei

112 958 269 1038 Christum,
289 960 358 1023 itbi
380 959 460 1023 dabo
483 960 594 1037 claves,
619 959 758 1024 Thomas
779 957 847 1041 ipse
869 958 990 1022 asserit.
1038 959 1103 1021 Sed
1124 959 1211 1036 dicit,

115 1062 184 1124 titi
205 1062 294 1125 dabo.
339 1063 487 1125 Nondum
509 1063 590 1125 euim
609 1069 700 1126 mant
717 1059 898 1143 fabricate.
942 1061 1006 1124 Res
1028 1068 1131 1124 cutem
1152 1083 1213 1125 nou

106 1171 212 1246 potest
239 1166 321 1245 doci,
350 1172 515 1248 autequam
537 1167 590 1229 ait.
636 1165 842 1228 Fabricandoe
867 1171 969 1228 cutem
994 1167 1041 1228 tae
1066 1171 1157 1229 eram
1179 1166 1213 1229 in

103 1269 279 1349 poeaiouc'.
324 1269 402 1333 Non
417 1289 492 1352 argo
508 1275 580 1333 onte
591 1269 771 1351 passionen
786 1267 879 1332 datae.
918 1269 990 1332 Neo
1005 1289 1081 1351 ergo
1095 1268 1128 1331 vi
1142 1290 1211 1333 ver-

109 1369 234 1450 borum,
247 1369 403 1452 Confirma
417 1372 547 1434 Fratres
562 1377 630 1435 tuos
639 1380 666 1436 ''.
709 1372 797 1435 Nam
812 1378 846 1436 et
862 1371 918 1435 illa
932 1377 1004 1434 aute
1019 1372 1210 1435 Passionem.

110 1473 131 1535 J
133 1494 185 1536 am
194 1479 269 1554 post
279 1474 457 1554 passiorsem
471 1474 576 1557 primo
590 1473 729 1536 omuibus
743 1473 904 1554 Apostolis
919 1473 1052 1551 dictum,
1068 1474 1212 1556 Accipite

108 1576 262 1657 Spiritum
283 1577 443 1654 Sanctum,
462 1576 598 1648 &aarum
619 1577 812 1653 remiseritis,
829 1582 881 1662 ⁸5⁶·
926 1576 1003 1640 Post
1025 1583 1134 1640 autem
1154 1578 1210 1641 ali·

108 1686 229 1761 quanto
260 1680 367 1757 Petro,
398 1679 499 1741 Pasce
528 1698 607 1743 oves.
653 1679 746 1743 Prius
777 1700 854 1762 ergo
885 1681 1025 1743 omnibus
1048 1663 1194 1763 Apostot'

107 1782 331 1860 communiter,
348 1803 444 1866 quam
458 1783 518 1845 soli
527 1782 633 1847 Petro.
658 1781 783 1848 Quodsi
798 1783 819 1844 J
820 1803 891 1847 oan.
904 1804 956 1846 xx.
965 1788 1110 1865 potestas
1124 1785 1209 1847 ordi-

106 1886 156 1948 nis
173 1885 249 1951 data
266 1893 316 1950 est
330 1885 469 1949 omuibus
483 1886 654 1968 equaliter,
670 1892 713 1964 et,
734 1886 831 1950 Mau
848 1885 934 1949 xviii.
951 1892 1094 1968 potestas
1106 1888 1209 1969 juria-

106 1988 253 2052 dictionis
276 1989 415 2052 omnibus
438 1988 536 2052 etiam
565 1989 727 2070 equaliter
750 1987 826 2051 data
849 1996 909 2066 est,
939 1996 977 2052 ut
1006 1988 1041 2053 in
1071 1996 1209 2073 utraque

106 2098 278 2174 potestate,
293 2101 331 2157 ut
343 2090 513 2174 utrobique
529 2111 622 2174 pares
636 2090 683 2155 ita
698 2089 773 2154 sint.

138 2226 213 2277 Sotus
224 2263 230 2276 .
243 2265 249 2276 .
262 2226 346 2277 ‚nihil
364 2229 393 2277 in
411 2227 467 2278 loco
483 2228 577 2278 citato.
591 2264 598 2277 .
611 2264 616 2276 .
629 2226 661 2278 ds
677 2227 724 2278 hac
739 2241 766 2277 rc
778 2226 957 2293 dicit—[Bell.
975 2228 1049 2292 Apol.
1062 2243 1108 2292 pro
1121 2228 1205 2294 Resp]

170 2322 194 2371 p.
207 2311 262 2358 195.
280 2308 346 2374 [Op.,
358 2312 419 2360 tom.
431 2309 476 2359 rii.
487 2309 533 2360 col.
545 2310 601 2360 814.
612 2307 655 2372 A.]

148 2407 236 2470 Nam
262 2406 302 2471 de
328 2408 407 2472 Soto
430 2407 552 2473 frustra
580 2408 641 2473 sibi
666 2408 784 2471 creavit
807 2406 987 2472 Cardinalis
1013 2406 1202 2473 molestiam.
1218 2423 1324 2489 [Secu]

106 2509 148 2572 In
164 2509 254 2573 libris
268 2509 355 2574 enim
370 2511 489 2594 Repu,
506 2532 586 2593 quos
608 2509 688 2574 mihi
710 2510 816 2574 videre
839 2509 985 2594 contigit,
1007 2511 1122 2576 Scotus
1143 2517 1203 2590 est,

104 2632 171 2675 non
188 2613 295 2676 Sotus.
342 2614 457 2678 Scotus
473 2620 581 2678 autem
596 2621 634 2677 ut
649 2611 705 2677 ubi
720 2613 846 2692 citatur,
863 2612 948 2677 Dist.
967 2615 1018 2678 19.
1035 2617 1108 2678 Art.
1125 2610 1180 2679 1¹.

136 2748 180 2796 An
190 2761 222 2797 ex
233 2746 280 2797 hoo
291 2746 360 2798 dicto
372 2747 505 2808 Hadriani.
517 2749 556 2800 vel
568 2763 600 2799 ax
610 2749 668 2800 aliis
680 2749 765 2799 citatis
776 2748 929 2799 Auctoribus
939 2749 1103 2799 convincatur
1114 2749 1206 2800 Tortus

169 2828 303 2888 mandacii,
314 2828 437 2879 lectorum
448 2831 497 2880 crit
503 2829 718 2896 jndicio—[Beli
726 2829 800 2894 Apoi
813 2844 859 2894 pro
868 2828 952 2894 Resp]
963 2844 988 2895 p.
997 2832 1052 2881 196.
1064 2830 1130 2896 [Op.,
1142 2838 1203 2881 tom.

170 2909 214 2958 vii
225 2909 272 2959 col.
282 2911 338 2959 814.
351 2908 379 2959 B.
391 2909 429 2974 O.]

149 3015 334 3080 Hadrianus
350 3016 429 3081 dicit
443 3017 583 3100 quidem,
602 3019 710 3081 claves
724 3038 789 3081 esse
804 3019 897 3082 dotas
910 3020 1047 3082 eumue
1058 3024 1089 3081 et
1097 3024 1203 3100 potes·
1218 3037 1358 3152 prnsurust

107 3119 203 3192 totis;
229 3118 285 3183 sed
305 3119 383 3184 dicit
405 3118 470 3199 ibi;
496 3120 587 3183 ‘titi
609 3121 687 3183 dabo
706 3122 836 3200 Claoes,'
852 3123 1087 3203 momuuooem
1106 3133 1203 3186 esset.
1244 3105 1287 3171 ¹·‘]

104 3220 193 3284 Dicit
207 3221 350 3284 eeucado.
388 3223 437 3285 De
446 3224 532 3285 cloue
542 3223 708 3285 miautcrii
723 3223 900 3287 dictumest
915 3225 1022 3303 Petro,
1041 3223 1109 3286 utos·
1124 3225 1203 3288 dabo

106 3323 217 3401 claves,
233 3329 264 3386 ct
279 3325 312 3386 iu
324 3324 420 3387 Petro
436 3324 657 3387 Sacerdotibus
671 3326 820 3405 omnibus,
837 3327 946 3409 quibus
960 3327 994 3389 iu
1008 3326 1204 3390 ordinatione

105 3425 199 3489 datur
225 3426 366 3507 Spiritus
387 3427 532 3506 Sanctus,
554 3433 589 3490 ut
608 3448 736 3510 quorum
757 3429 933 3493 remiserint
952 3435 1097 3510 peccata,
1115 3435 1167 3515 διε.
1179 3443 1201 3494 ¹.

136 3586 149 3609 ¹
169 3577 245 3643 [ud
267 3579 378 3643 primum
402 3594 462 3643 ergo
489 3579 633 3642 dicendum,
677 3580 1201 3647 etJoan.xx.impletnrilludpromissum,

105 3641 171 3707 quod
182 3643 297 3706 quamvis
306 3644 424 3694 omnibus
432 3645 562 3710 Apostolis
574 3643 634 3695 dats
676 3644 775 3696 dicento
783 3646 1036 3708 christo‚‘Quorum,'
1044 3646 1201 3698 w-Soot

104 3709 140 3756 sit
161 3707 329 3758 communiter
351 3712 460 3773 potestas
485 3709 583 3772 ligandi
607 3713 634 3760 ct
676 3710 705 3760 in
721 3710 765 3760 liu
783 3712 817 3761 iv.
840 3711 909 3760 Ssnt
930 3711 995 3761 Dist
1007 3713 1060 3762 xix.
1078 3712 1171 3771 Quart
1183 3713 1200 3762 i.

105 3772 233 3829 solvendi;
250 3776 337 3822 tamen
356 3775 430 3823 utin
446 3774 493 3825 hac
509 3778 633 3838 potestate
676 3774 732 3839 Op,
742 3780 803 3825 tom.
816 3777 851 3826 im
863 3791 887 3840 p.
900 3775 970 3840 tit]

104 3836 165 3886 ordo
176 3836 268 3900 aliquis
278 3837 470 3899 significaretur,
484 3840 567 3904 primo
582 3838 630 3888 soli
705 3848 716 3880 1
729 3839 799 3905 [“Ad
811 3840 955 3905 oppositum
963 3845 1003 3892 est
1010 3842 1142 3905 promissio
1151 3841 1201 3893 Sal·

104 3900 180 3951 Petro
191 3901 250 3951 data
260 3905 306 3960 ost.
316 3906 345 3952 nt
355 3902 508 3962 ostendatur,
520 3902 587 3967 qaod
598 3903 630 3953 ab
674 3904 774 3965 vetoris,
785 3903 904 3956 Matthaei
911 3907 962 3958 xvi.
975 3905 1045 3956 ‘rim
1057 3905 1135 3968 dabo:
1144 3907 1201 3957 isc!

104 3979 134 4015 oo
145 3966 173 4015 in
183 3966 246 4016 alios
256 3965 346 4016 debeat
356 3967 405 4016 ista
413 3973 523 4031 potestas
533 3968 631 4018 deseca·
674 3967 795 4020 Hadrian.
805 3970 832 4019 in
843 3970 888 4020 lib.
896 3971 930 4020 iv.
947 3970 1025 4032 Sunt,
1034 3970 1065 4022 ds
1075 3971 1202 4022 curibus.

103 4029 184 4080 derel'
195 4058 228 4067 -
239 4031 264 4081 S.
276 4030 364 4081 'l'hom
376 4032 470 4096 Aqain
492 4033 521 4082 in
538 4033 582 4082 lib.
596 4033 630 4083 iv.
673 4034 715 4084 iol.
727 4035 791 4084 xcvi.
802 4035 848 4085 col.
859 4034 895 4100 2.]

104 4094 173 4144 Sept
193 4094 258 4144 Dist
277 4096 345 4146 xxiv.
366 4096 458 4155 Quoest
478 4097 514 4147 iii.
533 4099 589 4148 Art
603 4097 631 4147 ii.
707 4098 836 4176 ¹[“Haec
892 4104 970 4150 testas
996 4105 1099 4151 vocatur
1124 4100 1202 4151 clavis

104 4157 184 4208 Sciat
193 4160 230 4209 iii.
243 4159 298 4224 0p.,
308 4165 370 4211 tom.
382 4162 438 4211 xiii.
450 4176 473 4240 p.
483 4160 534 4226 41.]
675 4162 816 4214 ministerii.
874 4170 886 4214 t
901 4164 934 4215 de
956 4164 1002 4215 hac
1018 4165 1086 4214 clave
1103 4164 1201 4216 dictum

136 4231 147 4253 '
165 4223 204 4288 [S.
216 4223 304 4274 'thom
325 4226 418 4289 Aqnin
453 4241 481 4275 m
491 4226 566 4277 Mstt
578 4227 629 4277 xvi.
674 4232 713 4278 est
721 4227 801 4288 Petro,
812 4228 871 4279 'ribi
882 4229 947 4280 dabo
957 4229 1039 4279 clavos
1050 4230 1121 4292 regni
1130 4231 1202 4280 ceslo-

105 4286 171 4352 [Op.
183 4292 243 4339 tom
255 4290 292 4339 iii.
304 4304 328 4354 p.
337 4291 392 4343 197.
401 4290 424 4340 b.
674 4307 738 4351 rum,
746 4297 773 4342 et
781 4293 808 4342 in
815 4292 890 4344 Petro
899 4294 1016 4343 omnibus
1024 4293 1201 4355 sacerdotibus,

136 4361 153 4383 '
175 4351 234 4402 Luc.
246 4355 309 4404 xxii.
322 4354 372 4420 82]
621 4360 624 4367 '
675 4358 767 4421 quibus
784 4357 812 4407 in
827 4359 985 4409 ordinatione
1000 4357 1076 4408 datur
1091 4357 1200 4422 Spiritus

136 4425 148 4448 ¹
163 4351 298 4482 i‘⁴Contra,
314 4419 388 4470 Maso
404 4421 455 4470 xvi.
472 4421 632 4484 promittitur
675 4422 787 4482 Sanctus,
808 4428 838 4472 nt
854 4438 960 4486 quorum
982 4423 1128 4474 remiserint
1148 4437 1201 4488 pec

104 4480 186 4544 Petro,
196 4489 222 4533 ot
230 4484 406 4547 sacerdotibus,
419 4485 490 4536 “riu
499 4486 579 4547 dsbo‚'
587 4487 630 4536 &u
675 4488 753 4548 csts,‘'
764 4487 907 4539 tc—lbiu.
919 4488 964 4540 ool.
977 4487 1011 4552 8.]
