2910 4926
459 303 640 352 naumann
663 303 844 351 ursaonae.
1141 288 1206 350 259

105 458 267 523 Cardinali
287 458 537 542 responderent;
562 479 622 522 uec
637 458 677 522 de
698 458 916 522 accidentibus
937 457 997 520 sihi
1019 479 1103 521 eurae
1126 478 1204 520 esse.

105 561 170 624 Sed
186 570 219 625 et
235 563 301 626 Lea
316 563 362 624 ihi
382 563 464 625 nihil
486 563 608 639 asserit,
632 562 705 639 nisi,
721 583 772 626 eos
786 564 966 644 sanpuinem
988 562 1206 643 redemptionis

103 670 304 728 nostre-aon
329 667 466 729 haurire.
512 667 591 729 Non
617 667 745 728 haurire
756 692 766 738 ;
799 667 949 729 simulare
973 675 1092 743 tamen,
1116 666 1205 749 quasi

103 767 273 832 hauriant:
308 769 464 831 Pitissare
493 769 614 832 seilicet
644 769 830 853 pauxillum,
854 790 910 832 ore
940 769 1115 846 continere,
1145 789 1205 831 nee

103 871 242 947 haurire,
264 893 417 954 exspuere
441 872 527 935 enim
547 880 630 956 post,
655 872 712 936 sed
734 873 875 951 interim,
899 872 990 955 quasi
1012 872 1203 949 hausissent,

104 974 264 1039 simulare.
309 976 359 1037 Eo
373 976 459 1038 enim
475 983 629 1059 spectant,
643 997 713 1058 quae
728 977 796 1039 Leo
811 976 921 1038 statim
937 975 1075 1058 subjicit.
1117 975 1207 1047 Quod

103 1076 174 1139 ideo
199 1083 334 1139 cestram
359 1079 498 1140 uolumus
522 1079 603 1167 scire
628 1079 837 1155 sanctitatem,
864 1083 899 1139 ut
922 1078 1008 1140 vobis
1032 1077 1205 1159 hujusumodi

104 1181 241 1242 homines
263 1187 293 1242 et
316 1182 365 1242 on
386 1179 621 1261 manifestentur
639 1182 785 1254 iudiciis,·
809 1187 849 1257 et,
873 1201 1001 1261 qaorum
1017 1181 1205 1260 deprebensa

97 1280 203 1362 suerit
222 1285 377 1366 samitepa
391 1285 559 1362 simulatio,
576 1286 676 1347 notati
695 1290 725 1347 et
734 1285 856 1365 praediti
872 1304 893 1346 a
909 1285 1095 1346 Sanctorum
1108 1285 1205 1346 socie-

105 1392 171 1448 tate
183 1387 379 1449 Sacerdototi
395 1389 581 1450 auctoritate
589 1389 760 1468 pellantur.
800 1388 876 1452 Fuit
891 1408 968 1468 ergo
982 1387 1087 1470 aliqua
1097 1388 1204 1450 Mani-

105 1491 256 1552 clueorum
271 1490 425 1571 sacrilepa
439 1491 606 1569 simulatio,
623 1513 642 1553 a
657 1492 717 1573 piis
732 1490 876 1554 notanda
891 1499 923 1552 et
939 1489 1111 1572 prodenda.
1144 1490 1205 1552 Illa

103 1612 180 1654 vera
196 1593 290 1674 quae?
334 1594 461 1675 Nempe
476 1593 556 1656 illud
571 1595 606 1656 in
621 1593 697 1657 vitio
714 1594 805 1677 ponit
821 1596 898 1671 Lea,
915 1592 1000 1675 quod
1016 1593 1204 1674 Sanprrinrm

103 1695 323 1775 redemptionis
344 1702 456 1758 nostre
479 1697 606 1759 haurire
621 1698 793 1769 declinent;
813 1696 908 1778 jubet
932 1703 1042 1758 autem
1061 1716 1099 1757 eo
1121 1695 1204 1757 indi-

105 1797 155 1860 cio
169 1798 274 1860 notari
289 1804 322 1860 et
337 1798 438 1881 prodi,
451 1799 545 1881 jubet
556 1801 742 1883 saarilepom
758 1801 986 1862 simulatio-nem
999 1798 1203 1881 deprehendi.

106 1901 287 1964 Intervenit
307 1922 384 1984 ergo
405 1903 561 1984 sacrilepa
582 1904 751 1981 simulatio,
767 1902 856 1979 dum,
874 1902 958 1984 quod
974 1922 1026 1964 ore
1040 1907 1203 1977 annuerent,

104 2004 233 2066 haurire
253 2010 364 2067 tamen
387 2005 600 2079 declinarent;
624 2029 718 2089 quarn
743 2006 848 2070 notari
865 2006 933 2068 vult
949 2012 982 2068 et
999 2003 1203 2086 deprehendi,

106 2115 144 2169 ut
165 2106 314 2189 deprensi
331 2109 494 2188 pellantur
516 2109 671 2172 Ecclesia.
719 2109 806 2174 Quid
829 2130 909 2192 opus
929 2115 1037 2170 autern
1058 2108 1162 2169 notari
1187 2130 1205 2169 a

108 2208 266 2286 fidelibus,
283 2210 369 2292 quod
384 2211 512 2275 haurire
528 2212 726 2275 declinarent
742 2213 950 2295 sanguinem,
972 2218 1029 2273 aut
1045 2211 1204 2293 quomode

105 2311 205 2375 latere
220 2333 258 2375 eo
268 2312 364 2391 facto,
377 2314 426 2377 vel
442 2315 560 2397 proditi
575 2314 615 2377 de
627 2335 675 2392 co,
687 2315 832 2377 Ecclesia
841 2316 931 2395 pelli,
942 2313 1004 2376 nisi
1018 2315 1162 2376 sintulate
1171 2314 1207 2375 id

105 2416 273 2479 iacerent?
297 2416 442 2480 latebant
469 2417 607 2500 quidem,
632 2439 669 2480 eo
693 2417 777 2500 quod
804 2419 932 2480 horariae
955 2416 1204 2493 assimulatam,

106 2540 166 2582 nec
180 2518 372 2582 hauriebant
386 2527 513 2598 tamen,
538 2522 578 2584 de
594 2544 657 2605 quo
672 2522 873 2605 deprehensi,
888 2534 1044 2603 tanquam
1059 2526 1092 2583 et
1106 2522 1204 2582 sami-

107 2621 190 2702 lepii,
221 2629 254 2684 et
281 2623 488 2686 assentationis
516 2625 572 2699 rei,
599 2625 751 2688 Censuris
780 2625 933 2688 Ecclesiae
962 2624 1077 2686 merito
1114 2630 1206 2685 erant

106 2722 252 2786 feriendi.
287 2726 375 2787 Nam
384 2726 589 2809 Augustinus
605 2736 638 2791 et
653 2728 853 2810 Epiphanius
869 2729 951 2791 inter
965 2748 1086 2789 errores
1098 2727 1205 2787 Mani-

108 2827 258 2888 clueorum
273 2846 435 2889 summare
452 2849 520 2891 non
534 2836 692 2911 poterant,
709 2829 763 2911 qui
782 2828 891 2892 nullus
907 2835 984 2892 erat.
1031 2829 1107 2891 Non
1120 2827 1207 2890 enim

107 2926 275 2991 admovere
298 2928 345 2991 ori
359 2930 540 2993 renuebant
560 2931 702 3007 calicem,
720 2932 777 2993 sed
793 2932 921 2994 baurim
942 2930 1146 3002 simulabant;
1169 2937 1207 2991 ut

107 3051 197 3094 error
210 3052 277 3094 non
291 3032 390 3094 fuerit
405 3033 577 3111 notandus,
593 3035 649 3097 sed
664 3033 827 3116 prodenda
841 3035 1007 3096 simulatio.

141 3165 198 3216 Mos
209 3172 263 3217 erat
273 3168 459 3231 antiquissimis
469 3168 633 3232 temporibus,
640 3171 676 3228 ut,
689 3169 732 3231 qui
744 3168 844 3229 vellent,
855 3168 1040 3219 Eucharistiam
1052 3167 1079 3216 in
1090 3166 1208 3216 manibus

173 3253 309 3310 sumerent,
318 3264 346 3300 ac
358 3249 461 3300 domum
473 3250 599 3301 deferrent
610 3251 766 3311 sumendam,
774 3265 832 3298 cum
843 3250 880 3299 cis
893 3249 1205 3313 opportunum'rideretur.

174 3330 216 3396 [ld
227 3336 334 3381 testatur
345 3332 515 3383 Tertullianus
523 3332 542 3394 k,
554 3333 696 3383 dra-Bell.
708 3333 782 3396 Apol.
795 3347 841 3395 pro
853 3331 937 3395 Resp]
955 3347 979 3395 p.
993 3333 1047 3380 104.
1067 3330 1133 3395 [Op.,
1144 3335 1206 3380 tom.

174 3415 216 3463 rii.
235 3415 280 3464 col.
290 3416 345 3466 763.
359 3414 401 3478 A]

142 3604 154 3636 ¹¹
171 3605 197 3670 [“
204 3604 264 3654 Non
275 3606 337 3655 sciet
347 3605 461 3666 maritus,
471 3605 532 3668 quid
541 3612 634 3656 secreto
678 3609 721 3656 τοῦ
731 3607 792 3655 huoi
802 3609 889 3658 λαθεῖν
899 3604 944 3665 τὴν
954 3608 1037 3669 μοῖραν
1048 3603 1205 3670 ἐπιτρέπουσι.

110 3675 170 3720 autc
182 3684 282 3719 omnam
299 3671 384 3718 eibum
401 3673 504 3732 gustest
520 3676 547 3720 at
558 3673 579 3720 si
591 3672 635 3720 sci·
678 3671 822 3721 -aclaa
840 3671 915 3719 Alex.
928 3671 1019 3721 Strom.
1039 3671 1083 3720 lib.
1095 3673 1110 3720 i.
1124 3686 1176 3735 cap.
1185 3675 1205 3720 l.

109 3735 175 3783 verit
186 3749 344 3797 panem,non
353 3735 426 3783 illum
437 3734 517 3784 credit
527 3750 580 3784 esse
592 3738 635 3798 qui
678 3751 702 3799 p.
717 3739 772 3785 318.

108 3798 232 3847 diciturl”
258 3803 266 3854 (
285 3800 342 3848 anis
364 3800 416 3848 scil.
440 3799 634 3862 Eucharisticns)
712 3801 751 3849 Ἐν
767 3798 931 3865 Ἀλεξανδρείᾳ
954 3800 1209 3862 asservamus

108 3863 209 3912 -Terh
227 3863 259 3913 ad
296 3878 348 3912 xor.
370 3864 414 3912 lib.
427 3865 452 3912 ii.
476 3878 528 3926 esp.
541 3868 562 3914 a.
581 3864 636 3928 Op,
680 3863 833 3915 ἕκαστονκαὶ
850 3869 897 3914 τῶν
914 3867 939 3913 ἓν
955 3869 1007 3928 λαῷ
1023 3865 1165 3923 τελούντων,
1178 3868 1208 3914 ὣς

108 3928 236 3990 p.169.B.
680 3930 719 3978 aa
735 3930 764 3978 τὸ
780 3931 903 3986 πλεῖστον,
923 3929 975 3991 ἔχει
993 3932 1115 3979 κοινωνίαν
1134 3931 1158 3978 ἐν
1175 3932 1209 3992 τῷ

145 3992 201 4040 “Et
219 3993 292 4052 alius,
310 3993 353 4054 qui
375 3996 402 4041 et
420 3992 473 4054 ipse
490 3993 636 4052 maculatus,
682 3996 739 4055 oltra
767 3995 846 4052 αὐτοῦ,
870 3994 909 4043 καὶ
931 3995 972 4043 ὅτε
996 3993 1118 4050 βούλεται,
1139 4013 1209 4055 μετα-

108 4057 231 4106 saerificio
239 4071 254 4106 a
263 4056 390 4106 sacerdote
401 4057 533 4117 celebrato,
541 4064 638 4120 partem
682 4057 800 4118 λαμβάνει
813 4060 841 4106 δι’
853 4059 1002 4108 laurea—S.
1012 4060 1066 4109 Bas.
1087 4059 1131 4122 ΕΙ).
1139 4059 1209 4108 xciii.

109 4135 168 4169 cum
186 4122 284 4170 eastern
302 4136 377 4170 ausus
396 4125 434 4169 est
454 4122 562 4171 latenter
579 4123 640 4170 acei-
684 4121 776 4171 Benad.
798 4122 838 4184 (ai.
858 4123 995 4185 cclxxxix.)
1015 4123 1046 4173 ad
1067 4124 1208 4173 Canariam.

110 4199 184 4246 pere:
204 4191 318 4234 sanetum
333 4186 436 4235 Domini
453 4186 526 4235 edors
542 4192 568 4234 et
584 4201 639 4235 con·
683 4186 738 4249 Op,
763 4190 824 4235 tam.
838 4186 874 4234 iii.
892 4202 916 4250 p.
929 4189 985 4238 187.
999 4190 1029 4236 A.

111 4254 217 4298 tractare
233 4265 284 4298 non
299 4252 390 4313 potuit,
408 4252 516 4301 cinerem
534 4251 597 4299 ferre
614 4266 639 4299 se
715 4253 731 4278 “
738 4251 780 4299 An
792 4251 856 4299 alins
867 4251 894 4299 in
905 4252 1013 4312 publico,
1023 4253 1087 4301 alins
1098 4253 1125 4300 in
1134 4251 1209 4301 domo

110 4315 206 4375 spartis
226 4315 344 4363 manibus
362 4316 482 4363 invenit.'’
493 4342 521 4352 —
535 4315 559 4363 S.
578 4316 640 4378 Gyp·
683 4315 799 4364 Christus
816 4318 869 4362 esti
897 4316 968 4373 Quod
985 4318 1013 4365 in
1032 4316 1141 4365 Faciesia
1158 4330 1210 4364 non

109 4379 175 4425 riam
188 4378 220 4427 de
234 4379 328 4442 iiapsia
347 4379 402 4442 Op,
419 4395 443 4443 p.
456 4383 510 4428 133.
684 4380 750 4437 licet,
768 4379 897 4428 usedomi
917 4381 1056 4430 lieet.''-S.
1072 4380 1142 4429 Hiar.
1164 4380 1209 4444 Ep.

142 4440 175 4508 ᾟ
199 4445 238 4492 ital
263 4448 309 4502 τήν
331 4446 491 4507 Εὑχαριστίαν
514 4444 576 4494 τινὲς
597 4448 641 4493 δια·
685 4445 765 4493 xlviii.
778 4444 845 4492 Veli.
858 4444 898 4505 (al.
911 4445 939 4501 hl
951 4460 993 4494 sen
1006 4445 1081 4494 hiber
1092 4445 1166 4508 Apol.
1178 4446 1209 4494 ad
1286 4491 1291 4500 ,

113 4507 241 4568 νείμαντες,
266 4511 296 4559 ὣς
316 4509 375 4567 lios,
398 4512 470 4559 siria
490 4509 518 4567 ὃν)
538 4508 642 4559 ἕκαστον
686 4508 828 4559 pammach.
847 4523 892 4572 pro
910 4509 982 4558 libris
998 4515 1085 4559 eontra
1101 4509 1203 4559 Jovlnia

895 4593 953 4653 s2
