2910 4926
250 267 315 328 490
563 278 607 326 n>
629 275 820 326 eunomius
842 273 1041 323 numanum

250 433 357 498 dubiae
378 432 472 516 proin
493 432 569 496 fidei
585 434 753 511 Auctores,
770 430 931 494 nescimus
954 435 1073 505 autem,
1090 447 1132 489 an
1154 434 1188 490 et
1210 427 1356 492 conficti.

252 537 316 600 Sed
330 546 364 600 et
378 538 466 598 illum
481 543 590 599 tamen
605 535 643 616 (si
657 533 827 616 interfuit)
843 531 1027 596 nuditatem
1043 529 1148 594 Patris
1163 529 1213 592 sui
1230 531 1358 613 operire

249 640 397 716 voluisse,
419 638 521 720 magis
536 636 726 701 verisimile:
752 657 850 719 quam
872 635 986 716 cipiati
1010 633 1090 696 alico
1107 632 1199 715 (quos
1226 633 1355 696 Bardus

250 741 428 822 enumerat)
447 761 517 804 rem
536 747 639 803 totam
654 738 855 802 confinxisse.
901 735 1076 801 Baroniiis
1097 754 1168 797 mos
1182 733 1355 816 pessimus,

251 843 402 925 quicquid
424 842 473 905 illi
496 841 538 905 ad
560 840 762 905 stomachum
786 838 927 917 nonsit,
953 838 1031 919 (non
1054 844 1102 900 est
1122 843 1244 914 autem,
1271 835 1358 919 quod

250 945 401 1009 Pontifici
420 945 528 1007 minus
550 951 601 1007 est
620 941 846 1023 honorificum)
866 940 901 1004 id
922 939 1074 1004 eradendi
1092 960 1131 1002 ex
1144 939 1306 1017 Historia,
1322 937 1356 1001 id

250 1047 419 1111 arrodendi
448 1047 483 1109 in
511 1046 668 1110 Historia.
714 1047 758 1110 Et
787 1044 919 1128 quidem
948 1043 1003 1126 qui
1030 1041 1241 1107 Genebrardo
1272 1040 1359 1104 anti·

250 1151 376 1232 quiores
391 1156 467 1212 sunt
481 1149 595 1226 multo,
609 1149 661 1211 vel
678 1147 820 1230 Sigonio,
837 1147 935 1211 etiam
950 1144 1008 1228 qui
1021 1145 1160 1222 Platina,
1175 1143 1228 1207 vel
1246 1141 1359 1206 Sabel-

250 1253 322 1329 lico,
338 1273 407 1315 rem
424 1259 582 1315 esserunt.
633 1250 755 1314 Puduit
769 1257 880 1314 tamen
894 1249 945 1312 vel
958 1250 1145 1311 recentiores
1160 1246 1220 1309 hos
1236 1246 1359 1310 referre

249 1376 329 1418 rem.
376 1354 465 1420 Quid
487 1375 563 1438 ergo
584 1353 758 1432 mirum,si
780 1360 813 1417 et
835 1373 875 1416 ec
893 1353 1032 1432 antiquie
1045 1348 1202 1434 quosdam
1215 1348 1266 1412 rei
1282 1369 1358 1431 sup·

250 1457 411 1541 puderet?

284 1594 389 1652 Quando
406 1593 454 1643 soli
472 1594 623 1644 recentiores
639 1591 775 1653 affirment,
791 1605 844 1641 non
857 1593 896 1640 est
910 1589 1013 1648 mirum,
1032 1589 1055 1637 si
1071 1591 1168 1637 veteres
1181 1600 1235 1636 non
1253 1590 1359 1649 negent,

316 1675 383 1738 qnod
394 1674 510 1725 divinare
521 1690 573 1724 non
584 1678 721 1738 potuerunt
737 1688 753 1723 a
764 1671 945 1722 recentioribus
955 1668 1150 1732 confingeudum
1160 1667 1360 1732 inissa-{Bell

318 1756 392 1820 Apol.
405 1770 450 1819 pro
462 1754 549 1819 Resp]
562 1769 586 1818 p.
600 1756 655 1804 202.
673 1753 744 1818 [Op.‚
759 1752 873 1803 tomvii.
890 1752 936 1802 col.
949 1753 1004 1802 823.
1016 1749 1063 1813 D.]

296 1854 342 1916 At
371 1853 498 1936 antiqui
526 1852 574 1916 nil
599 1852 663 1916 tale
689 1850 893 1934 seripserunt.
942 1849 1144 1932 Scripserunt-
1168 1867 1246 1910 vero
1272 1845 1357 1924 Obo,

254 1958 474 2033 Benvenutus‚
490 1955 684 2038 Malaspina.
727 1955 771 2017 Et
785 1952 904 2037 posteri
919 1952 959 2015 ab
975 1952 1027 2016 his
1041 1958 1241 2034 acceperunt
1269 1949 1360 2011 Nam

254 2067 314 2136 tot,
327 2065 395 2121 tam
409 2058 553 2141 probatae
567 2057 652 2136 fidei,
663 2058 821 2121 Auctores
836 2055 1033 2132 insimulare,
1045 2053 1137 2138 quasi
1152 2050 1361 2133 confincerint

253 2160 315 2244 ipsi
330 2181 408 2237 rem,
427 2160 537 2223 durius
559 2158 594 2222 id
618 2159 749 2242 quidem
772 2164 831 2237 est,
855 2165 888 2221 et
912 2156 999 2241 quod
1021 2163 1137 2240 praeter
1152 2154 1360 2218 cardinalem

254 2262 337 2326 sorte
359 2262 442 2325 alius
463 2283 530 2325 non
546 2262 688 2326 diceret:
713 2261 777 2344 qui,
793 2281 835 2324 ne
850 2260 1007 2323 mentitus
1022 2260 1089 2342 ipse
1103 2257 1260 2336 videatur,
1276 2256 1361 2319 nihil

256 2364 347 2448 pensi
362 2364 460 2429 habet-
473 2365 613 2448 reliquos
628 2385 739 2427 omnes
753 2363 924 2428 mendaces
940 2361 1086 2426 scribere

290 2542 356 2623 Quid
368 2564 510 2614 Fridericus
521 2566 644 2624 timuerit,
655 2564 728 2614 docet
739 2565 792 2628 ipse
803 2564 832 2613 in
841 2565 966 2623 Oratione,
973 2579 1049 2628 quam
1056 2563 1173 2617 Venatiis
1182 2563 1285 2612 habuit⁰
1286 2598 1359 2624 .....

323 2647 366 2694 ubi
378 2682 383 2693 .
396 2682 402 2694 .
415 2646 538 2709 professus
550 2682 571 2694 ..
584 2683 589 2693 .
601 2646 668 2694 nihil
680 2647 761 2708 magis
773 2646 870 2705 timere,
880 2680 886 2693 .
898 2681 904 2694 .
914 2660 989 2709 quam
1001 2645 1033 2694 ab
1044 2645 1156 2694 Ecclesia
1167 2645 1360 2707 separationem.

322 2726 430 2790 —[Bell.
442 2728 516 2788 Apol.
528 2742 573 2789 pro
583 2727 666 2790 Resp]
683 2742 707 2789 p.
719 2729 774 2776 212.
791 2726 857 2790 [Op.‚
871 2731 934 2775 tom.
942 2728 987 2776 vii.
999 2726 1044 2775 col
1055 2727 1110 2775 824.
1122 2724 1163 2788 Δ.]

96 2848 153 2911 [(4.)
172 2844 233 2901 Qua·
299 2824 353 2887 Ad
369 2822 551 2889 Quartamf.
578 2825 659 2902 Imo‚
677 2825 754 2907 quid
770 2825 968 2888 Fridericum
983 2825 1066 2887 male
1080 2824 1240 2901 habuerit,
1258 2826 1361 2886 oratio

95 2911 312 3025 fffflgxeilla
334 2947 400 2989 non
423 2926 525 2989 docet.
573 2926 669 2992 Quod
691 2928 727 2989 in
753 2928 862 2990 animo
886 2928 984 2990 habet
1007 2929 1195 3010 imperator,
1219 2927 1281 2990 sibi
1302 2927 1361 2989 ha·

95 3037 245 3101 dicaciam]
258 3029 343 3106 bere,
366 3029 471 3110 palam
496 3030 637 3111 profiteri
661 3051 727 3093 non
750 3031 838 3093 solet.
885 3030 926 3093 Id
948 3031 1037 3107 solet,
1054 3030 1139 3112 quod
1153 3029 1214 3093 erit
1229 3031 1277 3092 illi
1292 3051 1310 3092 e
1326 3051 1361 3092 re

259 3132 398 3195 maxime
421 3132 506 3214 apud
528 3154 593 3210 eos,
611 3153 719 3196 coram
745 3134 862 3215 quibus
887 3134 1065 3197 orationem
1090 3133 1198 3197 habet.
1244 3135 1361 3214 Operae

258 3235 398 3316 pretium
420 3235 468 3298 illi
489 3243 561 3298 tum
584 3244 662 3313 erat,
682 3238 793 3300 Scenae
814 3237 941 3313 servire,
959 3244 991 3299 et
1007 3235 1091 3318 quod
1106 3235 1257 3299 Pontifici
1272 3235 1361 3298 futu-

257 3360 331 3401 rum
361 3345 429 3400 erat
459 3339 688 3420 gratissimum,
715 3340 750 3401 in
779 3339 813 3402 id
842 3361 971 3402 causam
1001 3361 1129 3403 omnem
1158 3338 1301 3421 rejicere,
1327 3338 1362 3402 id

257 3463 360 3503 unum
375 3461 440 3522 prae
456 3463 490 3503 se
504 3441 597 3505 serre.
634 3443 741 3508 Quam
756 3443 843 3505 enim
858 3443 940 3505 illud
955 3443 1044 3506 dictu
1058 3442 1229 3518 insulsum,
1247 3441 1362 3504 auditu

259 3543 414 3620 odiosum,
437 3543 464 3605 si
486 3544 600 3607 fuisset
622 3551 694 3607 tum
709 3545 880 3627 professus,
898 3545 984 3629 quod
998 3546 1126 3622 faceret,
1142 3543 1177 3605 id
1192 3565 1211 3606 a
1226 3565 1261 3607 se
1276 3545 1360 3621 fieri,

260 3666 325 3707 non
341 3646 402 3707 alie
417 3666 454 3708 cx
469 3666 565 3708 causa
579 3646 654 3722 ulle,
667 3669 763 3728 quom
775 3654 856 3709 metu
867 3648 996 3728 Imperii
1011 3647 1201 3709 amittendi?
1224 3647 1362 3728 Fungus

260 3747 311 3824 sit,
329 3748 384 3830 qui
406 3748 452 3810 ita
471 3749 610 3831 fungum
625 3750 824 3813 Fridcricum
839 3758 941 3834 putet.
991 3751 1100 3813 Oratio
1116 3771 1192 3832 ergo
1206 3749 1264 3812 illa
1277 3750 1363 3812 nihil

260 3850 300 3911 ed
315 3871 393 3928 rem,
409 3851 460 3913 vel
474 3872 582 3915 veram
597 3852 643 3915 rei
659 3873 797 3916 causam.

293 3985 381 4035 ldem.
398 4023 404 4037 .
420 3991 518 4036 constat
536 4003 568 4036 cx
587 3988 659 4037 facto.
695 3988 762 4038 Nam
776 3989 913 4051 permissus
930 4004 981 4037 non
998 3992 1036 4038 eat
1052 3989 1172 4038 Venetias
1187 3987 1298 4050 ingredi,
1311 3989 1363 4037 nisi

324 4071 397 4116 antec
414 4067 446 4117 ab
464 4070 723 4120 excommunicatione
741 4070 990 4134 absolutus-[Bell.
1009 4071 1084 4133 Apol.
1102 4085 1148 4134 pro
1164 4068 1250 4134 Resp]
1267 4084 1292 4133 p.
1304 4070 1362 4119 213.

326 4148 392 4210 [Op.‚
404 4153 465 4197 tom.
474 4151 518 4198 vii.
535 4150 581 4198 col.
594 4153 649 4199 824.
661 4151 707 4214 A.]

294 4338 304 4362 θ
323 4331 404 4393 [Vide
421 4332 510 4382 Boron.
524 4335 590 4381 Anu.
603 4332 713 4382 Rooted
728 4349 786 4383 ann.
862 4332 870 4362 f
892 4332 969 4396 [Vide
982 4332 1100 4396 Respons.
1113 4332 1184 4382 'lorti
1195 4347 1220 4395 p.
1228 4332 1270 4381 88.
1291 4330 1363 4380 Edit

262 4395 333 4523 {gij
361 4412 432 4448 num.
466 4398 548 4448 lxviii.
576 4403 636 4447 tom.
666 4399 710 4447 xii.
740 4399 786 4448 col.
831 4397 945 4525 {3³1th
956 4403 983 4447 et
1005 4398 1068 4448 Bell.
1093 4398 1149 4461 Op„
1171 4402 1233 4446 tom.
1246 4396 1292 4446 vii.
1315 4396 1363 4446 col.
