2910 4926
623 982 677 1046 Au
699 982 809 1048 Cunus
832 985 976 1048 Seiron.

280 1218 353 1279 Quod
371 1221 512 1273 Cerdinnlis
530 1222 698 1275 Belisrrninus
711 1225 805 1278 directe
822 1225 981 1291 responderit
996 1224 1028 1276 od
1045 1224 1200 1289 Apologiem
1216 1238 1263 1288 pro
1279 1223 1352 1274 turn

312 1309 399 1354 mento
410 1303 561 1357 Fidelitutis
587 1307 753 1359 Adversarius
763 1324 822 1360 vero
833 1314 928 1360 stotum
941 1324 1021 1359 censes
1033 1312 1122 1369 mutet,
1134 1307 1204 1358 eisd
1216 1308 1351 1358 siisoxtro

311 1401 366 1436 rem
376 1386 648 1453 digredietur-[Bell.
659 1390 733 1454 Apol.
741 1406 787 1457 pro
799 1391 872 1456 Resp.
890 1392 946 1456 Op,
958 1396 1020 1442 tom.
1029 1391 1073 1442 vit
1085 1390 1130 1441 eol.
1141 1390 1196 1442 tet.
1206 1387 1248 1454 n]

250 1528 341 1600 Quod
371 1527 550 1592 Cordirctis
580 1530 790 1595 Betturminus
827 1530 945 1596 directe
980 1554 1041 1596 reon
1076 1531 1270 1613 responderit
1308 1530 1353 1592 od

290 1632 478 1715 Apotopiom
500 1653 563 1714 pro
593 1634 775 1698 Jurumento
804 1634 986 1698 Fidetitutis
1002 1663 1012 1697 :
1044 1636 1256 1698 Adversarius
1277 1654 1350 1696 oero

289 1741 407 1799 statum
428 1758 528 1802 cause
550 1758 611 1802 sors
625 1746 731 1816 mutet,
746 1760 802 1804 sec
816 1741 861 1803 od
874 1742 939 1804 otio
954 1740 1153 1824 diprediotur
1166 1748 1258 1805 estro
1273 1760 1349 1804 rem.

670 1980 900 1991 ———

279 2139 448 2194 Bellsrminus
459 2141 490 2194 ed
501 2142 572 2207 prius
582 2141 647 2193 illud
659 2142 742 2208 (tepet
752 2142 847 2193 directe
856 2143 995 2208 respondit,
1007 2143 1034 2194 in
1046 2144 1091 2194 illo
1102 2143 1253 2195 iuramento
1265 2144 1348 2195 fideli-

308 2229 371 2278 tstis
379 2242 430 2277 non
442 2227 566 2277 contineri
574 2227 653 2277 solnm
660 2226 762 2277 ciuilem
773 2227 951 2289 obedientium,
963 2227 1007 2278 sed
1014 2227 1197 2292 abjurationem
1207 2229 1349 2280 Pontificius

309 2307 558 2373 potestatis—[Boii
566 2308 640 2371 Apol.
652 2321 698 2372 pro
706 2306 794 2373 Resp]
807 2323 831 2374 p.
844 2311 881 2362 bt.
896 2310 966 2375 [Op.,
977 2315 1039 2361 tom.
1051 2312 1095 2361 vii.
1107 2311 1154 2361 cot
1163 2311 1221 2362 734.
1230 2311 1272 2375 0.]

82 2450 189 2517 [Bellen
245 2443 426 2510 QUAERITUR
444 2443 524 2528 jum,
545 2443 599 2507 An
622 2442 740 2506 directe
758 2445 953 2525 responderit
971 2445 1151 2509 Cordinotis
1172 2445 1213 2510 ad
1228 2446 1347 2530 Apolo-

79 2519 225 2647 ffiffln
244 2548 341 2630 giam,
367 2569 409 2611 sn
438 2568 513 2611 vero
541 2552 659 2609 statum
685 2567 785 2610 cause
814 2549 991 2625 mutaverit,
1017 2550 1173 2631 dipressus
1203 2550 1247 2612 od
1271 2551 1346 2612 ulio.

79 2644 174 2698 dimoto
245 2650 359 2735 Capita
374 2651 438 2714 duo
452 2656 556 2713 erant.
601 2649 747 2714 Primum
757 2677 767 2728 ;
791 2649 833 2713 In
853 2653 1040 2735 juramento
1063 2650 1253 2731 Fidelit'atis,
1270 2673 1346 2717 eon-

78 2724 191 2842 iiiiii}
243 2753 341 2817 tincri
366 2753 465 2817 solam
491 2752 615 2817 civilem
641 2753 867 2818 obedientium.
912 2756 1041 2818 Directe
1066 2756 1284 2837 respondisset,
1309 2756 1346 2834 si,

244 2878 317 2920 cum
333 2856 437 2921 tribus
452 2855 530 2920 locis
546 2862 685 2939 ponatur
699 2856 745 2920 ibi
759 2857 794 2919 in
805 2857 992 2940 juramento
1003 2880 1063 2922 vox
1075 2858 1144 2941 ipss
1155 2859 1345 2937 obedientie,

243 2959 278 3022 in
294 2959 400 3042 aliquo
415 2959 514 3021 trium
530 2958 734 3021 obedientiam
750 2959 845 3022 aliem
861 2981 957 3042 quam
973 2960 1097 3024 civilem
1112 2961 1232 3045 requiri
1248 2961 1346 3026 docu-

241 3061 336 3126 isset:
369 3063 447 3126 Non
469 3061 588 3138 docuit,
605 3062 722 3125 directe
744 3083 821 3145 ergo
842 3083 904 3126 non
926 3064 1096 3144 respondit.
1142 3063 1253 3128 Verba
1266 3065 1346 3149 ipsa,

242 3186 314 3250 quae
339 3164 420 3229 inibi
445 3164 607 3249 operativa
632 3172 719 3243 sunt,
741 3166 931 3248 fidelitatem
955 3173 1058 3230 tomen
1083 3173 1113 3230 et
1142 3189 1248 3230 oerum
1277 3169 1345 3232 obe-

241 3270 391 3332 dientium
409 3267 568 3350 prestabo
593 3268 682 3351 Repe,
710 3290 752 3332 an
779 3269 877 3333 alium
903 3290 1033 3333 sensum
1057 3270 1174 3334 habere
1198 3279 1344 3353 possunt,

242 3395 339 3456 quam
354 3372 394 3435 de
409 3371 493 3434 civili
508 3371 575 3435 sols
589 3379 621 3433 et
637 3370 820 3434 obedientie
835 3378 868 3435 et
882 3371 969 3434 tide?
1007 3373 1071 3449 An,
1087 3380 1201 3436 contra
1216 3373 1345 3456 aliquod

241 3474 403 3559 religionis
419 3474 587 3556 Pupisticae
602 3481 698 3558 ceput
718 3494 757 3537 ex
780 3474 912 3537 adverso
933 3475 1123 3558 ponuntur?
1145 3496 1254 3541 annon
1270 3499 1345 3542 con-

240 3587 292 3643 tra
321 3578 552 3663 depositionem
583 3578 690 3661 Regis,
722 3578 964 3661 dispositionem
992 3578 1107 3660 Regni,
1136 3586 1169 3642 et
1198 3602 1269 3664 quae
1298 3582 1344 3645 ibi

241 3681 357 3745 similia
377 3688 462 3758 sunt,
479 3680 568 3744 sols?
613 3680 658 3742 At
675 3680 850 3762 respondit,
870 3682 1097 3762 abjurationem
1119 3683 1218 3745 inesse
1233 3685 1343 3747 Ponti-

233 3785 319 3868 ficioe
337 3785 515 3866 potestatis.
562 3785 616 3848 Ne
640 3784 686 3847 sic
713 3783 842 3867 quidem
865 3785 991 3848 directe.
1037 3786 1116 3849 Non
1138 3787 1225 3850 enim
1246 3787 1344 3851 ullius

239 3888 419 3973 potestatis,
445 3909 516 3970 quae
541 3910 613 3952 vcro
642 3888 813 3953 Pontificis
842 3889 894 3966 sit,
922 3909 989 3952 non
1018 3889 1126 3967 ullius,
1153 3891 1215 3953 nisi
1246 3914 1343 3974 qnam

239 3998 397 4075 usurpent
419 3990 453 4054 in
477 3991 581 4069 Cives,
604 4012 646 4055 ne
668 3990 793 4054 civilem
809 3990 1013 4075 Principibus
1029 3990 1244 4056 obedientiam
1260 4015 1342 4077 prae-

241 4102 327 4159 stare
342 4101 535 4159 teneantur:
558 4102 606 4174 ut,
622 4101 655 4158 et
679 4094 747 4158 haec
770 4101 911 4178 potestas
934 4094 1086 4177 abnegari
1100 4095 1210 4178 possit,
1227 4103 1260 4159 et
1276 4098 1343 4162 sola

240 4207 352 4264 tamen
366 4196 413 4261 ibi
426 4196 526 4261 civilis
541 4195 723 4261 obedientia
737 4196 906 4260 contineri.

272 4356 352 4419 quue
363 4354 475 4405 ostendit
485 4353 567 4404 tribus
577 4354 742 4417 argumentis,
753 4367 785 4402 ex
796 4351 881 4402 'titulo
892 4349 985 4412 Edisti,
997 4350 1041 4414 qui
1057 4354 1096 4401 est
1106 4350 1139 4401 sd
1150 4349 1305 4414 detegendos
1316 4356 1342 4403 ei

303 4435 476 4500 reprimendos
487 4433 617 4500 Papiriou
627 4449 660 4486 ex
671 4434 755 4485 verbis
765 4433 781 4485 J
784 4433 917 4495 ummenti,
929 4432 973 4483 ubi
986 4437 1094 4495 negetur
1101 4432 1220 4484 Pontifici
1230 4437 1341 4498 potestus
