2910 4926
272 275 338 338 858
587 291 631 338 so
652 289 845 339 cammarus
865 289 1066 339 ammanium

273 445 314 510 de
329 465 385 510 eo:
408 444 529 530 aliquid
543 444 620 510 inde
633 446 685 509 vel
698 444 867 529 pulvisculi
882 453 1109 530 asportassent,
1125 468 1190 530 quo
1204 446 1380 518 denatura

273 547 332 612 soli
346 547 470 632 aliquid
482 548 577 613 nobis
591 548 740 632 liqueret.
784 549 857 614 Nec
873 549 1029 614 Historiae
1043 557 1167 614 veteres
1186 550 1234 614 ita
1247 551 1379 633 penitus

273 651 423 717 silerent:
456 673 518 717 nec
543 653 657 731 nostri,
682 652 738 736 qui
763 653 873 717 orbem
899 653 969 738 jam
993 660 1101 716 totum
1127 659 1214 718 terra
1232 653 1380 738 marique

272 757 482 839 perlustrant,
496 777 567 821 rem
580 755 663 819 nulli
673 755 842 820 obscuram
856 755 991 834 tamdiu,
1008 755 1059 820 vel
1072 777 1140 821 non
1154 757 1311 837 viderent,
1327 757 1378 822 rel

272 859 373 923 visam
389 880 465 924 suos
480 860 563 924 clam
577 858 746 925 haberent.

270 984 280 999 .
300 964 494 1046 'Utcunque
506 983 592 1041 vero,
608 982 647 1026 ea
665 961 707 1025 de
727 967 830 1025 monte
850 961 986 1045 satient
1002 969 1035 1026 et
1054 962 1152 1026 Leuc
1172 964 1299 1041 vicinia
1321 962 1379 1027 ab·-

273 1066 371 1130 surda
384 1065 535 1130 videntur
548 1064 599 1129 vel
614 1064 788 1143 cardinali,
800 1064 863 1129 uisi
878 1085 916 1129 eo
930 1073 1042 1129 tamen
1056 1066 1246 1131 Paradisum
1261 1066 1378 1145 oleret,

272 1170 326 1234 vix
341 1192 360 1233 a
375 1171 578 1255 cataclysmo
592 1168 763 1233 tutabitur.
808 1170 861 1248 Et,
878 1167 1006 1253 quando
1024 1170 1141 1233 ebrum
1149 1190 1213 1252 per
1226 1170 1380 1233 diluvium

264 1274 371 1356 socies
391 1274 470 1337 boae
489 1280 581 1337 terrra
603 1273 661 1355 (ait
675 1272 860 1355 Abulensis)
876 1278 907 1335 et
921 1273 1144 1355 srcpcriaducta
1158 1278 1265 1336 maula
1286 1294 1379 1351 aava,

272 1376 451 1460 mperpiciea
465 1379 597 1440 limoso:
619 1377 675 1440 vic
689 1382 764 1458 opto
779 1382 845 1439 lam
864 1376 925 1439 crit
945 1377 1167 1439 sumendis
1181 1376 1299 1439 duobus
1312 1377 1380 1439 illis

273 1481 383 1544 Enoch
406 1485 437 1543 al
455 1480 565 1543 Elias.
610 1480 683 1544 Nec
706 1479 880 1544 Abolensis
901 1478 935 1543 id
957 1478 1048 1543 dabit
1067 1500 1231 1563 unquam:
1262 1480 1317 1563 qui
1341 1479 1379 1543 in

272 1591 385 1648 monte
405 1583 504 1647 situm
519 1582 631 1660 voluit,
646 1582 787 1646 sedecim
802 1581 916 1647 saltem
935 1581 1120 1646 cubitorum
1136 1603 1290 1646 mensura
1301 1583 1379 1646 reli-

274 1686 345 1770 quis
368 1685 534 1750 montibus
557 1686 688 1749 altiore:
712 1705 776 1768 quo
797 1684 853 1763 ita,
871 1704 944 1768 quae
967 1705 1064 1768 supra
1084 1683 1226 1768 reliquos
1248 1693 1379 1749 montes

274 1790 459 1874 quindecim
481 1790 600 1854 cubitis
624 1788 849 1867 ascenderunt,
875 1809 967 1872 aquae
988 1788 1136 1852 cubitum
1157 1810 1261 1852 unum
1278 1789 1381 1852 relin-

273 1900 420 1975 querent,
437 1914 500 1976 quo
514 1892 686 1956 Paradisns
700 1891 734 1955 in
756 1892 841 1956 sicco
855 1892 968 1956 foreis.
1016 1892 1151 1970 Verum,
1167 1893 1194 1954 si
1213 1912 1307 1955 mons
1320 1892 1379 1956 ille

271 1996 353 2073 fuit3
375 2004 409 2059 et
428 2016 503 2059 eum
521 1996 614 2076 aquia
628 1995 745 2077 operiri
759 1993 913 2078 oportuit,
929 1993 1045 2077 quibus
1065 1995 1166 2076 operti
1179 2001 1252 2058 suat
1272 2016 1379 2058 omnes

272 2107 400 2164 montes.
431 2101 529 2178 Nam,
544 2106 582 2163 ut
597 2099 682 2163 circa
696 2098 885 2162 Paradisum
900 2105 1001 2163 staret
1016 2120 1100 2182 aqua
1114 2098 1224 2162 diluvii
1238 2099 1378 2163 circum·

272 2204 354 2282 insa,
371 2202 456 2266 muri
476 2203 581 2266 instar
600 2203 648 2285 (ut
670 2202 706 2265 in
728 2202 810 2265 mori
831 2202 937 2284 rubro)
959 2202 1055 2266 naid
1077 2201 1208 2285 quidem
1230 2209 1281 2266 sat
1302 2203 1377 2266 erit.

273 2306 426 2390 Oportuit
441 2306 529 2370 enim
552 2313 696 2370 montem
712 2306 803 2388 cquis
817 2306 944 2387 operiri.
988 2306 1042 2384 Et,
1058 2312 1095 2369 ut
1117 2305 1257 2389 operiret
1276 2305 1380 2389 igitur

276 2411 391 2491 (instar
399 2407 537 2491 sanias
551 2430 609 2473 scu
620 2410 722 2490 operia
737 2409 910 2491 camerati)
926 2407 1039 2473 deliria
1053 2416 1138 2487 sunt,
1151 2415 1184 2472 et
1196 2409 1265 2473 sine
1279 2429 1380 2474 causa

274 2514 412 2576 conficta
433 2511 597 2575 miracula.
642 2509 804 2590 Infirmum
828 2518 937 2574 autem
962 2511 1011 2592 (ut
1031 2510 1076 2574 ait
1090 2510 1243 2593 viegasr)
1269 2510 1377 2591 defea-

273 2617 371 2677 as'onis
381 2636 480 2695 penus
497 2621 553 2693 est,
570 2621 684 2677 comte
702 2615 800 2677 sentis
816 2616 932 2696 arceri,
949 2614 993 2676 ad
1011 2614 1199 2698 [potentiam
1214 2614 1377 2693 fficiaom,

273 2724 304 2781 el
319 2718 378 2800 acl]
389 2718 654 2794 coetrcordincric,
664 2723 695 2779 et
710 2718 835 2781 minima
849 2718 1012 2782 credibilia
1027 2718 1180 2780 miraculo
1188 2738 1376 2798 provocare.

276 2820 312 2883 Si
336 2821 497 2884 incertum
518 2822 598 2904 jam,
622 2843 664 2883 an
687 2821 721 2884 in
747 2842 784 2884 eo
810 2821 924 2885 Enoch
950 2829 983 2884 et
1009 2821 1117 2899 Elias;
1148 2821 1309 2885 incertum
1333 2844 1378 2886 an

275 2923 461 2987 Paradisus:
485 2945 557 2987 cum
574 2924 694 3008 absque
709 2923 772 2987 illis
788 2924 880 3000 foret,
896 2930 929 2988 et
943 2923 1073 2988 illorum
1088 2923 1239 3008 hospitio,
1255 2924 1378 2989 diluvio

274 3026 391 3107 operiri
406 3048 443 3090 ac
458 3026 629 3090 deformari
643 3026 794 3111 potuerit.

320 3128 356 3194 si
366 3130 536 3194 Paradisus
551 3152 626 3214 crgo
637 3133 706 3215 jam
722 3130 830 3194 nullus
845 3129 880 3192 in
892 3129 995 3209 terris,
1005 3151 1071 3193 non
1086 3135 1163 3192 sunt
1177 3129 1212 3191 in
1223 3129 1378 3193 Paradiso

273 3234 417 3297 terrestri
429 3235 543 3299 Enoch
557 3243 590 3298 et
602 3235 698 3298 Elias.
739 3234 785 3298 At
799 3233 834 3297 in
850 3233 1003 3296 Paradiso
1017 3253 1086 3296 esse
1095 3232 1163 3297 vult
1173 3232 1376 3310 Cardinalis3

273 3335 338 3400 sint
362 3358 438 3421 crgo
462 3338 496 3401 in
521 3339 646 3414 amicali,
660 3337 770 3420 ibique
788 3338 836 3418 (ut
861 3337 996 3400 caelestes
1018 3357 1076 3418 par
1099 3336 1160 3418 est)
1180 3336 1292 3398 mortis
1313 3335 1376 3399 im-

273 3461 399 3504 munes.
446 3442 519 3507 Qua
532 3462 607 3505 vero
630 3441 703 3503 coeli
725 3439 891 3503 mansione
913 3440 988 3512 siut,
1004 3447 1100 3523 atque
1120 3439 1156 3502 iu
1176 3446 1273 3522 raptu
1292 3439 1376 3522 ipso,

305 3567 316 3598 Ρ
334 3557 505 3622 [ramundo
516 3558 547 3608 ad
558 3559 585 3608 ld
601 3559 668 3622 quod
679 3559 802 3636 iucepcra
843 3564 901 3609 rent
911 3559 961 3609 duo
973 3559 1012 3608 illi
1026 3558 1075 3607 riri
1090 3557 1195 3608 Henoch
1210 3561 1237 3608 et
1252 3556 1376 3607 Eliaa''--

272 3636 329 3671 mus
339 3628 442 3685 tangere
456 3624 488 3672 da
503 3623 620 3673 Paradiso
632 3627 802 3683 terrestrum
843 3622 1234 3687 Alphon.'1'0sutdbuleus.tn]
1249 3621 1309 3671 Gen.
1318 3623 1375 3673 xiii.

231 3728 238 3739 ,
272 3686 430 3746 dubium,au
445 3703 518 3751 aquae
536 3688 627 3737 diluvii
641 3687 702 3736 illuc
717 3701 801 3751 perve-
843 3687 1151 3755 Quaest.117.[0p,t0m.
1165 3685 1375 3750 immotus]

272 3751 364 3799 uerint
388 3750 530 3801 Dicendum
544 3752 611 3816 qnod
623 3757 722 3815 oportet
731 3753 801 3815 poni,
874 3762 886 3793 ι
901 3752 977 3818 [“Ad
988 3753 1064 3803 istam
1076 3752 1238 3802 altitudinem
1250 3766 1323 3814 aquae
1338 3752 1375 3800 di-

272 3815 339 3875 quod
352 3829 403 3863 non
413 3816 562 3866 intraverint
573 3831 645 3879 aquae
653 3816 744 3865 diluvii
757 3816 800 3865 Pa
842 3818 906 3867 lorii
916 3832 967 3867 non
980 3823 1155 3880 pervenerunt.
1168 3819 1227 3881 qnia
1238 3816 1376 3867 destruxis-

271 3878 391 3937 radisum,
407 3881 497 3943 primo,
509 3882 691 3944 quiatampora
708 3881 800 3930 diluvii
842 3887 899 3933 sent
916 3898 1017 3932 omnem
1034 3881 1250 3945 pulchritudinem
1261 3881 1373 3946 paradisi

272 3948 326 3992 erat
350 3943 386 3992 ibi
415 3944 528 4004 llcnocb,
546 3946 601 4009 jam
629 3947 698 3994 euim
726 3945 799 3994 illum
843 3953 944 3998 ....ct
963 3947 1041 4010 aliqui
1062 3952 1160 4009 putant,
1177 3945 1243 4010 quod
1262 3946 1374 3996 altitudo

272 4009 435 4057 transtulerat
455 4010 522 4058 Deus
540 4011 568 4059 in
588 4009 741 4059 Paradisum.
756 4047 760 4058 .
774 4046 798 4059 ..
843 4027 964 4074 aquamm
990 4012 1082 4060 diluvii
1104 4012 1204 4063 excedit
1226 4011 1374 4073 quindecim

272 4072 497 4136 Secundo,quissi
514 4074 575 4124 illuc
589 4089 661 4137 aquae
676 4075 800 4123 introitis
844 4077 937 4127 enbitis
956 4076 1120 4126 altitudinem
1142 4076 1185 4126 sed
1208 4091 1260 4125 nen
1281 4075 1374 4139 illapsa

271 4142 335 4198 sont,
342 4137 525 4187 destruxissent
534 4143 615 4189 totam
626 4139 800 4188 amoenitatem
843 4146 882 4191 ast
893 4142 921 4190 iu
932 4155 998 4199 enm,
1010 4141 1069 4204 quia
1085 4143 1158 4190 stetit
1174 4140 1331 4199 circumfusa,
1343 4147 1374 4191 ut

271 4205 345 4251 terrae
358 4202 477 4252 Paradisi.
490 4240 496 4252 .
509 4240 514 4252 .
527 4239 533 4252 .
546 4204 683 4254 Sic'autcm
694 4208 766 4260 esset,
777 4205 799 4252 si
843 4221 929 4256 murus
945 4206 1071 4268 utrinque,
1082 4206 1148 4255 sicut
1159 4207 1208 4255 fuit
1219 4220 1284 4268 aqua
1294 4207 1373 4256 maria

271 4281 343 4329 aquae
371 4267 461 4317 diluvii
496 4268 621 4317 intrarent
652 4268 799 4317 Paradisum
843 4270 912 4320 rubri
940 4271 1128 4319 transcuntibus
1154 4270 1373 4319 sudatas-Al·

271 4335 422 4391 terrestrem,
443 4331 593 4383 abradorant
612 4333 682 4383 anim
709 4333 798 4382 faeiem
841 4336 918 4398 phon.
947 4336 1041 4384 'lactat
1067 4336 1186 4385 abolens.
1210 4336 1237 4383 in
1261 4333 1323 4385 (lan.
1343 4335 1370 4384 ii.

271 4399 345 4445 terrm
363 4397 463 4456 bonam,
480 4402 507 4447 ct
528 4402 659 4449 manerent
679 4398 800 4448 alimenta
842 4400 934 4458 Quaset.
948 4404 970 4450 9.
992 4400 1047 4463 Op..
1064 4405 1126 4449 tom.
1138 4401 1154 4449 i.
1172 4415 1196 4462 p.
1210 4402 1249 4450 85.
1261 4399 1304 4465 Α]

271 4458 384 4510 Paradisi
394 4476 478 4524 parvas
495 4464 605 4521 virtutis,
616 4462 681 4527 quod
694 4467 748 4512 erat
763 4461 801 4510 iu·
874 4474 883 4498 ¹
901 4465 981 4528 [Bias.
991 4464 1022 4513 de
1032 4464 1115 4527 Viam}
1126 4465 1170 4516 ubi
1181 4480 1264 4528 supra,
1276 4464 1303 4529 [i.
1311 4479 1332 4514 a.
1342 4466 1372 4514 in

266 4526 426 4587 conveniens,
450 4541 507 4579 cum
526 4528 564 4579 ibi
580 4527 747 4582 alimentandi
766 4526 799 4575 io·
843 4529 919 4593 Aper.
933 4531 967 4580 xi.
981 4530 1077 4581 Cemm.
1090 4545 1112 4579 v.
1124 4535 1183 4580 sect.
1196 4533 1218 4581 5.
1232 4546 1255 4594 p.
1267 4528 1335 4593 lsi]
