<?xml version="1.0" encoding="UTF-8"?>
<!DOCTYPE html PUBLIC "-//W3C//DTD XHTML 1.0 Transitional//EN"
    "http://www.w3.org/TR/xhtml1/DTD/xhtml1-transitional.dtd">
<html xmlns="http://www.w3.org/1999/xhtml" xml:lang="en" lang="en">
 <head>
  <title>
</title>
<meta http-equiv="Content-Type" content="text/html;charset=utf-8" />
  <meta name='ocr-system' content='tesseract 3.04.00' />
  <meta name='ocr-capabilities' content='ocr_page ocr_carea ocr_par ocr_line ocrx_word'/>
</head>
<body>
  <div class='ocr_page' id='page_1' title='image "./responsioadapol00andrgoog_0407.png"; bbox 0 0 2910 4926; ppageno 0'>
   <div class='ocr_carea' id='block_1_1' title="bbox 260 276 1051 339">
    <p class='ocr_par' dir='ltr' id='par_1_1' title="bbox 260 276 1051 339">
     <span class='ocr_line' id='line_1_1' title="bbox 260 276 1051 339; baseline 0.001 -1"><span class='ocrx_word' id='word_1_1' title='bbox 260 276 325 338; x_wconf 76' lang='lat'><strong>364</strong></span> <span class='ocrx_word' id='word_1_2' title='bbox 574 290 617 337; x_wconf 85' lang='lat' dir='ltr'><strong>no</strong></span> <span class='ocrx_word' id='word_1_3' title='bbox 640 290 830 339; x_wconf 67' lang='lat' dir='ltr'><strong>conomius</strong></span> <span class='ocrx_word' id='word_1_4' title='bbox 852 290 1051 339; x_wconf 74' lang='lat' dir='ltr'><strong>sumnum</strong></span> 
     </span>
    </p>
   </div>
   <div class='ocr_carea' id='block_1_2' title="bbox 261 442 1365 610">
    <p class='ocr_par' dir='ltr' id='par_1_2' title="bbox 261 442 1365 610">
     <span class='ocr_line' id='line_1_2' title="bbox 261 442 1365 528; baseline 0.006 -20"><span class='ocrx_word' id='word_1_5' title='bbox 261 466 358 528; x_wconf 83' lang='lat' dir='ltr'><strong>quem</strong></span> <span class='ocrx_word' id='word_1_6' title='bbox 383 445 443 509; x_wconf 82' lang='lat' dir='ltr'><strong>duo</strong></span> <span class='ocrx_word' id='word_1_7' title='bbox 461 442 597 525; x_wconf 59' lang='lat' dir='ltr'><strong>foedes,</strong></span> <span class='ocrx_word' id='word_1_8' title='bbox 623 447 683 509; x_wconf 81' lang='lat' dir='ltr'><strong>duo</strong></span> <span class='ocrx_word' id='word_1_9' title='bbox 705 446 800 509; x_wconf 80' lang='lat' dir='ltr'><strong>ubero</strong></span> <span class='ocrx_word' id='word_1_10' title='bbox 823 447 1063 524; x_wconf 61' lang='lat' dir='ltr'><strong>Ecclesiastico</strong></span> <span class='ocrx_word' id='word_1_11' title='bbox 1088 449 1285 514; x_wconf 73' lang='lat' dir='ltr'><em>Testamenta</em></span> <span class='ocrx_word' id='word_1_12' title='bbox 1308 473 1365 515; x_wconf 84' lang='lat' dir='ltr'><strong>no·</strong></span> 
     </span>
     <span class='ocr_line' id='line_1_3' title="bbox 261 548 404 610; baseline 0.014 -2"><span class='ocrx_word' id='word_1_13' title='bbox 261 548 377 610; x_wconf 78' lang='lat' dir='ltr'><strong>reineri</strong></span> <span class='ocrx_word' id='word_1_14' title='bbox 387 549 404 610; x_wconf 84' lang='lat'><em>?</em></span> 
     </span>
    </p>
   </div>
   <div class='ocr_carea' id='block_1_3' title="bbox 97 655 1366 3300">
    <p class='ocr_par' dir='ltr' id='par_1_3' title="bbox 295 655 1366 828">
     <span class='ocr_line' id='line_1_4' title="bbox 295 655 1364 743; baseline 0.008 -19"><span class='ocrx_word' id='word_1_15' title='bbox 295 675 367 724; x_wconf 87' lang='lat' dir='ltr'>Prior</span> <span class='ocrx_word' id='word_1_16' title='bbox 377 675 447 725; x_wconf 88' lang='lat' dir='ltr'><strong>locus</strong></span> <span class='ocrx_word' id='word_1_17' title='bbox 458 674 518 725; x_wconf 85' lang='lat' dir='ltr'><strong>Luc.</strong></span> <span class='ocrx_word' id='word_1_18' title='bbox 530 690 570 724; x_wconf 85' lang='lat' dir='ltr'><strong>xv.</strong></span> <span class='ocrx_word' id='word_1_19' title='bbox 584 680 715 725; x_wconf 85' lang='lat' dir='ltr'><strong>correctus</strong></span> <span class='ocrx_word' id='word_1_20' title='bbox 728 713 735 725; x_wconf 92' lang='lat'><em>.</em></span> <span class='ocrx_word' id='word_1_21' title='bbox 747 696 769 725; x_wconf 86' lang='lat'><strong>.:</strong></span> <span class='ocrx_word' id='word_1_22' title='bbox 782 677 906 740; x_wconf 72' lang='lat' dir='ltr'><strong>posterior</strong></span> <span class='ocrx_word' id='word_1_23' title='bbox 916 692 968 727; x_wconf 88' lang='lat' dir='ltr'><strong>non</strong></span> <span class='ocrx_word' id='word_1_24' title='bbox 979 682 1017 727; x_wconf 87' lang='lat' dir='ltr'><strong>est</strong></span> <span class='ocrx_word' id='word_1_25' title='bbox 1026 655 1146 741; x_wconf 75' lang='lat' dir='ltr'><strong>motetus,</strong></span> <span class='ocrx_word' id='word_1_26' title='bbox 1158 681 1278 743; x_wconf 78' lang='lat' dir='ltr'><strong>quonism</strong></span> <span class='ocrx_word' id='word_1_27' title='bbox 1289 681 1364 733; x_wconf 75' lang='lat' dir='ltr'><strong>bobo·</strong></span> 
     </span>
     <span class='ocr_line' id='line_1_5' title="bbox 326 756 1366 828; baseline 0.01 -24"><span class='ocrx_word' id='word_1_28' title='bbox 326 761 369 805; x_wconf 86' lang='lat' dir='ltr'><strong>tur</strong></span> <span class='ocrx_word' id='word_1_29' title='bbox 386 756 415 805; x_wconf 90' lang='lat' dir='ltr'><strong>in</strong></span> <span class='ocrx_word' id='word_1_30' title='bbox 432 756 550 806; x_wconf 90' lang='lat' dir='ltr'><strong>omnibus</strong></span> <span class='ocrx_word' id='word_1_31' title='bbox 571 756 669 807; x_wconf 77' lang='lat' dir='ltr'><strong>Latinis</strong></span> <span class='ocrx_word' id='word_1_32' title='bbox 686 757 937 823; x_wconf 71' lang='lat' dir='ltr'><strong>(lodicibus—[Bell.</strong></span> <span class='ocrx_word' id='word_1_33' title='bbox 953 760 1028 823; x_wconf 83' lang='lat' dir='ltr'>Apol.</span> <span class='ocrx_word' id='word_1_34' title='bbox 1049 760 1188 826; x_wconf 85' lang='lat' dir='ltr'><strong>proResp.]</strong></span> <span class='ocrx_word' id='word_1_35' title='bbox 1200 777 1224 826; x_wconf 88' lang='lat' dir='ltr'><strong>p.</strong></span> <span class='ocrx_word' id='word_1_36' title='bbox 1234 763 1273 814; x_wconf 75' lang='lat' dir='ltr'><strong>t&#39;r&#39;.</strong></span> <span class='ocrx_word' id='word_1_37' title='bbox 1292 763 1366 828; x_wconf 78' lang='lat' dir='ltr'><strong>[Op‚,</strong></span> 
     </span>
    </p>

    <p class='ocr_par' dir='ltr' id='par_1_4' title="bbox 97 838 1366 3300">
     <span class='ocr_line' id='line_1_6' title="bbox 326 838 622 903; baseline 0.01 -15"><span class='ocrx_word' id='word_1_38' title='bbox 326 844 387 889; x_wconf 88' lang='lat' dir='ltr'><strong>tom.</strong></span> <span class='ocrx_word' id='word_1_39' title='bbox 398 839 440 888; x_wconf 85' lang='lat' dir='ltr'><strong>vii.</strong></span> <span class='ocrx_word' id='word_1_40' title='bbox 452 839 499 889; x_wconf 88' lang='lat' dir='ltr'><strong>col.</strong></span> <span class='ocrx_word' id='word_1_41' title='bbox 512 839 567 891; x_wconf 78' lang='grc'><strong>787.</strong></span> <span class='ocrx_word' id='word_1_42' title='bbox 580 838 622 903; x_wconf 77' lang='lat' dir='ltr'><strong>C]</strong></span> 
     </span>
     <span class='ocr_line' id='line_1_7' title="bbox 111 938 1364 1026; baseline 0.005 -25"><span class='ocrx_word' id='word_1_43' title='bbox 111 964 227 1015; x_wconf 67' lang='lat' dir='ltr'><strong>numi„</strong></span> <span class='ocrx_word' id='word_1_44' title='bbox 306 940 356 1002; x_wconf 92' lang='lat' dir='ltr'><strong>Dc</strong></span> <span class='ocrx_word' id='word_1_45' title='bbox 379 945 517 1002; x_wconf 72' lang='lat' dir='ltr'><strong>correcto</strong></span> <span class='ocrx_word' id='word_1_46' title='bbox 537 938 598 1022; x_wconf 85' lang='lat' dir='ltr'><strong>(vix</strong></span> <span class='ocrx_word' id='word_1_47' title='bbox 624 938 768 1023; x_wconf 80' lang='lat' dir='ltr'><strong>tandem)</strong></span> <span class='ocrx_word' id='word_1_48' title='bbox 787 940 899 1003; x_wconf 86' lang='lat' dir='ltr'><strong>Romae</strong></span> <span class='ocrx_word' id='word_1_49' title='bbox 918 941 984 1003; x_wconf 86' lang='lat' dir='ltr'><strong>loco</strong></span> <span class='ocrx_word' id='word_1_50' title='bbox 1005 941 1182 1024; x_wconf 71' lang='lat' dir='ltr'><strong>Evangelii,</strong></span> <span class='ocrx_word' id='word_1_51' title='bbox 1206 942 1271 1022; x_wconf 90' lang='lat' dir='ltr'><strong>ubi,</strong></span> <span class='ocrx_word' id='word_1_52' title='bbox 1289 965 1364 1026; x_wconf 85' lang='lat' dir='ltr'><strong>quae</strong></span> 
     </span>
     <span class='ocr_line' id='line_1_8' title="bbox 99 966 1365 1146; baseline 0.002 -39"><span class='ocrx_word' id='word_1_53' title='bbox 99 966 248 1146; x_wconf 42' lang='lat' dir='ltr'><strong>lizimgffss·</strong></span> <span class='ocrx_word' id='word_1_54' title='bbox 261 1044 361 1107; x_wconf 75' lang='lat' dir='ltr'><strong>everri</strong></span> <span class='ocrx_word' id='word_1_55' title='bbox 376 1042 472 1105; x_wconf 90' lang='lat' dir='ltr'><strong>modo</strong></span> <span class='ocrx_word' id='word_1_56' title='bbox 487 1040 599 1106; x_wconf 82' lang='lat' dir='ltr'>debuit</span> <span class='ocrx_word' id='word_1_57' title='bbox 614 1043 730 1120; x_wconf 74' lang='lat' dir='ltr'><strong>demus,</strong></span> <span class='ocrx_word' id='word_1_58' title='bbox 742 1044 839 1106; x_wconf 80' lang='lat' dir='ltr'><strong>everti</strong></span> <span class='ocrx_word' id='word_1_59' title='bbox 854 1042 1029 1122; x_wconf 82' lang='lat' dir='ltr'><strong>dicebatur,</strong></span> <span class='ocrx_word' id='word_1_60' title='bbox 1039 1051 1113 1107; x_wconf 87' lang='lat' dir='ltr'><strong>uter</strong></span> <span class='ocrx_word' id='word_1_61' title='bbox 1123 1045 1217 1108; x_wconf 91' lang='lat' dir='ltr'><strong>nobis</strong></span> <span class='ocrx_word' id='word_1_62' title='bbox 1232 1045 1365 1109; x_wconf 82' lang='lat' dir='ltr'><strong>audien-</strong></span> 
     </span>
     <span class='ocr_line' id='line_1_9' title="bbox 97 1145 1366 1231; baseline 0 -19"><span class='ocrx_word' id='word_1_63' title='bbox 97 1160 190 1227; x_wconf 56' lang='grc' dir='ltr'><strong>τηρεῖ]</strong></span> <span class='ocrx_word' id='word_1_64' title='bbox 263 1147 323 1211; x_wconf 90' lang='lat' dir='ltr'><strong>dus</strong></span> <span class='ocrx_word' id='word_1_65' title='bbox 345 1145 505 1223; x_wconf 79' lang='lat' dir='ltr'><strong>Pontifex,</strong></span> <span class='ocrx_word' id='word_1_66' title='bbox 529 1146 649 1223; x_wconf 87' lang='lat' dir='ltr'><strong>Sixtus,</strong></span> <span class='ocrx_word' id='word_1_67' title='bbox 668 1167 710 1208; x_wconf 83' lang='lat' dir='ltr'><strong>an</strong></span> <span class='ocrx_word' id='word_1_68' title='bbox 731 1146 903 1210; x_wconf 83' lang='lat' dir='ltr'><strong>Clemens?</strong></span> <span class='ocrx_word' id='word_1_69' title='bbox 927 1147 1078 1210; x_wconf 84' lang='lat' dir='ltr'><strong>Clemens</strong></span> <span class='ocrx_word' id='word_1_70' title='bbox 1099 1147 1228 1231; x_wconf 89' lang='lat' dir='ltr'><strong>quidem</strong></span> <span class='ocrx_word' id='word_1_71' title='bbox 1246 1152 1366 1213; x_wconf 82' lang='lat' dir='ltr'><strong>moturi</strong></span> 
     </span>
     <span class='ocr_line' id='line_1_10' title="bbox 262 1248 1366 1316; baseline 0.004 -4"><span class='ocrx_word' id='word_1_72' title='bbox 262 1248 396 1314; x_wconf 77' lang='lat' dir='ltr'><strong>voluit‘:</strong></span> <span class='ocrx_word' id='word_1_73' title='bbox 429 1250 539 1313; x_wconf 88' lang='lat' dir='ltr'><strong>Sixtus</strong></span> <span class='ocrx_word' id='word_1_74' title='bbox 563 1258 718 1311; x_wconf 69' lang='lat' dir='ltr'><strong>rnuneress.</strong></span> <span class='ocrx_word' id='word_1_75' title='bbox 766 1249 830 1312; x_wconf 88' lang='lat' dir='ltr'><strong>Sed</strong></span> <span class='ocrx_word' id='word_1_76' title='bbox 851 1249 1028 1313; x_wconf 88' lang='lat' dir='ltr'><strong>Clementis</strong></span> <span class='ocrx_word' id='word_1_77' title='bbox 1053 1250 1137 1314; x_wconf 85' lang='lat' dir='ltr'><strong>forte</strong></span> <span class='ocrx_word' id='word_1_78' title='bbox 1161 1272 1228 1315; x_wconf 90' lang='lat' dir='ltr'><strong>non</strong></span> <span class='ocrx_word' id='word_1_79' title='bbox 1254 1251 1366 1316; x_wconf 81' lang='lat' dir='ltr'><strong>futura</strong></span> 
     </span>
     <span class='ocr_line' id='line_1_11' title="bbox 262 1352 1365 1434; baseline 0.004 -16"><span class='ocrx_word' id='word_1_80' title='bbox 262 1356 393 1419; x_wconf 84' lang='lat' dir='ltr'><strong>ultimo:</strong></span> <span class='ocrx_word' id='word_1_81' title='bbox 435 1352 591 1417; x_wconf 88' lang='lat' dir='ltr'><strong>Editurus</strong></span> <span class='ocrx_word' id='word_1_82' title='bbox 615 1358 664 1415; x_wconf 90' lang='lat' dir='ltr'><strong>est</strong></span> <span class='ocrx_word' id='word_1_83' title='bbox 688 1358 721 1416; x_wconf 91' lang='lat' dir='ltr'><strong>et</strong></span> <span class='ocrx_word' id='word_1_84' title='bbox 741 1352 861 1416; x_wconf 83' lang='lat' dir='ltr'><strong>Paulus</strong></span> <span class='ocrx_word' id='word_1_85' title='bbox 882 1375 999 1416; x_wconf 84' lang='lat' dir='ltr'><strong>novam</strong></span> <span class='ocrx_word' id='word_1_86' title='bbox 1022 1361 1055 1417; x_wconf 92' lang='lat' dir='ltr'><strong>et</strong></span> <span class='ocrx_word' id='word_1_87' title='bbox 1076 1375 1177 1434; x_wconf 86' lang='lat' dir='ltr'><strong>suam,</strong></span> <span class='ocrx_word' id='word_1_88' title='bbox 1193 1363 1227 1419; x_wconf 90' lang='lat' dir='ltr'><strong>et</strong></span> <span class='ocrx_word' id='word_1_89' title='bbox 1241 1364 1365 1422; x_wconf 83' lang='lat' dir='ltr'><strong>evertet</strong></span> 
     </span>
     <span class='ocr_line' id='line_1_12' title="bbox 261 1456 1364 1541; baseline 0.004 -19"><span class='ocrx_word' id='word_1_90' title='bbox 261 1457 481 1522; x_wconf 85' lang='lat' dir='ltr'><strong>everriculum.</strong></span> <span class='ocrx_word' id='word_1_91' title='bbox 527 1457 615 1520; x_wconf 84' lang='lat' dir='ltr'><strong>Nam</strong></span> <span class='ocrx_word' id='word_1_92' title='bbox 639 1463 672 1520; x_wconf 89' lang='lat' dir='ltr'><strong>et</strong></span> <span class='ocrx_word' id='word_1_93' title='bbox 693 1456 747 1519; x_wconf 84' lang='lat' dir='ltr'><strong>olii</strong></span> <span class='ocrx_word' id='word_1_94' title='bbox 770 1464 857 1534; x_wconf 87' lang='lat' dir='ltr'><strong>sunt,</strong></span> <span class='ocrx_word' id='word_1_95' title='bbox 875 1478 954 1540; x_wconf 91' lang='lat' dir='ltr'><strong>quos</strong></span> <span class='ocrx_word' id='word_1_96' title='bbox 973 1464 1091 1521; x_wconf 86' lang='lat' dir='ltr'><strong>neuter</strong></span> <span class='ocrx_word' id='word_1_97' title='bbox 1105 1458 1232 1541; x_wconf 81' lang='lat' dir='ltr'><strong>attigit:</strong></span> <span class='ocrx_word' id='word_1_98' title='bbox 1256 1468 1293 1523; x_wconf 90' lang='lat' dir='ltr'><strong>ut</strong></span> <span class='ocrx_word' id='word_1_99' title='bbox 1307 1459 1364 1526; x_wconf 89' lang='lat' dir='ltr'><strong>ille</strong></span> 
     </span>
     <span class='ocr_line' id='line_1_13' title="bbox 261 1561 1358 1647; baseline 0.001 -21"><span class='ocrx_word' id='word_1_100' title='bbox 261 1564 315 1626; x_wconf 91' lang='lat' dir='ltr'><strong>Pr.</strong></span> <span class='ocrx_word' id='word_1_101' title='bbox 326 1563 388 1625; x_wconf 87' lang='lat' dir='ltr'><strong>xvi.</strong></span> <span class='ocrx_word' id='word_1_102' title='bbox 405 1561 525 1643; x_wconf 79' lang='lat' dir='ltr'><strong>lapides</strong></span> <span class='ocrx_word' id='word_1_103' title='bbox 546 1561 661 1637; x_wconf 80' lang='lat' dir='ltr'><strong>seculi,</strong></span> <span class='ocrx_word' id='word_1_104' title='bbox 677 1582 735 1644; x_wconf 88' lang='lat' dir='ltr'><strong>pro</strong></span> <span class='ocrx_word' id='word_1_105' title='bbox 756 1561 895 1623; x_wconf 79' lang='lat' dir='ltr'><strong>sacculi:</strong></span> <span class='ocrx_word' id='word_1_106' title='bbox 927 1562 970 1624; x_wconf 88' lang='lat' dir='ltr'><strong>Et</strong></span> <span class='ocrx_word' id='word_1_107' title='bbox 990 1561 1042 1645; x_wconf 89' lang='lat' dir='ltr'><strong>(ne</strong></span> <span class='ocrx_word' id='word_1_108' title='bbox 1060 1583 1166 1625; x_wconf 91' lang='lat' dir='ltr'><strong>morer</strong></span> <span class='ocrx_word' id='word_1_109' title='bbox 1181 1561 1358 1647; x_wconf 65' lang='lat' dir='ltr'><strong>lectorem)</strong></span> 
     </span>
     <span class='ocr_line' id='line_1_14' title="bbox 262 1662 1364 1748; baseline 0.003 -19"><span class='ocrx_word' id='word_1_110' title='bbox 262 1666 301 1729; x_wconf 92' lang='lat' dir='ltr'><strong>dc</strong></span> <span class='ocrx_word' id='word_1_111' title='bbox 330 1665 408 1729; x_wconf 88' lang='lat' dir='ltr'><strong>locis</strong></span> <span class='ocrx_word' id='word_1_112' title='bbox 439 1672 512 1728; x_wconf 92' lang='lat' dir='ltr'><strong>octo</strong></span> <span class='ocrx_word' id='word_1_113' title='bbox 544 1663 694 1743; x_wconf 90' lang='lat' dir='ltr'><strong>millibus,</strong></span> <span class='ocrx_word' id='word_1_114' title='bbox 726 1686 806 1748; x_wconf 90' lang='lat' dir='ltr'><strong>quos</strong></span> <span class='ocrx_word' id='word_1_115' title='bbox 836 1662 963 1728; x_wconf 86' lang='lat' dir='ltr'><strong>Clarius</strong></span> <span class='ocrx_word' id='word_1_116' title='bbox 992 1672 1097 1728; x_wconf 89' lang='lat' dir='ltr'><strong>vester</strong></span> <span class='ocrx_word' id='word_1_117' title='bbox 1127 1666 1299 1731; x_wconf 77' lang='lat' dir='ltr'><strong>correxisse</strong></span> <span class='ocrx_word' id='word_1_118' title='bbox 1329 1689 1364 1732; x_wconf 89' lang='lat' dir='ltr'><strong>se</strong></span> 
     </span>
     <span class='ocr_line' id='line_1_15' title="bbox 262 1765 1364 1851; baseline 0.001 -18"><span class='ocrx_word' id='word_1_119' title='bbox 262 1776 408 1848; x_wconf 83' lang='lat' dir='ltr'><strong>testatur,</strong></span> <span class='ocrx_word' id='word_1_120' title='bbox 434 1769 469 1831; x_wconf 90' lang='lat' dir='ltr'><strong>in</strong></span> <span class='ocrx_word' id='word_1_121' title='bbox 495 1769 626 1850; x_wconf 82' lang='lat' dir='ltr'><strong>vulgata</strong></span> <span class='ocrx_word' id='word_1_122' title='bbox 651 1765 833 1830; x_wconf 68' lang='lat' dir='ltr'><strong>editioneh:</strong></span> <span class='ocrx_word' id='word_1_123' title='bbox 865 1789 962 1850; x_wconf 84' lang='lat' dir='ltr'><strong>quam</strong></span> <span class='ocrx_word' id='word_1_124' title='bbox 982 1774 1068 1831; x_wconf 89' lang='lat' dir='ltr'><strong>certe</strong></span> <span class='ocrx_word' id='word_1_125' title='bbox 1090 1768 1184 1850; x_wconf 83' lang='lat' dir='ltr'><strong>pauci</strong></span> <span class='ocrx_word' id='word_1_126' title='bbox 1202 1773 1274 1851; x_wconf 89' lang='lat' dir='ltr'><strong>(nec</strong></span> <span class='ocrx_word' id='word_1_127' title='bbox 1296 1771 1364 1835; x_wconf 88' lang='lat' dir='ltr'><strong>scio</strong></span> 
     </span>
     <span class='ocr_line' id='line_1_16' title="bbox 261 1871 1361 1957; baseline 0.001 -19"><span class='ocrx_word' id='word_1_128' title='bbox 261 1897 303 1938; x_wconf 86' lang='lat' dir='ltr'><strong>an</strong></span> <span class='ocrx_word' id='word_1_129' title='bbox 317 1875 387 1957; x_wconf 90' lang='lat' dir='ltr'><strong>ulli)</strong></span> <span class='ocrx_word' id='word_1_130' title='bbox 407 1874 562 1937; x_wconf 83' lang='lat' dir='ltr'><strong>emendati</strong></span> <span class='ocrx_word' id='word_1_131' title='bbox 580 1873 649 1955; x_wconf 83' lang='lat' dir='ltr'><strong>jam</strong></span> <span class='ocrx_word' id='word_1_132' title='bbox 672 1872 827 1954; x_wconf 89' lang='lat' dir='ltr'><strong>leguntur</strong></span> <span class='ocrx_word' id='word_1_133' title='bbox 848 1871 883 1934; x_wconf 91' lang='lat' dir='ltr'><strong>in</strong></span> <span class='ocrx_word' id='word_1_134' title='bbox 898 1873 1027 1935; x_wconf 84' lang='lat' dir='ltr'><strong>vestra?</strong></span> <span class='ocrx_word' id='word_1_135' title='bbox 1073 1873 1270 1956; x_wconf 89' lang='lat' dir='ltr'><strong>Praepostere</strong></span> <span class='ocrx_word' id='word_1_136' title='bbox 1284 1896 1361 1940; x_wconf 83' lang='lat' dir='ltr'><strong>vero</strong></span> 
     </span>
     <span class='ocr_line' id='line_1_17' title="bbox 261 1974 1359 2057; baseline 0.001 -15"><span class='ocrx_word' id='word_1_137' title='bbox 261 1978 433 2047; x_wconf 81' lang='lat' dir='ltr'><strong>admodum</strong></span> <span class='ocrx_word' id='word_1_138' title='bbox 457 1975 638 2041; x_wconf 85' lang='lat' dir='ltr'><strong>Cardinolis</strong></span> <span class='ocrx_word' id='word_1_139' title='bbox 658 1975 804 2039; x_wconf 86' lang='lat' dir='ltr'><strong>Graecam</strong></span> <span class='ocrx_word' id='word_1_140' title='bbox 825 1974 958 2057; x_wconf 85' lang='lat' dir='ltr'><strong>originis</strong></span> <span class='ocrx_word' id='word_1_141' title='bbox 979 1975 1146 2039; x_wconf 82' lang='lat' dir='ltr'><strong>veritatem</strong></span> <span class='ocrx_word' id='word_1_142' title='bbox 1168 1976 1208 2040; x_wconf 85' lang='lat' dir='ltr'><strong>nd</strong></span> <span class='ocrx_word' id='word_1_143' title='bbox 1225 1977 1359 2043; x_wconf 81' lang='lat' dir='ltr'><strong>Codices</strong></span> 
     </span>
     <span class='ocr_line' id='line_1_18' title="bbox 261 2079 1360 2164; baseline -0.001 -18"><span class='ocrx_word' id='word_1_144' title='bbox 261 2083 396 2147; x_wconf 80' lang='lat' dir='ltr'><strong>Latinos</strong></span> <span class='ocrx_word' id='word_1_145' title='bbox 412 2080 522 2164; x_wconf 82' lang='lat' dir='ltr'><strong>exigit,</strong></span> <span class='ocrx_word' id='word_1_146' title='bbox 539 2079 566 2141; x_wconf 90' lang='lat' dir='ltr'><strong>si</strong></span> <span class='ocrx_word' id='word_1_147' title='bbox 581 2079 736 2143; x_wconf 83' lang='lat' dir='ltr'><strong>Latinum</strong></span> <span class='ocrx_word' id='word_1_148' title='bbox 754 2079 838 2141; x_wconf 82' lang='lat' dir='ltr'><strong>‘sic’</strong></span> <span class='ocrx_word' id='word_1_149' title='bbox 855 2100 921 2141; x_wconf 93' lang='lat' dir='ltr'><strong>non</strong></span> <span class='ocrx_word' id='word_1_150' title='bbox 943 2087 1049 2143; x_wconf 89' lang='lat' dir='ltr'><strong>mutet</strong></span> <span class='ocrx_word' id='word_1_151' title='bbox 1071 2079 1105 2142; x_wconf 91' lang='lat' dir='ltr'><strong>in</strong></span> <span class='ocrx_word' id='word_1_152' title='bbox 1122 2081 1271 2144; x_wconf 87' lang='lat' dir='ltr'><strong>Graecum</strong></span> <span class='ocrx_word' id='word_1_153' title='bbox 1288 2083 1360 2161; x_wconf 58' lang='lat' dir='ltr'><strong>‘eij</strong></span> 
     </span>
     <span class='ocr_line' id='line_1_19' title="bbox 260 2180 1364 2267; baseline -0.001 -17"><span class='ocrx_word' id='word_1_154' title='bbox 260 2208 318 2250; x_wconf 87' lang='lat' dir='ltr'><strong>cur</strong></span> <span class='ocrx_word' id='word_1_155' title='bbox 330 2184 480 2249; x_wconf 86' lang='lat' dir='ltr'><strong>Graecum</strong></span> <span class='ocrx_word' id='word_1_156' title='bbox 497 2182 554 2246; x_wconf 82' lang='lat' dir='ltr'><strong>‘si’</strong></span> <span class='ocrx_word' id='word_1_157' title='bbox 570 2203 637 2246; x_wconf 90' lang='lat' dir='ltr'><strong>non</strong></span> <span class='ocrx_word' id='word_1_158' title='bbox 649 2188 754 2244; x_wconf 84' lang='lat' dir='ltr'><strong>mutat</strong></span> <span class='ocrx_word' id='word_1_159' title='bbox 764 2180 799 2244; x_wconf 93' lang='lat' dir='ltr'><strong>in</strong></span> <span class='ocrx_word' id='word_1_160' title='bbox 812 2181 965 2245; x_wconf 79' lang='lat' dir='ltr'><strong>Latinum</strong></span> <span class='ocrx_word' id='word_1_161' title='bbox 979 2184 1061 2262; x_wconf 66' lang='lat' dir='ltr'><strong>‘sie&#39;</strong></span> <span class='ocrx_word' id='word_1_162' title='bbox 1075 2191 1108 2247; x_wconf 90' lang='lat' dir='ltr'><strong>et</strong></span> <span class='ocrx_word' id='word_1_163' title='bbox 1123 2204 1181 2267; x_wconf 90' lang='lat' dir='ltr'><strong>pro</strong></span> <span class='ocrx_word' id='word_1_164' title='bbox 1196 2180 1251 2249; x_wconf 82' lang='grc' dir='ltr'><strong>ἐὰν</strong></span> <span class='ocrx_word' id='word_1_165' title='bbox 1265 2181 1364 2249; x_wconf 77' lang='grc' dir='ltr'>αὐτὸν</span> 
     </span>
     <span class='ocr_line' id='line_1_20' title="bbox 263 2280 1362 2372; baseline -0.001 -20"><span class='ocrx_word' id='word_1_166' title='bbox 263 2289 433 2372; x_wconf 89' lang='lat' dir='ltr'><strong>(expuncto</strong></span> <span class='ocrx_word' id='word_1_167' title='bbox 448 2283 513 2368; x_wconf 82' lang='grc' dir='ltr'>ἐὰν)</span> <span class='ocrx_word' id='word_1_168' title='bbox 530 2284 611 2368; x_wconf 87' lang='lat' dir='ltr'><strong>legit</strong></span> <span class='ocrx_word' id='word_1_169' title='bbox 633 2281 731 2353; x_wconf 74' lang='grc' dir='ltr'>οὕτως</span> <span class='ocrx_word' id='word_1_170' title='bbox 745 2280 849 2353; x_wconf 80' lang='grc' dir='ltr'>αὐτόν.</span> <span class='ocrx_word' id='word_1_171' title='bbox 899 2285 1102 2350; x_wconf 82' lang='lat' dir='ltr'><strong>Alterutrum</strong></span> <span class='ocrx_word' id='word_1_172' title='bbox 1125 2287 1240 2350; x_wconf 90' lang='lat' dir='ltr'><strong>horum</strong></span> <span class='ocrx_word' id='word_1_173' title='bbox 1264 2287 1362 2352; x_wconf 68' lang='lat' dir='ltr'><strong>facim</strong></span> 
     </span>
     <span class='ocr_line' id='line_1_21' title="bbox 260 2389 1361 2477; baseline 0 -20"><span class='ocrx_word' id='word_1_174' title='bbox 260 2400 397 2477; x_wconf 86' lang='lat' dir='ltr'><strong>oportet,</strong></span> <span class='ocrx_word' id='word_1_175' title='bbox 412 2412 455 2454; x_wconf 90' lang='lat' dir='ltr'><strong>ne</strong></span> <span class='ocrx_word' id='word_1_176' title='bbox 479 2390 525 2453; x_wconf 88' lang='lat' dir='ltr'><strong>sic</strong></span> <span class='ocrx_word' id='word_1_177' title='bbox 547 2391 661 2453; x_wconf 86' lang='lat' dir='ltr'><strong>Graeco</strong></span> <span class='ocrx_word' id='word_1_178' title='bbox 683 2389 865 2452; x_wconf 81' lang='lat' dir='ltr'><strong>committet</strong></span> <span class='ocrx_word' id='word_1_179' title='bbox 888 2410 962 2452; x_wconf 89' lang='lat' dir='ltr'><strong>cum</strong></span> <span class='ocrx_word' id='word_1_180' title='bbox 978 2390 1114 2455; x_wconf 86' lang='lat' dir='ltr'><strong>Latinis.</strong></span> <span class='ocrx_word' id='word_1_181' title='bbox 1164 2392 1235 2457; x_wconf 90' lang='lat' dir='ltr'><strong>Nec</strong></span> <span class='ocrx_word' id='word_1_182' title='bbox 1249 2393 1283 2456; x_wconf 93' lang='lat' dir='ltr'><strong>id</strong></span> <span class='ocrx_word' id='word_1_183' title='bbox 1297 2415 1361 2457; x_wconf 89' lang='lat' dir='ltr'><strong>un·</strong></span> 
     </span>
     <span class='ocr_line' id='line_1_22' title="bbox 259 2491 1360 2580; baseline 0.001 -20"><span class='ocrx_word' id='word_1_184' title='bbox 259 2519 357 2580; x_wconf 83' lang='lat' dir='ltr'><strong>quam</strong></span> <span class='ocrx_word' id='word_1_185' title='bbox 375 2494 510 2577; x_wconf 80' lang='lat' dir='ltr'><strong>(opinor)</strong></span> <span class='ocrx_word' id='word_1_186' title='bbox 529 2493 652 2570; x_wconf 90' lang='lat' dir='ltr'><strong>efficiet,</strong></span> <span class='ocrx_word' id='word_1_187' title='bbox 668 2499 705 2555; x_wconf 91' lang='lat' dir='ltr'><strong>ut</strong></span> <span class='ocrx_word' id='word_1_188' title='bbox 728 2491 815 2556; x_wconf 89' lang='lat' dir='ltr'><strong>idem</strong></span> <span class='ocrx_word' id='word_1_189' title='bbox 837 2501 952 2556; x_wconf 90' lang='lat' dir='ltr'><strong>sonent</strong></span> <span class='ocrx_word' id='word_1_190' title='bbox 973 2495 1002 2556; x_wconf 82' lang='lat' dir='ltr'><strong>si</strong></span> <span class='ocrx_word' id='word_1_191' title='bbox 1019 2502 1051 2557; x_wconf 91' lang='lat' dir='ltr'><strong>et</strong></span> <span class='ocrx_word' id='word_1_192' title='bbox 1066 2497 1132 2569; x_wconf 79' lang='lat' dir='ltr'><strong>sic,·</strong></span> <span class='ocrx_word' id='word_1_193' title='bbox 1156 2516 1229 2560; x_wconf 88' lang='lat' dir='ltr'><strong>cum</strong></span> <span class='ocrx_word' id='word_1_194' title='bbox 1246 2498 1293 2560; x_wconf 81' lang='lat' dir='ltr'><strong>sic</strong></span> <span class='ocrx_word' id='word_1_195' title='bbox 1311 2499 1360 2579; x_wconf 89' lang='lat' dir='ltr'><strong>(ut</strong></span> 
     </span>
     <span class='ocr_line' id='line_1_23' title="bbox 259 2597 1361 2680; baseline 0.001 -17"><span class='ocrx_word' id='word_1_196' title='bbox 259 2607 373 2663; x_wconf 90' lang='lat' dir='ltr'><strong>notum</strong></span> <span class='ocrx_word' id='word_1_197' title='bbox 393 2597 464 2678; x_wconf 60' lang='lat' dir='ltr'><strong>est)</strong></span> <span class='ocrx_word' id='word_1_198' title='bbox 493 2618 560 2659; x_wconf 88' lang='lat' dir='ltr'><strong>rem</strong></span> <span class='ocrx_word' id='word_1_199' title='bbox 583 2603 693 2678; x_wconf 85' lang='lat' dir='ltr'><strong>ponat,</strong></span> <span class='ocrx_word' id='word_1_200' title='bbox 715 2598 744 2659; x_wconf 80' lang='lat' dir='ltr'><strong>si</strong></span> <span class='ocrx_word' id='word_1_201' title='bbox 764 2618 838 2660; x_wconf 87' lang='lat' dir='ltr'><strong>vero</strong></span> <span class='ocrx_word' id='word_1_202' title='bbox 863 2598 1036 2680; x_wconf 87' lang='lat' dir='ltr'><strong>suspendat</strong></span> <span class='ocrx_word' id='word_1_203' title='bbox 1060 2607 1199 2664; x_wconf 85' lang='lat' dir='ltr'><strong>tantum.</strong></span> <span class='ocrx_word' id='word_1_204' title='bbox 1245 2601 1361 2664; x_wconf 83' lang='lat' dir='ltr'><strong>Graece</strong></span> 
     </span>
     <span class='ocr_line' id='line_1_24' title="bbox 259 2699 1361 2782; baseline 0.002 -17"><span class='ocrx_word' id='word_1_205' title='bbox 259 2723 333 2765; x_wconf 84' lang='lat' dir='ltr'><strong>vero</strong></span> <span class='ocrx_word' id='word_1_206' title='bbox 356 2699 432 2782; x_wconf 90' lang='lat' dir='ltr'><strong>qnid</strong></span> <span class='ocrx_word' id='word_1_207' title='bbox 447 2699 551 2761; x_wconf 84' lang='lat' dir='ltr'><strong>valeat</strong></span> <span class='ocrx_word' id='word_1_208' title='bbox 565 2720 635 2773; x_wconf 89' lang='lat' dir='ltr'><strong>vox,</strong></span> <span class='ocrx_word' id='word_1_209' title='bbox 659 2719 716 2761; x_wconf 89' lang='lat' dir='ltr'><strong>cur</strong></span> <span class='ocrx_word' id='word_1_210' title='bbox 738 2720 775 2761; x_wconf 90' lang='lat' dir='ltr'><strong>ex</strong></span> <span class='ocrx_word' id='word_1_211' title='bbox 791 2701 984 2782; x_wconf 83' lang='lat' dir='ltr'><strong>Augustino,</strong></span> <span class='ocrx_word' id='word_1_212' title='bbox 1001 2701 1183 2780; x_wconf 86' lang='lat' dir='ltr'><strong>Ambrosio,</strong></span> <span class='ocrx_word' id='word_1_213' title='bbox 1200 2703 1361 2767; x_wconf 82' lang='lat' dir='ltr'><strong>Eucherio</strong></span> 
     </span>
     <span class='ocr_line' id='line_1_25' title="bbox 259 2801 1359 2891; baseline 0.005 -24"><span class='ocrx_word' id='word_1_214' title='bbox 259 2805 381 2868; x_wconf 89' lang='lat' dir='ltr'><strong>discere</strong></span> <span class='ocrx_word' id='word_1_215' title='bbox 407 2824 466 2866; x_wconf 91' lang='lat' dir='ltr'><strong>nos</strong></span> <span class='ocrx_word' id='word_1_216' title='bbox 491 2802 596 2886; x_wconf 86' lang='lat' dir='ltr'><strong>jubet,</strong></span> <span class='ocrx_word' id='word_1_217' title='bbox 626 2801 732 2884; x_wconf 89' lang='lat' dir='ltr'><strong>potius</strong></span> <span class='ocrx_word' id='word_1_218' title='bbox 763 2824 859 2883; x_wconf 83' lang='lat' dir='ltr'><strong>quom</strong></span> <span class='ocrx_word' id='word_1_219' title='bbox 889 2824 928 2865; x_wconf 88' lang='lat' dir='ltr'><strong>cx</strong></span> <span class='ocrx_word' id='word_1_220' title='bbox 958 2805 1088 2887; x_wconf 82' lang='lat' dir='ltr'><strong>Cyrillo,</strong></span> <span class='ocrx_word' id='word_1_221' title='bbox 1117 2806 1359 2891; x_wconf 76' lang='lat' dir='ltr'><strong>chrysostomo,</strong></span> 
     </span>
     <span class='ocr_line' id='line_1_26' title="bbox 260 2904 1361 2990; baseline 0.005 -20"><span class='ocrx_word' id='word_1_222' title='bbox 260 2907 470 2990; x_wconf 83' lang='lat' dir='ltr'><strong>Hieronymo,</strong></span> <span class='ocrx_word' id='word_1_223' title='bbox 495 2905 550 2988; x_wconf 92' lang='lat' dir='ltr'><strong>qui</strong></span> <span class='ocrx_word' id='word_1_224' title='bbox 573 2904 687 2968; x_wconf 89' lang='lat' dir='ltr'><strong>melius</strong></span> <span class='ocrx_word' id='word_1_225' title='bbox 709 2905 820 2968; x_wconf 87' lang='lat' dir='ltr'><strong>Graece</strong></span> <span class='ocrx_word' id='word_1_226' title='bbox 845 2906 1012 2971; x_wconf 83' lang='lat' dir='ltr'><strong>sciebant?</strong></span> <span class='ocrx_word' id='word_1_227' title='bbox 1058 2910 1127 2972; x_wconf 89' lang='lat' dir='ltr'><strong>Aut</strong></span> <span class='ocrx_word' id='word_1_228' title='bbox 1143 2930 1200 2973; x_wconf 89' lang='lat' dir='ltr'><strong>cur</strong></span> <span class='ocrx_word' id='word_1_229' title='bbox 1215 2931 1254 2974; x_wconf 89' lang='lat' dir='ltr'><strong>cx</strong></span> <span class='ocrx_word' id='word_1_230' title='bbox 1270 2911 1361 2975; x_wconf 85' lang='lat' dir='ltr'><strong>Beda</strong></span> 
     </span>
     <span class='ocr_line' id='line_1_27' title="bbox 258 3006 1360 3093; baseline 0.003 -20"><span class='ocrx_word' id='word_1_231' title='bbox 258 3017 291 3073; x_wconf 91' lang='lat' dir='ltr'><strong>et</strong></span> <span class='ocrx_word' id='word_1_232' title='bbox 316 3011 470 3093; x_wconf 87' lang='lat' dir='ltr'><strong>Ruperto,</strong></span> <span class='ocrx_word' id='word_1_233' title='bbox 495 3029 590 3090; x_wconf 85' lang='lat' dir='ltr'><strong>quum</strong></span> <span class='ocrx_word' id='word_1_234' title='bbox 613 3029 652 3070; x_wconf 85' lang='lat' dir='ltr'><strong>cx</strong></span> <span class='ocrx_word' id='word_1_235' title='bbox 670 3006 847 3089; x_wconf 80' lang='lat' dir='ltr'><strong>llutbymio</strong></span> <span class='ocrx_word' id='word_1_236' title='bbox 870 3016 903 3070; x_wconf 91' lang='lat' dir='ltr'><strong>et</strong></span> <span class='ocrx_word' id='word_1_237' title='bbox 927 3009 1189 3093; x_wconf 82' lang='lat' dir='ltr'><strong>Theophylacto?</strong></span> <span class='ocrx_word' id='word_1_238' title='bbox 1239 3013 1360 3076; x_wconf 86' lang='lat' dir='ltr'><strong>Sedet</strong></span> 
     </span>
     <span class='ocr_line' id='line_1_28' title="bbox 259 3109 1361 3195; baseline 0.003 -20"><span class='ocrx_word' id='word_1_239' title='bbox 259 3112 345 3195; x_wconf 84' lang='lat' dir='ltr'><strong>apud</strong></span> <span class='ocrx_word' id='word_1_240' title='bbox 374 3111 503 3175; x_wconf 86' lang='lat' dir='ltr'><strong>eosdem</strong></span> <span class='ocrx_word' id='word_1_241' title='bbox 530 3111 610 3187; x_wconf 92' lang='lat' dir='ltr'><strong>illos,</strong></span> <span class='ocrx_word' id='word_1_242' title='bbox 638 3117 671 3173; x_wconf 89' lang='lat' dir='ltr'><strong>et</strong></span> <span class='ocrx_word' id='word_1_243' title='bbox 702 3109 788 3171; x_wconf 89' lang='lat' dir='ltr'><strong>hnud</strong></span> <span class='ocrx_word' id='word_1_244' title='bbox 818 3111 883 3173; x_wconf 89' lang='lat' dir='ltr'><strong>seio</strong></span> <span class='ocrx_word' id='word_1_245' title='bbox 913 3134 954 3174; x_wconf 87' lang='lat' dir='ltr'><strong>un</strong></span> <span class='ocrx_word' id='word_1_246' title='bbox 978 3113 1096 3195; x_wconf 75' lang='lat' dir='ltr'><strong>plureS,</strong></span> <span class='ocrx_word' id='word_1_247' title='bbox 1120 3117 1217 3176; x_wconf 76' lang='lat' dir='ltr'><strong>everti</strong></span> <span class='ocrx_word' id='word_1_248' title='bbox 1242 3115 1361 3178; x_wconf 87' lang='lat' dir='ltr'><strong>dicitur</strong></span> 
     </span>
     <span class='ocr_line' id='line_1_29' title="bbox 259 3214 1359 3300; baseline 0.001 -20"><span class='ocrx_word' id='word_1_249' title='bbox 259 3216 382 3293; x_wconf 89' lang='lat' dir='ltr'><strong>domus,</strong></span> <span class='ocrx_word' id='word_1_250' title='bbox 405 3236 465 3278; x_wconf 89' lang='lat' dir='ltr'><strong>nco</strong></span> <span class='ocrx_word' id='word_1_251' title='bbox 489 3215 608 3276; x_wconf 73' lang='lat' dir='ltr'><strong>everri:</strong></span> <span class='ocrx_word' id='word_1_252' title='bbox 633 3234 729 3296; x_wconf 91' lang='lat' dir='ltr'><strong>quem</strong></span> <span class='ocrx_word' id='word_1_253' title='bbox 752 3214 934 3277; x_wconf 82' lang='lat' dir='ltr'><strong>correxistis</strong></span> <span class='ocrx_word' id='word_1_254' title='bbox 950 3228 1070 3283; x_wconf 86' lang='lat' dir='ltr'><strong>tamen.</strong></span> <span class='ocrx_word' id='word_1_255' title='bbox 1117 3217 1205 3282; x_wconf 81' lang='lat' dir='ltr'><strong>Quid</strong></span> <span class='ocrx_word' id='word_1_256' title='bbox 1220 3238 1296 3300; x_wconf 88' lang='lat' dir='ltr'><strong>ergo</strong></span> <span class='ocrx_word' id='word_1_257' title='bbox 1312 3220 1359 3281; x_wconf 83' lang='lat' dir='ltr'><strong>sic</strong></span> 
     </span>
    </p>
   </div>
   <div class='ocr_carea' id='block_1_4' title="bbox 259 3319 829 3385">
    <p class='ocr_par' dir='ltr' id='par_1_5' title="bbox 259 3319 829 3385">
     <span class='ocr_line' id='line_1_30' title="bbox 259 3319 829 3385; baseline -0.009 -1"><span class='ocrx_word' id='word_1_258' title='bbox 259 3321 347 3385; x_wconf 89' lang='lat' dir='ltr'><strong>istud</strong></span> <span class='ocrx_word' id='word_1_259' title='bbox 360 3322 395 3382; x_wconf 80' lang='lat' dir='ltr'><strong>iu</strong></span> <span class='ocrx_word' id='word_1_260' title='bbox 409 3341 462 3383; x_wconf 84' lang='lat' dir='ltr'><strong>vos</strong></span> <span class='ocrx_word' id='word_1_261' title='bbox 478 3325 599 3382; x_wconf 82' lang='lat' dir='ltr'><strong>tontum</strong></span> <span class='ocrx_word' id='word_1_262' title='bbox 614 3319 829 3380; x_wconf 82' lang='lat' dir='ltr'><strong>committere?</strong></span> 
     </span>
    </p>
   </div>
   <div class='ocr_carea' id='block_1_5' title="bbox 291 3444 1361 3755">
    <p class='ocr_par' dir='ltr' id='par_1_6' title="bbox 291 3444 1361 3755">
     <span class='ocr_line' id='line_1_31' title="bbox 291 3444 1360 3511; baseline 0.001 -13"><span class='ocrx_word' id='word_1_263' title='bbox 291 3448 380 3511; x_wconf 85' lang='lat' dir='ltr'><strong>Neque</strong></span> <span class='ocrx_word' id='word_1_264' title='bbox 395 3461 481 3496; x_wconf 85' lang='lat' dir='ltr'><strong>verum</strong></span> <span class='ocrx_word' id='word_1_265' title='bbox 499 3450 537 3495; x_wconf 87' lang='lat' dir='ltr'><strong>est</strong></span> <span class='ocrx_word' id='word_1_266' title='bbox 548 3445 624 3495; x_wconf 84' lang='lat' dir='ltr'><strong>verbo</strong></span> <span class='ocrx_word' id='word_1_267' title='bbox 640 3445 686 3493; x_wconf 84' lang='lat' dir='ltr'><strong>illo</strong></span> <span class='ocrx_word' id='word_1_268' title='bbox 697 3444 754 3492; x_wconf 86' lang='lat' dir='ltr'><strong>‘Sic</strong></span> <span class='ocrx_word' id='word_1_269' title='bbox 771 3459 828 3493; x_wconf 89' lang='lat' dir='ltr'><strong>eum</strong></span> <span class='ocrx_word' id='word_1_270' title='bbox 841 3444 897 3494; x_wconf 83' lang='lat' dir='ltr'><strong>volo</strong></span> <span class='ocrx_word' id='word_1_271' title='bbox 914 3447 1028 3495; x_wconf 85' lang='lat' dir='ltr'><strong>moncro&#39;</strong></span> <span class='ocrx_word' id='word_1_272' title='bbox 1043 3447 1203 3497; x_wconf 78' lang='lat' dir='ltr'><strong>mendacium</strong></span> <span class='ocrx_word' id='word_1_273' title='bbox 1220 3449 1360 3507; x_wconf 85' lang='lat' dir='ltr'><strong>continere,</strong></span> 
     </span>
     <span class='ocr_line' id='line_1_32' title="bbox 323 3524 1361 3590; baseline -0.001 -13"><span class='ocrx_word' id='word_1_274' title='bbox 323 3535 350 3577; x_wconf 85' lang='lat' dir='ltr'><strong>nt</strong></span> <span class='ocrx_word' id='word_1_275' title='bbox 364 3528 417 3577; x_wconf 84' lang='lat' dir='ltr'><strong>Rex</strong></span> <span class='ocrx_word' id='word_1_276' title='bbox 430 3564 436 3576; x_wconf 92' lang='lat'><strong>.</strong></span> <span class='ocrx_word' id='word_1_277' title='bbox 448 3564 455 3576; x_wconf 89' lang='lat'><strong>.</strong></span> <span class='ocrx_word' id='word_1_278' title='bbox 467 3563 473 3574; x_wconf 94' lang='lat'><em>.</em></span> <span class='ocrx_word' id='word_1_279' title='bbox 485 3525 601 3576; x_wconf 80' lang='lat' dir='ltr'><strong>affirmet.</strong></span> <span class='ocrx_word' id='word_1_280' title='bbox 626 3524 686 3574; x_wconf 80' lang='lat' dir='ltr'><strong>Non</strong></span> <span class='ocrx_word' id='word_1_281' title='bbox 698 3525 767 3574; x_wconf 84' lang='lat' dir='ltr'><strong>enim</strong></span> <span class='ocrx_word' id='word_1_282' title='bbox 778 3526 829 3574; x_wconf 88' lang='lat' dir='ltr'><strong>‘sic</strong></span> <span class='ocrx_word' id='word_1_283' title='bbox 841 3540 898 3574; x_wconf 88' lang='lat' dir='ltr'><strong>cum</strong></span> <span class='ocrx_word' id='word_1_284' title='bbox 910 3527 966 3575; x_wconf 87' lang='lat' dir='ltr'><strong>volo</strong></span> <span class='ocrx_word' id='word_1_285' title='bbox 977 3541 1078 3576; x_wconf 81' lang='lat' dir='ltr'><strong>manere</strong></span> <span class='ocrx_word' id='word_1_286' title='bbox 1086 3529 1091 3543; x_wconf 86' lang='lat'>&#39;</span> <span class='ocrx_word' id='word_1_287' title='bbox 1099 3528 1292 3590; x_wconf 68' lang='lat' dir='ltr'><strong>siguificatnon</strong></span> <span class='ocrx_word' id='word_1_288' title='bbox 1302 3532 1361 3580; x_wconf 84' lang='lat' dir='ltr'><strong>volo</strong></span> 
     </span>
     <span class='ocr_line' id='line_1_33' title="bbox 322 3606 1360 3683; baseline 0.001 -23"><span class='ocrx_word' id='word_1_289' title='bbox 322 3626 379 3660; x_wconf 91' lang='lat' dir='ltr'><strong>eum</strong></span> <span class='ocrx_word' id='word_1_290' title='bbox 391 3606 515 3663; x_wconf 63' lang='lat' dir='ltr'><strong>morisco</strong></span> <span class='ocrx_word' id='word_1_291' title='bbox 526 3622 578 3656; x_wconf 86' lang='lat' dir='ltr'><strong>non</strong></span> <span class='ocrx_word' id='word_1_292' title='bbox 584 3606 641 3655; x_wconf 83' lang='lat' dir='ltr'><strong>volo</strong></span> <span class='ocrx_word' id='word_1_293' title='bbox 654 3621 712 3655; x_wconf 90' lang='lat' dir='ltr'><strong>eum</strong></span> <span class='ocrx_word' id='word_1_294' title='bbox 723 3611 804 3656; x_wconf 82' lang='lat' dir='ltr'><strong>morto</strong></span> <span class='ocrx_word' id='word_1_295' title='bbox 816 3607 927 3656; x_wconf 84' lang='lat' dir='ltr'><strong>violente</strong></span> <span class='ocrx_word' id='word_1_296' title='bbox 935 3608 1209 3673; x_wconf 82' lang='lat' dir='ltr'><strong>(mori).-Bcll.Apol.</strong></span> <span class='ocrx_word' id='word_1_297' title='bbox 1218 3625 1265 3674; x_wconf 90' lang='lat' dir='ltr'><strong>pro</strong></span> <span class='ocrx_word' id='word_1_298' title='bbox 1272 3611 1360 3683; x_wconf 68' lang='lat' dir='ltr'><strong>Resu]</strong></span> 
     </span>
     <span class='ocr_line' id='line_1_34' title="bbox 321 3687 835 3755; baseline -0.006 -16"><span class='ocrx_word' id='word_1_299' title='bbox 321 3709 338 3755; x_wconf 86' lang='lat' dir='ltr'><strong>p</strong></span> <span class='ocrx_word' id='word_1_300' title='bbox 359 3692 414 3740; x_wconf 81' lang='grc'>148.</span> <span class='ocrx_word' id='word_1_301' title='bbox 427 3689 494 3753; x_wconf 89' lang='lat' dir='ltr'><strong>[Op.,</strong></span> <span class='ocrx_word' id='word_1_302' title='bbox 505 3693 566 3737; x_wconf 91' lang='lat' dir='ltr'><strong>tom.</strong></span> <span class='ocrx_word' id='word_1_303' title='bbox 576 3689 619 3737; x_wconf 88' lang='lat' dir='ltr'><strong>vii.</strong></span> <span class='ocrx_word' id='word_1_304' title='bbox 631 3688 676 3737; x_wconf 89' lang='lat' dir='ltr'><strong>col.</strong></span> <span class='ocrx_word' id='word_1_305' title='bbox 686 3688 741 3739; x_wconf 74' lang='lat'>787.</span> <span class='ocrx_word' id='word_1_306' title='bbox 753 3687 780 3737; x_wconf 82' lang='lat' dir='ltr'><strong>C.</strong></span> <span class='ocrx_word' id='word_1_307' title='bbox 793 3687 835 3752; x_wconf 62' lang='lat'><strong>11]</strong></span> 
     </span>
    </p>
   </div>
   <div class='ocr_carea' id='block_1_6' title="bbox 257 3785 1404 4182">
    <p class='ocr_par' dir='ltr' id='par_1_7' title="bbox 257 3785 1404 4182">
     <span class='ocr_line' id='line_1_35' title="bbox 300 3785 1358 3872; baseline 0.005 -21"><span class='ocrx_word' id='word_1_308' title='bbox 300 3791 423 3851; x_wconf 84' lang='lat' dir='ltr'><strong>Verum</strong></span> <span class='ocrx_word' id='word_1_309' title='bbox 448 3794 557 3850; x_wconf 82' lang='lat' dir='ltr'><strong>autem</strong></span> <span class='ocrx_word' id='word_1_310' title='bbox 583 3787 655 3868; x_wconf 89' lang='lat' dir='ltr'><strong>(nec</strong></span> <span class='ocrx_word' id='word_1_311' title='bbox 680 3785 714 3847; x_wconf 91' lang='lat' dir='ltr'><strong>id</strong></span> <span class='ocrx_word' id='word_1_312' title='bbox 737 3786 802 3850; x_wconf 86' lang='lat' dir='ltr'><strong>scio</strong></span> <span class='ocrx_word' id='word_1_313' title='bbox 828 3787 960 3870; x_wconf 82' lang='lat' dir='ltr'><strong>negabit</strong></span> <span class='ocrx_word' id='word_1_314' title='bbox 984 3788 1174 3872; x_wconf 84' lang='lat' dir='ltr'><strong>Cordinalis)</strong></span> <span class='ocrx_word' id='word_1_315' title='bbox 1193 3811 1232 3853; x_wconf 87' lang='lat' dir='ltr'><strong>ex</strong></span> <span class='ocrx_word' id='word_1_316' title='bbox 1252 3792 1358 3856; x_wconf 88' lang='lat' dir='ltr'><strong>verbis</strong></span> 
     </span>
     <span class='ocr_line' id='line_1_36' title="bbox 257 3891 1404 3970; baseline 0.003 -14"><span class='ocrx_word' id='word_1_317' title='bbox 257 3894 329 3970; x_wconf 83' lang='lat' dir='ltr'><strong>illio,</strong></span> <span class='ocrx_word' id='word_1_318' title='bbox 347 3893 402 3953; x_wconf 82' lang='lat' dir='ltr'><strong>Sic</strong></span> <span class='ocrx_word' id='word_1_319' title='bbox 422 3913 489 3953; x_wconf 87' lang='lat' dir='ltr'><strong>eum</strong></span> <span class='ocrx_word' id='word_1_320' title='bbox 512 3893 580 3953; x_wconf 85' lang='lat' dir='ltr'><strong>colo</strong></span> <span class='ocrx_word' id='word_1_321' title='bbox 603 3910 728 3952; x_wconf 83' lang='lat' dir='ltr'><strong>munere</strong></span> <span class='ocrx_word' id='word_1_322' title='bbox 752 3891 847 3953; x_wconf 84' lang='lat' dir='ltr'><strong>donee</strong></span> <span class='ocrx_word' id='word_1_323' title='bbox 868 3892 998 3969; x_wconf 79' lang='lat' dir='ltr'><strong>veniam,</strong></span> <span class='ocrx_word' id='word_1_324' title='bbox 1023 3892 1141 3956; x_wconf 87' lang='lat' dir='ltr'><strong>multos</strong></span> <span class='ocrx_word' id='word_1_325' title='bbox 1163 3896 1358 3959; x_wconf 77' lang='lat' dir='ltr'><strong>orrenducium</strong></span> <span class='ocrx_word' id='word_1_326' title='bbox 1401 3954 1404 3959; x_wconf 91' lang='lat'>.</span> 
     </span>
     <span class='ocr_line' id='line_1_37' title="bbox 257 3991 1357 4078; baseline 0.003 -19"><span class='ocrx_word' id='word_1_327' title='bbox 257 3996 335 4060; x_wconf 92' lang='lat' dir='ltr'><strong>illud</strong></span> <span class='ocrx_word' id='word_1_328' title='bbox 354 3994 452 4078; x_wconf 90' lang='lat' dir='ltr'><strong>(quod</strong></span> <span class='ocrx_word' id='word_1_329' title='bbox 473 3993 581 4075; x_wconf 84' lang='lat' dir='ltr'><strong>negot)</strong></span> <span class='ocrx_word' id='word_1_330' title='bbox 602 3991 755 4068; x_wconf 89' lang='lat' dir='ltr'><strong>elicuisse,</strong></span> <span class='ocrx_word' id='word_1_331' title='bbox 771 4015 831 4056; x_wconf 86' lang='lat' dir='ltr'><strong>noc</strong></span> <span class='ocrx_word' id='word_1_332' title='bbox 846 3994 937 4072; x_wconf 91' lang='lat' dir='ltr'><strong>illud,</strong></span> <span class='ocrx_word' id='word_1_333' title='bbox 953 4016 1014 4057; x_wconf 81' lang='lat' dir='ltr'><strong>noo</strong></span> <span class='ocrx_word' id='word_1_334' title='bbox 1027 3997 1095 4057; x_wconf 86' lang='lat' dir='ltr'><strong>eolo</strong></span> <span class='ocrx_word' id='word_1_335' title='bbox 1110 4002 1209 4059; x_wconf 79' lang='lat' dir='ltr'><strong>morte</strong></span> <span class='ocrx_word' id='word_1_336' title='bbox 1222 3999 1357 4062; x_wconf 79' lang='lat' dir='ltr'><strong>violento</strong></span> 
     </span>
     <span class='ocr_line' id='line_1_38' title="bbox 257 4096 1362 4182; baseline 0.004 -20"><span class='ocrx_word' id='word_1_337' title='bbox 257 4103 413 4182; x_wconf 74' lang='lat' dir='ltr'><strong>nriyrore:</strong></span> <span class='ocrx_word' id='word_1_338' title='bbox 441 4098 535 4179; x_wconf 81' lang='lat' dir='ltr'><strong>(nova</strong></span> <span class='ocrx_word' id='word_1_339' title='bbox 549 4096 618 4158; x_wconf 87' lang='lat' dir='ltr'><strong>haec</strong></span> <span class='ocrx_word' id='word_1_340' title='bbox 633 4102 680 4158; x_wconf 91' lang='lat' dir='ltr'><strong>est</strong></span> <span class='ocrx_word' id='word_1_341' title='bbox 697 4096 877 4159; x_wconf 84' lang='lat' dir='ltr'><strong>Cardinalis</strong></span> <span class='ocrx_word' id='word_1_342' title='bbox 894 4096 1018 4178; x_wconf 80' lang='lat' dir='ltr'><strong>Glossa)</strong></span> <span class='ocrx_word' id='word_1_343' title='bbox 1038 4097 1093 4161; x_wconf 91' lang='lat' dir='ltr'><strong>sed</strong></span> <span class='ocrx_word' id='word_1_344' title='bbox 1117 4101 1258 4178; x_wconf 89' lang='lat' dir='ltr'><strong>omnino,</strong></span> <span class='ocrx_word' id='word_1_345' title='bbox 1282 4102 1362 4181; x_wconf 78' lang='lat' dir='ltr'><strong>Nou¹</strong></span> 
     </span>
    </p>
   </div>
   <div class='ocr_carea' id='block_1_7' title="bbox 257 4229 1357 4556">
    <p class='ocr_par' dir='ltr' id='par_1_8' title="bbox 257 4229 1357 4556">
     <span class='ocr_line' id='line_1_39' title="bbox 290 4229 1357 4347; baseline 0.003 -64"><span class='ocrx_word' id='word_1_346' title='bbox 290 4234 299 4266; x_wconf 75' lang='lat'><em>¹</em></span> <span class='ocrx_word' id='word_1_347' title='bbox 314 4236 344 4347; x_wconf 51' lang='grc' dir='ltr'>Γ</span> <span class='ocrx_word' id='word_1_348' title='bbox 354 4234 388 4283; x_wconf 84' lang='lat' dir='ltr'><strong>Et</strong></span> <span class='ocrx_word' id='word_1_349' title='bbox 398 4233 491 4282; x_wconf 85' lang='lat' dir='ltr'><strong>everrit</strong></span> <span class='ocrx_word' id='word_1_350' title='bbox 501 4230 626 4305; x_wconf 81' lang='lat' dir='ltr'><strong>domum.’&#39;</strong></span> <span class='ocrx_word' id='word_1_351' title='bbox 638 4229 697 4278; x_wconf 87' lang='lat' dir='ltr'><strong>Luc.</strong></span> <span class='ocrx_word' id='word_1_352' title='bbox 709 4245 749 4279; x_wconf 85' lang='lat' dir='ltr'><strong>xv.</strong></span> <span class='ocrx_word' id='word_1_353' title='bbox 761 4233 782 4280; x_wconf 84' lang='grc'><strong>8.</strong></span> <span class='ocrx_word' id='word_1_354' title='bbox 822 4231 894 4293; x_wconf 82' lang='lat' dir='ltr'><strong>jussu</strong></span> <span class='ocrx_word' id='word_1_355' title='bbox 917 4233 1045 4294; x_wconf 78' lang='lat' dir='ltr'><strong>recognita</strong></span> <span class='ocrx_word' id='word_1_356' title='bbox 1066 4238 1141 4296; x_wconf 88' lang='lat' dir='ltr'><strong>utque</strong></span> <span class='ocrx_word' id='word_1_357' title='bbox 1163 4235 1232 4285; x_wconf 81' lang='lat' dir='ltr'><strong>edito</strong></span> <span class='ocrx_word' id='word_1_358' title='bbox 1259 4237 1357 4299; x_wconf 80' lang='lat' dir='ltr'><strong>Romre,</strong></span> 
     </span>
     <span class='ocr_line' id='line_1_40' title="bbox 257 4295 1356 4428; baseline -0.005 -81"><span class='ocrx_word' id='word_1_359' title='bbox 257 4315 325 4411; x_wconf 45' lang='grc' dir='ltr'><strong>ειΡυὲί</strong></span> <span class='ocrx_word' id='word_1_360' title='bbox 343 4298 408 4411; x_wconf 65' lang='lat' dir='ltr'><strong>Bicbd</strong></span> <span class='ocrx_word' id='word_1_361' title='bbox 431 4295 689 4420; x_wconf 44' lang='lat' dir='ltr'><strong>sallssnigfflilwiilim&#39;</strong></span> <span class='ocrx_word' id='word_1_362' title='bbox 709 4295 781 4344; x_wconf 83' lang='lat' dir='ltr'><strong>Vlll.</strong></span> <span class='ocrx_word' id='word_1_363' title='bbox 827 4296 1249 4428; x_wconf 44' lang='lat' dir='ltr'><strong>iiii)⁰0ciidmiimsliiiiiriliilui</strong></span> <span class='ocrx_word' id='word_1_364' title='bbox 1265 4306 1356 4353; x_wconf 79' lang='lat' dir='ltr'><strong>“erer.</strong></span> 
     </span>
     <span class='ocr_line' id='line_1_41' title="bbox 259 4363 1356 4493; baseline 0.005 -18"><span class='ocrx_word' id='word_1_365' title='bbox 259 4363 301 4465; x_wconf 29' lang='lat'><strong>1}</strong></span> <span class='ocrx_word' id='word_1_366' title='bbox 318 4379 390 4490; x_wconf 49' lang='lat' dir='ltr'><strong>[l‘rldt</strong></span> <span class='ocrx_word' id='word_1_367' title='bbox 400 4377 492 4475; x_wconf 63' lang='lat' dir='ltr'><strong>Ediicrtit</strong></span> <span class='ocrx_word' id='word_1_368' title='bbox 504 4392 701 4493; x_wconf 44' lang='lat' dir='ltr'><strong>domiminus.</strong></span> <span class='ocrx_word' id='word_1_369' title='bbox 715 4425 780 4486; x_wconf 75' lang='lat' dir='ltr'><strong>npnd</strong></span> <span class='ocrx_word' id='word_1_370' title='bbox 859 4399 870 4455; x_wconf 69' lang='lat' dir='ltr'><strong>l</strong></span> <span class='ocrx_word' id='word_1_371' title='bbox 888 4425 965 4488; x_wconf 88' lang='lat' dir='ltr'><strong>[Vide</strong></span> <span class='ocrx_word' id='word_1_372' title='bbox 977 4377 1053 4474; x_wconf 68' lang='lat' dir='ltr'><strong>cliiii</strong></span> <span class='ocrx_word' id='word_1_373' title='bbox 1065 4427 1163 4478; x_wconf 83' lang='lat' dir='ltr'><strong>l&#39;roefat.</strong></span> <span class='ocrx_word' id='word_1_374' title='bbox 1176 4432 1202 4479; x_wconf 92' lang='lat' dir='ltr'><strong>in</strong></span> <span class='ocrx_word' id='word_1_375' title='bbox 1217 4429 1300 4479; x_wconf 83' lang='lat' dir='ltr'><strong>Biblin</strong></span> <span class='ocrx_word' id='word_1_376' title='bbox 1311 4447 1356 4481; x_wconf 74' lang='lat' dir='ltr'><strong>sne</strong></span> 
     </span>
     <span class='ocr_line' id='line_1_42' title="bbox 257 4488 1157 4556; baseline 0.003 -16"><span class='ocrx_word' id='word_1_377' title='bbox 257 4490 322 4541; x_wconf 84' lang='lat' dir='ltr'><strong>Ilibl.</strong></span> <span class='ocrx_word' id='word_1_378' title='bbox 340 4491 405 4541; x_wconf 84' lang='lat' dir='ltr'><strong>Sucr.</strong></span> <span class='ocrx_word' id='word_1_379' title='bbox 421 4490 494 4552; x_wconf 78' lang='lat' dir='ltr'><strong>l&#39;nlg.</strong></span> <span class='ocrx_word' id='word_1_380' title='bbox 515 4488 558 4537; x_wconf 82' lang='lat' dir='ltr'><strong>Ed.</strong></span> <span class='ocrx_word' id='word_1_381' title='bbox 577 4489 643 4537; x_wconf 68' lang='lat' dir='ltr'><strong>sixti</strong></span> <span class='ocrx_word' id='word_1_382' title='bbox 659 4489 687 4536; x_wconf 77' lang='lat' dir='ltr'><strong>V.</strong></span> <span class='ocrx_word' id='word_1_383' title='bbox 707 4489 733 4538; x_wconf 81' lang='grc' dir='ltr'><strong>Ρ,</strong></span> <span class='ocrx_word' id='word_1_384' title='bbox 748 4489 780 4537; x_wconf 86' lang='lat' dir='ltr'><strong>ll.</strong></span> <span class='ocrx_word' id='word_1_385' title='bbox 825 4491 892 4553; x_wconf 85' lang='lat' dir='ltr'><strong>npnd</strong></span> <span class='ocrx_word' id='word_1_386' title='bbox 904 4490 966 4540; x_wconf 84' lang='lat' dir='ltr'><strong>Crit.</strong></span> <span class='ocrx_word' id='word_1_387' title='bbox 979 4492 1044 4541; x_wconf 82' lang='lat' dir='ltr'><strong>Socr.</strong></span> <span class='ocrx_word' id='word_1_388' title='bbox 1056 4498 1117 4543; x_wconf 82' lang='lat' dir='ltr'><strong>torn.</strong></span> <span class='ocrx_word' id='word_1_389' title='bbox 1130 4494 1157 4556; x_wconf 85' lang='lat' dir='ltr'><strong>i]</strong></span> 
     </span>
    </p>
   </div>
   <div class='ocr_carea' id='block_1_8' title="bbox 0 0 1460 4926">
    <p class='ocr_par' dir='ltr' id='par_1_9' title="bbox 0 0 1460 4926">
     <span class='ocr_line' id='line_1_43' title="bbox 0 0 1460 4926; baseline 0 2"><span class='ocrx_word' id='word_1_390' title='bbox 0 0 1460 4926; x_wconf 95' lang='lat' dir='ltr'><strong> </strong></span> 
     </span>
    </p>
   </div>
  </div>
 </body>
</html>
