2910 4926
442 284 623 333 immensi
643 285 824 334 nassonsm.
1117 268 1181 332 337

81 440 242 500 statuunt:
267 437 325 502 sed
346 459 461 522 neque,
478 446 627 523 tanquam
649 441 693 503 od
714 447 860 504 eternam
883 439 1023 518 coloten,
1042 457 1183 502 necesso-

82 539 174 601 riam.
205 540 283 603 Non
297 543 435 604 unanimi
451 563 607 622 consensu,
618 543 738 607 fatetur
751 541 897 607 Hilarius
912 542 1020 604 ocrim
1028 541 1181 622 planime-

82 661 152 703 rum
167 642 323 722 opiniones
332 641 349 722 ¹,
366 664 446 726 quus
460 646 528 728 ipse
542 650 653 708 tamen
670 666 738 708 non
755 643 909 727 sequitur.
950 642 1181 727 Hieronyman,

86 743 269 824 Quanquam
288 746 378 807 malti
392 748 466 823 sint,
482 747 535 828 qui
550 748 597 808 ita
615 746 754 823 credant,
766 765 799 808 ce
817 750 920 808 tomen
937 765 998 807 non
1015 744 1181 808 crederem.

83 843 183 924 Beda,
196 846 329 918 Quidam
344 849 410 911 eic:
435 849 560 930 quidam
576 849 670 912 oiiter
679 857 704 910 ¹¹.
750 848 923 930 Rupertus,
940 848 1110 910 Doctorum
1125 848 1182 910 olii

82 947 222 1025 credunt,
238 949 295 1010 alii
310 969 381 1012 uero
396 971 589 1032 nequaqnam
598 962 621 1012 ⁰.
647 951 781 1013 Fatetur
796 949 906 1014 Abbes
922 949 1079 1028 inachim,
1093 950 1184 1022 Quod

82 1050 116 1112 in
130 1052 188 1113 hoc
211 1051 344 1115 articulo
367 1073 428 1115 non
449 1054 510 1116 eidi
525 1054 706 1118 conveniant
720 1052 845 1130 Patres,
861 1051 919 1114 ced
927 1051 1043 1115 dioerei
1058 1053 1181 1115 diverso

81 1154 248 1217 incunte.
282 1156 355 1219 Nec
366 1156 550 1220 adsalutem
561 1157 777 1234 neceesarium,
787 1153 907 1218 fatetur
918 1153 1014 1232 idem,
1028 1155 1184 1236 Quicquid

83 1254 122 1317 ob
145 1257 195 1318 hie
208 1257 258 1319 oei
270 1258 334 1321 illic
354 1259 481 1338 dicitur,
497 1262 669 1342 opinionem
689 1261 791 1340 inopie
808 1277 874 1321 esee
895 1278 961 1339 pun
972 1255 1051 1339 solii
1065 1263 1180 1338 potest,

83 1378 175 1439 quom
189 1360 333 1424 notitiam
345 1363 394 1424 vel
407 1363 604 1441 intellectam,
617 1363 680 1444 qui,
689 1365 718 1424 ei
732 1381 823 1425 venie
837 1366 893 1440 eet,
901 1360 980 1442 salii
994 1381 1056 1423 non
1064 1367 1179 1442 potest.

382 1489 468 1540 Patres
479 1505 532 1540 non
542 1495 642 1541 tantum
653 1504 769 1541 erroneos
779 1490 879 1552 iecit:

126 1586 219 1666 Tum,
242 1593 275 1651 et
296 1587 377 1651 illud
399 1589 544 1653 odiosum
566 1590 672 1668 nimis,
696 1590 813 1652 Patres
834 1609 977 1653 monson
993 1588 1179 1670 faciteam
1192 1597 1298 1663 [noser-

81 1709 190 1752 errore
211 1690 307 1754 modo
327 1691 412 1754 dieat
421 1718 431 1770 3
454 1693 577 1755 dirrare
600 1698 709 1756 eutem
728 1690 809 1754 illud
831 1696 977 1774 exponat,
991 1712 1058 1779 per
1079 1692 1181 1754 minue
1191 1662 1297 1726 ΝΜ]

81 1796 164 1854 recte
189 1792 372 1874 inteilipere,
396 1793 481 1876 quod
514 1794 597 1878 (quis
621 1814 689 1858 non
718 1793 841 1876 videti)
869 1792 973 1857 multo
995 1792 1096 1857 levius
1117 1801 1178 1871 est,

82 1913 179 1974 quum
204 1913 348 1957 emonem
370 1893 491 1975 socero.
536 1896 659 1959 Emere
681 1917 724 1975 se,
747 1904 785 1959 ut
808 1896 982 1972 hominem,
999 1894 1179 1960 cardinalis

84 1995 202 2079 (credo)
229 1996 336 2062 debit:
359 1998 536 2062 Erroneam
557 2020 705 2064 essenon
726 1998 825 2065 dabit.
870 2000 942 2063 Nec
963 1998 1034 2063 illos
1056 2000 1176 2083 igitur:

81 2099 143 2162 etsi
157 2118 293 2163 morem
315 2101 413 2165 cuivis
435 2102 575 2181 illorum,
592 2103 716 2186 quoties
731 2103 810 2182 vult,
829 2102 1007 2168 cardinalis
1025 2103 1095 2186 ipse
1114 2104 1175 2166 im·

80 2204 195 2287 pingit.
242 2205 306 2269 Sed
320 2205 371 2268 vel
392 2226 431 2270 ea
452 2227 528 2270 voce
544 2206 751 2270 abstinuisset
773 2208 853 2283 Rex,
871 2227 933 2269 nec
948 2226 1056 2270 marc
1079 2206 1120 2271 de
1138 2207 1178 2270 iis

81 2329 266 2391 quenquam
292 2308 435 2386 dixisset,
458 2309 521 2372 nisi
544 2310 639 2392 quod,
659 2315 731 2392 post
755 2309 827 2373 illos
851 2309 907 2372 diu
929 2310 998 2392 jam
1023 2317 1178 2389 mortuos,

37 2432 46 2449 ·
80 2411 177 2494 longe
197 2411 437 2475 succedentium
460 2413 661 2489 saeculorum,
677 2433 812 2495 quaeque
833 2412 868 2475 in
890 2413 954 2477 illis
970 2414 1176 2497 contigemnt

81 2535 199 2594 rerum,
222 2514 419 2597 experientis
444 2515 586 2593 edoctus,
605 2515 719 2578 melius
740 2536 810 2578 rem
833 2515 913 2579 scire
941 2516 1057 2599 potuit,
1080 2536 1177 2599 quem

82 2616 184 2700 quivis
197 2617 336 2694 illorum,
354 2617 409 2700 qui
423 2622 474 2680 tot
489 2626 566 2681 ante
581 2617 704 2682 saecalis
721 2617 790 2682 fato
808 2618 913 2682 iuncti
928 2625 1015 2697 sunt,
1031 2640 1091 2682 nec
1106 2639 1178 2702 quoe

80 2726 235 2785 eventurn
248 2728 355 2783 essent
370 2727 443 2802 post
459 2720 583 2783 obitum
599 2741 693 2783 suum
708 2740 902 2804 cognoscere
917 2729 1102 2803 potuerunt.

114 2877 143 2898 =
156 2855 199 2906 sed
218 2855 296 2905 etism
310 2854 408 2904 stultos.
421 2881 454 2890 —
465 2853 538 2919 [Bell.
551 2855 627 2920 Apol.
641 2869 687 2920 pro
702 2854 790 2920 Resp]
811 2871 835 2920 p.
844 2857 899 2906 141.
918 2856 984 2922 [Op.‚
1003 2856 1115 2906 tomvii.
1134 2856 1180 2906 eol.

146 2938 202 2988 nei.
214 2937 257 3000 4.]

124 3037 170 3099 At
184 3033 274 3112 illud,
291 3035 392 3118 magis
407 3036 505 3099 etiem
521 3036 625 3099 adhue
637 3036 763 3100 odiose:
789 3036 875 3120 quod
885 3057 951 3100 non
967 3035 1181 3117 madefacere
1204 3044 1331 3094 statutos

82 3137 161 3202 dicit
183 3159 337 3215 mnoneoe,
354 3137 411 3202 sed
434 3140 562 3201 stultos.-
587 3158 658 3221 quae
673 3137 853 3201 Cardineiis
868 3147 927 3215 est,
943 3146 976 3202 et
991 3158 1131 3216 moneo,
1147 3146 1180 3201 et
1192 3107 1271 3237 ᾦξε]

82 3243 179 3304 etalio
195 3241 364 3305 calumnie.
410 3242 509 3319 Nam,
525 3240 553 3304 si
565 3240 599 3302 id
615 3244 675 3318 est,
697 3240 809 3302 etaitoe
824 3237 944 3320 facere,
965 3241 1079 3322 siquis
1095 3240 1180 3304 dicat

82 3345 185 3406 minae
197 3349 281 3407 recte
293 3342 410 3407 alicubi
426 3341 546 3426 aliquid
560 3344 768 3405 inteliecieee:
789 3342 912 3424 quoties
927 3342 1009 3405 alter
1024 3342 1063 3405 ab
1080 3342 1181 3406 altero

84 3443 228 3523 discedit,
238 3444 289 3507 vel
304 3444 396 3507 aliter
411 3444 504 3526 sepit,
516 3449 671 3526 tanquam
685 3443 787 3505 minue
800 3448 884 3505 recte
898 3463 966 3505 rem
981 3443 1180 3523 intellipente

83 3547 243 3630 extemplo
256 3548 385 3609 stultum
401 3544 496 3627 socii.
542 3547 623 3612 Quis
637 3553 746 3608 autem
760 3543 815 3607 hic
828 3543 931 3607 nescit
946 3543 993 3606 ire
1006 3543 1042 3605 in
1057 3542 1182 3606 diversa

83 3648 225 3712 Patres?
270 3648 485 3732 Hippolytum
501 3649 541 3713 de
559 3649 684 3713 Joanne
704 3646 944 3730 Evangelinas,
960 3647 1055 3709 Teste
1073 3644 1181 3723 tertio,
1214 3659 1229 3681 ·

83 3758 117 3815 et
141 3751 447 3835 Supemumerari03
477 3752 681 3815 Victorinum
712 3751 752 3813 de
777 3749 947 3826 Jeremiar,
972 3770 1038 3813 non
1056 3749 1181 3827 Enoch,

83 3855 179 3919 'Peste
194 3855 355 3932 secundo;
380 3854 542 3917 Hilenium
558 3854 598 3918 de
613 3854 707 3917 Mose
716 3863 737 3932 ⁸,
754 3860 787 3917 et
802 3875 869 3918 non
885 3852 1007 3917 Enoch.
1039 3852 1183 3935 Ephrem
1199 3884 1201 3888 ·

83 3959 181 4021 etiam
208 3958 247 4021 de
269 3956 421 4020 Paradiso
451 3977 541 4021 secus
570 3956 730 4034 sentire⁶3
760 3977 821 4019 nec
850 3955 901 4018 vel
929 3955 1002 4020 illos
1027 3962 1137 4020 temen
1164 3977 1183 4019 a

117 4139 123 4171 ¹
158 4141 224 4189 Vide
235 4155 316 4202 supra,
329 4154 352 4202 p.
366 4141 420 4187 832.
433 4142 484 4187 not.
493 4138 521 4201 t]
688 4146 699 4174 ⁴⁸
729 4136 794 4186 Vide
806 4152 888 4201 sapre,
898 4152 923 4201 p.
936 4138 991 4186 331.
1003 4136 1091 4202 not.¹.]

117 4213 133 4235 ¹·
159 4204 223 4253 Vide
234 4219 316 4267 saprs,
327 4218 352 4266 p.
365 4202 433 4264 882]
689 4211 698 4235 ¹
728 4202 792 4252 Vide
802 4217 883 4265 supra,
895 4216 919 4264 p.
931 4199 999 4265 334]

117 4277 129 4299 ¹¹
160 4266 225 4318 Vide
236 4283 318 4330 supra,
330 4281 354 4330 p.
366 4269 421 4316 330,
434 4264 519 4329 noti]
689 4275 698 4297 ¹
727 4266 793 4316 Vide
804 4281 887 4329 supro,
898 4282 915 4330 p
937 4268 992 4316 332.
1005 4269 1056 4314 not.
1065 4265 1093 4330 t]

118 4341 130 4366 ⁰
159 4332 226 4381 Vide
237 4347 318 4395 eapte,
329 4346 353 4395 p.
367 4329 437 4393 832]
689 4333 697 4361 ⁸
728 4330 792 4380 Vide
810 4330 871 4380 Mos.
890 4330 945 4380 Ber.
964 4329 1041 4392 Ceph.
1059 4329 1097 4380 De
1115 4330 1186 4379 Pers·

118 4405 129 4435 Ρ
157 4394 545 4459 Abbntoaohimhntpoexi.
559 4394 612 4459 [soi.
657 4394 712 4444 diso
722 4395 862 4444 Comment
880 4410 931 4457 par.
942 4395 959 4443 i.
971 4409 1024 4456 esp.
1035 4395 1090 4444 xiii.
1109 4409 1133 4456 p.
1146 4394 1185 4445 37.

86 4461 142 4510 148.
151 4461 174 4509 b.
187 4461 233 4509 coi
244 4463 267 4508 1.
280 4463 330 4510 tto.
343 4458 433 4509 Venet
446 4457 532 4521 1327]
658 4460 734 4507 Ant-v.
746 4462 825 4519 15695
842 4474 917 4521 quem
929 4473 1026 4521 qaoque
1037 4460 1100 4509 citet
1111 4460 1185 4509 Corn.

129 4556 301 4591 numm.-
306 4555 371 4590 ffli’.
911 4558 927 4602 z
