2910 4926
270 272 336 335 374
404 316 408 322 2
576 285 618 330 sn
641 284 834 331 eunomius
855 283 1055 332 smnmurnr

270 447 304 504 et
330 439 496 522 paulatim,
527 462 594 503 non
623 439 730 504 subito
760 441 968 504 convalescat.
1026 439 1154 504 Sensim
1186 437 1375 520 crepuscula

271 541 453 619 subierunt,
468 541 632 606 obsomati
655 564 713 626 per
734 543 863 625 gradus,
881 542 982 606 donec
997 549 1067 606 toto
1087 542 1221 605 tandem
1243 559 1375 623 corpore

272 645 436 709 cilicinum
462 665 590 709 saccum
619 645 785 709 referrent.
834 645 961 709 Sensim
998 645 1122 723 itidem,
1160 665 1228 708 non
1264 642 1371 721 simul,

272 749 420 812 exierunt
439 769 549 812 rursus
574 748 614 812 de
632 749 829 831 crepusculo,
844 756 882 811 ut
905 748 1082 812 multorum
1103 768 1199 831 opera
1219 746 1376 810 interces-

273 851 361 929 serit,
376 871 435 934 per
454 857 583 934 tempus
597 851 748 929 multum,
762 872 825 934 quo
841 850 1044 934 splendorem
1054 849 1228 933 pristinum
1241 868 1376 931 recupe-

272 975 345 1018 rare
367 962 508 1036 possent.
554 954 718 1018 Lutherus
743 954 772 1018 ei
794 954 841 1018 rei
863 975 993 1036 operam
1015 954 1155 1037 aliquam
1177 973 1269 1016 suam
1292 951 1377 1015 forte

272 1057 477 1141 interposuit,
493 1056 631 1121 sednon
645 1063 771 1122 tantam
786 1064 908 1136 tamen,
927 1065 964 1120 ut
979 1056 1067 1120 solus
1090 1063 1198 1120 totum
1223 1055 1377 1119 effectum

275 1160 418 1239 dederit,
442 1158 588 1239 aliorum,
604 1167 637 1224 et
658 1159 713 1244 qui
728 1167 813 1238 ante,
830 1167 863 1223 et
878 1159 934 1243 qui
947 1167 1021 1243 post
1035 1159 1138 1237 illum,
1153 1179 1214 1222 sua
1226 1157 1262 1220 in
1279 1178 1376 1241 opere

274 1262 336 1325 hoc
359 1283 420 1325 nec
442 1262 556 1325 infima
578 1262 648 1326 laus
675 1270 734 1327 est.
792 1262 857 1326 Sed
876 1261 1065 1340 Cardinnlis,
1089 1261 1146 1338 ita,
1170 1267 1208 1324 ut
1236 1257 1376 1338 ridetur,

275 1365 401 1429 somnio
427 1385 485 1428 suc
514 1365 661 1428 triduano
691 1362 841 1448 capitnrl,
871 1369 910 1427 ut
940 1362 1091 1447 quicquid
1113 1363 1149 1425 in
1174 1363 1235 1426 hoc
1258 1382 1377 1444 genere

275 1467 496 1552 praestandum
510 1467 562 1547 sit,
577 1467 612 1531 id
626 1467 713 1530 bidui
733 1488 813 1551 opus
828 1471 931 1550 putet,
947 1474 1003 1530 aut
1018 1466 1058 1530 ad
1073 1487 1236 1530 summum
1251 1465 1375 1528 tridui:

275 1591 337 1635 nec
362 1570 520 1648 meminit,
543 1571 728 1633 miraculum
750 1567 832 1634 illud
854 1590 924 1634 esse
944 1569 1130 1647 inauditam,
1145 1577 1182 1634 ut
1205 1568 1286 1631 Lite
1302 1568 1378 1650 jara

277 1676 370 1739 alote
392 1676 465 1753 sint
486 1675 549 1737 Ate
571 1694 633 1736 acc
653 1670 731 1746 sith
755 1671 860 1737 morbi
882 1672 1026 1737 chronici
1045 1672 1121 1751 sint,
1143 1678 1176 1735 at
1198 1692 1265 1736 non
1285 1670 1378 1735 lenta

277 1779 430 1843 remedia.

309 1909 359 1960 Sed
367 1908 555 1973 omissisjocis.
568 1945 574 1958 .
586 1944 592 1958 .
604 1923 707 1959 censura
716 1908 852 1972 nonjussit
860 1909 974 1959 comburi
981 1909 1158 1959 translationes
1169 1921 1263 1968 omnes,
1270 1911 1378 1972 excepta

341 2005 393 2052 sua,
411 2005 470 2039 cum
492 1990 597 2054 recipiat
618 1990 810 2041 translationem
833 1989 913 2039 LXX.
931 1989 1103 2054 Interpretum
1119 1993 1145 2039 et
1161 1989 1317 2053 permittat.
1337 2025 1344 2039 .
1365 2025 1372 2038 .

343 2070 463 2133 Syriam,
476 2070 630 2131 chaldaicas,
642 2070 746 2121 batlnas
766 2073 843 2120 ettam
856 2072 1024 2121 recentiorum
1042 2085 1095 2120 non
1109 2085 1207 2134 paucas
1240 2069 1290 2120 Sed
1309 2084 1376 2120 com-

343 2151 401 2201 buri
421 2151 500 2215 jussit
520 2151 699 2201 translationes
714 2150 919 2213 hereticorum„
939 2188 945 2200 .
963 2151 1070 2202 Lutheri
1089 2156 1115 2201 et
1133 2150 1379 2216 similium—[Bell.

343 2232 419 2296 Apol.
430 2247 476 2297 pro
487 2231 576 2297 Resp]
589 2246 613 2296 p.
624 2234 679 2282 149.
691 2232 760 2297 [Op.,
770 2237 832 2283 tom.
843 2233 885 2282 rii.
899 2233 945 2282 col.
954 2233 1010 2285 788.
1023 2231 1051 2282 0.
1063 2231 1105 2296 D.]

113 2347 258 2411 [Devorata
320 2332 494 2395 Mittamus
509 2352 585 2414 ergo
610 2331 690 2410 haec,
707 2353 778 2413 quae
804 2331 854 2395 vel
875 2332 945 2415 ipse
961 2333 1053 2413 jocos
1075 2331 1222 2414 appellat,
1245 2336 1284 2393 ut
1300 2331 1379 2411 joco

113 2412 229 2527 322¹}ssss
277 2432 383 2497 dicta:
407 2441 440 2497 et
455 2433 583 2516 quidem
591 2435 661 2514 joci
675 2441 762 2513 sunt,
778 2454 839 2498 nec
860 2442 1017 2517 praeterea
1031 2432 1118 2516 quid,
1135 2432 1251 2515 quibus
1266 2432 1378 2496 oblec-

112 2541 225 2605 nouus]
277 2541 346 2599 tare
362 2556 395 2598 se
410 2536 511 2598 voluit
534 2556 641 2599 senex.
687 2536 825 2599 Causam
847 2536 935 2598 enirn
956 2535 1092 2598 illinon
1113 2535 1238 2618 juvant
1284 2535 1380 2617 Rogo

277 2638 438 2700 damnatur
468 2639 507 2719 (si
532 2638 615 2702 bene
633 2638 741 2720 legisti
756 2639 944 2720 censuram)
964 2660 1031 2702 non
1047 2638 1183 2701 Lutheri
1205 2637 1319 2714 solum,
1344 2644 1379 2701 ct

276 2745 478 2803 nostrorum:
502 2741 600 2802 etiam
626 2740 793 2803 Editiones
820 2740 899 2818 aliae,
915 2747 948 2803 et
967 2738 1096 2823 quidem
1116 2739 1285 2802 hominum
1308 2760 1379 2802 ves-

275 2846 409 2918 trorum,
434 2849 467 2904 et
492 2841 605 2903 vestris
628 2841 664 2903 in
687 2841 832 2919 urbibus,
855 2842 998 2920 officinis,
1023 2850 1056 2904 et
1086 2841 1201 2924 praelis,
1233 2841 1378 2922 Parisiis,

274 2944 469 3025 Antverpiae,
483 2944 640 3022 Venetiis,
658 2942 810 3007 excusael.
856 2943 1020 3027 Praecipue
1036 2950 1144 3006 autem
1159 2942 1304 3006 saevitum
1320 2951 1373 3008 est

274 3044 308 3106 in
324 3046 566 3108 Testamentum
585 3067 723 3109 norum:
747 3046 782 3108 in
798 3067 868 3128 quo,
887 3047 1070 3129 quicunque
1085 3066 1140 3108 vos
1155 3045 1238 3108 male
1260 3045 1378 3109 habuit

274 3147 374 3223 locus,
397 3155 553 3230 tanquam
579 3156 746 3231 suspectus
775 3148 943 3227 haereseos,
970 3150 1115 3213 Censura
1136 3156 1241 3211 vestra
1266 3148 1379 3212 statim

265 3249 432 3330 jupulotas
446 3258 495 3314 cst
504 3249 521 3313 ¹.
567 3252 612 3314 At
632 3250 737 3314 honor
755 3251 809 3313 hic
829 3250 997 3314 habendus
1013 3252 1117 3314 fuerat
1132 3250 1248 3314 divinis
1263 3251 1378 3331 literis,

274 3361 321 3429 ut,
345 3353 405 3415 etsi
430 3353 508 3416 locis
529 3373 596 3415 nou
620 3353 729 3435 paucis
753 3360 920 3435 peccatum
943 3352 1071 3435 aliquod
1101 3353 1136 3415 iu
1166 3352 1379 3418 translatione

274 3457 367 3532 foret,
382 3454 457 3517 libri
476 3461 587 3517 tamen
605 3475 643 3517 ex
663 3476 702 3517 eo
726 3475 768 3516 ne
791 3463 1013 3518 exurerentur.
1061 3454 1221 3518 Honoris
1242 3454 1378 3519 habitus

275 3564 325 3620 est
340 3557 485 3618 Editioui
499 3563 613 3618 vestrae
627 3557 769 3637 culpate,
789 3578 808 3618 a
823 3557 931 3620 Clario
953 3564 1068 3632 vestre,
1089 3557 1144 3638 qui
1166 3557 1379 3621 moderatione

305 3755 311 3786 ¹
335 3757 364 3818 [“
375 3755 495 3817 Legimus
506 3755 568 3805 duos
579 3754 717 3817 Prophetas
727 3757 804 3805 saecla
912 3758 958 3815 ἠδ’
966 3758 1028 3814 Ἄτη
1045 3756 1147 3817 σθεναρή
1164 3775 1192 3805 σε
1209 3757 1249 3806 καὶ
1269 3757 1378 3821 ἄρσίπος·

277 3819 387 3877 indutos,
405 3819 522 3868 adversus
542 3819 695 3868 Antichristi
714 3820 804 3869 doctri-
945 3818 1119 3870 οὔνεκσπάσαι

277 3897 337 3933 nam
348 3883 536 3946 praedicaturos,
546 3888 622 3946 atque
632 3884 664 3932 ab
676 3884 721 3932 illo
730 3885 804 3932 inter·
912 3885 1007 3932 πολλὸν
1025 3884 1184 3945 ὑπεκπροθέει,
1196 3883 1292 3947 φθανέει
1311 3884 1341 3935 δέ
1350 3905 1379 3935 τε

277 3947 404 4006 ficiendos,
415 3954 441 3996 et
451 3963 466 3996 a
477 3946 530 3996 Deo
541 3952 598 4009 post
608 3947 720 3996 triduum
727 3963 805 3996 resus·
945 3950 1025 3997 πᾶσαν
1036 3950 1071 3996 ἐπ’
1084 3946 1138 3997 alar

277 4011 584 4074 citandos.”-Bell.Apol.
608 4011 805 4075 rollesppltl,
913 4010 1048 4067 βλάπτουσ
1066 4011 1207 4074 ἀνθρώπους·
1226 4013 1251 4060 al
1268 4013 1379 4075 Νεωτέ-

278 4080 305 4124 et
314 4076 369 4138 Op„
380 4080 442 4125 tom.
451 4076 494 4124 vil.
504 4076 550 4124 001.
560 4025 615 4126 781.
625 4074 665 4137 Β.]
946 4095 1013 4125 erras
1022 4077 1121 4125 tetras.

310 4138 581 4265 ir.
881 4201 1379 4268 .

344 4269 425 4353 χωιισι
446 4286 481 4325 τε,
504 4266 573 4358 ῥυσαί
590 4286 625 4327 τε,
649 4266 807 4331 παραβλῶπές
849 4268 1378 4343 atyppgraphisexcusaquceindigentem

343 4332 525 4457 dbdllblalrb‘ll
534 4393 656 4455 μετόπισθ
665 4396 740 4454 Ἄτης
754 4396 807 4445 dte
850 4333 1376 4461 llrllltllnblfflcteiiblullll‘ratlnlflclidlnlgilla]er
1427 4408 1430 4415 '

376 4461 557 4518 revocatorium.
885 4458 889 4488 ¹
909 4461 989 4522 [Vide
1001 4461 1062 4512 ibid.
1081 4462 1131 4512 soll.
1145 4463 1316 4525 ula—tua]
