2910 4926
447 278 629 327 aeouoomu
651 280 835 330 aaseoxsro.
1127 263 1192 324 255

92 457 149 500 cur
166 436 308 498 cbristus
323 435 439 497 diceret
453 436 486 498 ie
501 437 598 513 Pone,
614 439 768 520 Accipite,
785 438 942 514 comedite,
957 437 1009 498 obi
1024 455 1086 498 ooo
1100 433 1191 496 oddi-

93 540 151 614 dit,
168 546 290 601 ‘omaee
303 538 331 600 :³
355 539 389 600 ia
411 540 507 602 colice
521 546 634 618 cotem,
649 542 754 606 Bibite
768 563 808 605 ea
822 544 880 605 boc
894 560 1018 612 omoes,·
1040 544 1076 631 ot
1091 557 1195 602 omoee

93 643 281 719 admoneret,
297 662 356 723 quo
371 642 410 704 ob
425 663 463 705 eo
477 645 577 723 specie
591 646 669 707 nulli
683 666 716 708 ae
731 646 929 709 abstinerent.

126 767 344 826 Quemadmodum
357 768 483 819 Ecclesia.
497 806 503 819 .
515 771 572 834 .jus
586 770 676 821 habuit
693 772 828 836 aliquando
840 771 939 835 jubere,
956 773 986 818 ut
1002 768 1080 828 trino,
1094 803 1101 816 .
1114 802 1120 815 .
1132 802 1138 815 .
1150 765 1194 815 ali·

159 847 260 912 quando
279 853 309 898 ut
327 850 419 899 unica.
432 886 438 898 .
450 886 456 899 .
469 853 593 901 mersione
612 853 754 916 baptismus
772 852 858 903 fieret:
882 853 918 901 sic
937 851 1016 901 etium
1028 887 1034 899 .
1047 886 1053 897 .
1065 884 1071 898 .
1083 847 1194 898 liberum

55 930 59 935 ’
159 930 309 993 relinquere,
320 936 350 980 ut
368 932 414 980 sub
430 947 480 981 una
494 934 583 997 specie,
600 935 640 984 vel
654 935 700 984 sub
719 935 815 984 duabus
828 933 987 984 Eucharistia
1002 931 1195 994 reciperetur.-

160 1011 234 1076 [Bell.
243 1012 317 1076 Apol.
329 1029 374 1076 pro
384 1013 469 1079 Resp.]
486 1030 511 1078 p.
524 1018 578 1066 102.
596 1016 662 1081 [Op.,
673 1023 734 1066 tom.
747 1018 789 1067 vii.
801 1016 846 1066 col.
857 1018 912 1068 762.
924 1015 967 1079 A.]

138 1114 194 1189 At,
224 1112 259 1174 in
283 1113 405 1176 Christi
434 1124 603 1199 praeoepto,
628 1125 661 1180 et
686 1117 744 1180 ubi
768 1115 951 1201 imperandi
976 1134 1053 1176 voce
1079 1111 1192 1188 utitur,

95 1216 244 1279 Ecclesia
250 1215 308 1296 jus
319 1217 436 1278 nollem
446 1223 513 1280 est:
536 1218 582 1282 ibi
596 1219 679 1283 forte
691 1220 745 1303 jus
760 1227 819 1297 est,
836 1218 893 1282 ubi
911 1219 959 1298 (ut
973 1215 1007 1278 in
1022 1212 1190 1294 mersione)
1251 1204 1314 1301 135}

95 1342 165 1383 rem
178 1319 213 1383 in
228 1319 334 1383 medio
348 1319 511 1404 relinquit.
556 1323 643 1386 Nam
658 1324 695 1401 si,
710 1325 803 1386 semet
817 1329 937 1386 tontum
952 1321 1080 1401 merpite
1096 1317 1192 1381 dixis·
1206 1287 1326 1403 ffffl,

96 1428 156 1500 set,
166 1421 216 1485 vel
232 1421 258 1484 si
274 1428 331 1500 ter,
342 1423 437 1486 credo
452 1446 518 1488 non
534 1432 689 1489 mutasset
705 1426 849 1490 Ecclesia
854 1450 864 1502 ;
886 1445 946 1489 nec
958 1421 1147 1499 Cardiualis,
1157 1429 1194 1484 ut
1206 1423 1305 1494 mutere

98 1531 249 1603 mutaret,
281 1533 393 1588 auctor
421 1525 542 1590 fuisset.
600 1528 691 1591 Dixit
721 1536 829 1592 autem
859 1527 1024 1604 Comeditc,
1052 1525 1132 1588 dixit
1162 1531 1194 1587 et
1207 1486 1337 1608 {bibistis}

97 1626 212 1704 Bibite,
229 1633 262 1689 et
276 1628 430 1706 similiter,
446 1638 479 1692 ct
496 1638 564 1693 tam
583 1631 668 1707 huic,
685 1653 781 1713 quam
801 1631 858 1707 illi,
874 1632 944 1693 Hoc
961 1628 1074 1710 facite.
1121 1628 1195 1693 Quo

97 1728 194 1805 dicte,
213 1730 355 1792 Christus
378 1731 505 1794 liberum
527 1754 588 1795 ooo
608 1735 755 1814 reliquit:
780 1755 839 1797 nee
854 1734 912 1815 jos
934 1733 1025 1794 babet
1039 1732 1194 1805 Ecclesia,

98 1833 184 1916 quod
199 1833 347 1897 Christus
357 1834 535 1918 imperavit,
552 1838 680 1900 liberum
695 1839 911 1919 relinquendi;
935 1836 984 1900 vel
996 1833 1143 1920 jubendi,
1159 1841 1196 1896 ut

98 1957 165 1999 una
186 1936 451 2019 speciestantum
473 1940 654 2023 recipiatur,
670 1941 727 2004 ubi
750 1940 868 2024 duplici
891 1948 1050 2023 praecepto
1071 1939 1119 2019 (ut
1135 1936 1195 2000 sub

99 2037 224 2103 duabus
244 2042 395 2122 sumeret)
414 2041 514 2105 edixit
529 2043 697 2106 Christus:
721 2044 781 2122 vel,
804 2043 862 2106 ubi
877 2042 1027 2107 Christus
1049 2042 1085 2104 iu
1107 2048 1197 2103 utro·

101 2162 173 2223 que,
189 2142 260 2204 Hoc
277 2141 390 2221 facite,
415 2144 589 2228 subjunxit,
607 2145 652 2210 ibi
673 2146 709 2208 in
731 2167 797 2209 uno
817 2164 1009 2228 expungere,
1025 2143 1074 2207 vel
1095 2142 1141 2205 ibi
1155 2162 1197 2212 ue

99 2245 219 2309 iaciant
239 2245 439 2311 interdicere.
485 2249 644 2313 libertati
667 2249 755 2313 locus
771 2256 830 2327 est,
845 2248 903 2312 ubi
921 2247 994 2310 silet
1008 2245 1196 2330 imperium:

99 2349 156 2413 ubi
177 2350 322 2433 imperat,
345 2353 461 2428 Bibite,
476 2354 582 2416 Bibite
599 2374 711 2430 oncocs,
734 2353 804 2414 Hoc
819 2350 933 2432 facite,
956 2371 1016 2413 nec
1035 2350 1198 2431 integrum

96 2454 175 2536 jam,
199 2473 260 2516 neo
284 2453 432 2532 liberum,
459 2475 526 2517 non
552 2476 673 2538 parcre.
719 2453 825 2518 Credo
847 2461 965 2530 autem,
982 2451 1060 2514 vitio
1082 2450 1196 2528 atatis,

100 2555 265 2618 Cardinoli
282 2555 434 2620 excidisse
454 2556 533 2635 hoec,
549 2558 599 2622 vel
621 2558 662 2621 ad
676 2556 794 2620 novitio
809 2556 878 2619 haee
893 2555 1053 2632 adactum,
1074 2574 1115 2616 ne
1130 2574 1197 2616 mo-

100 2679 168 2722 rem
184 2658 271 2721 hune
286 2680 381 2722 suum
392 2681 522 2724 necesse
536 2660 669 2723 haberet
684 2660 832 2722 matium
848 2656 1003 2722 confiteri.

134 2774 175 2823 Ab
187 2775 262 2825 initio
270 2775 389 2825 Ecclesiae
399 2790 451 2826 uon
458 2776 598 2836 defuerunt,
606 2777 650 2839 qui
660 2775 706 2825 sub
715 2790 767 2825 una
774 2778 876 2824 tanturn
888 2774 971 2837 specie
977 2774 1199 2822 communicarent.

165 2855 273 2920 —[Bell.
286 2857 360 2919 Apol
372 2871 418 2919 pro
429 2856 514 2921 Resp]
525 2871 549 2921 p.
563 2860 617 2907 102.
635 2856 701 2921 [Op.,
713 2861 774 2906 tom.
786 2856 831 2905 vii.
842 2855 888 2905 ool.
901 2855 957 2907 762.
970 2853 1010 2918 B.]

143 2954 267 3017 Verum
282 2956 378 3038 paulo
393 2962 478 3033 ante,
490 2977 551 3019 ooo
565 2957 615 3018 bic
628 2956 861 3018 Controversia
874 2955 1043 3035 accepisse
1053 2973 1095 3031 ae,
1109 2952 1198 3029 dixit,
1213 2966 1344 3031 [reatino

102 3056 168 3134 sed,
189 3063 228 3120 ut
249 3064 384 3120 ceterum
400 3060 533 3121 Petrum
557 3058 733 3123 sententias
754 3057 922 3141 proferret,
946 3058 999 3138 qui
1019 3076 1081 3136 per
1103 3075 1199 3118 canos
1213 3033 1362 3145 ffl‘ffhw

95 3161 218 3241 primos
241 3163 431 3243 quioyeotoe.
477 3162 545 3227 Ubi
567 3161 658 3226 nobis
680 3162 749 3245 jam
774 3159 890 3224 Patres
916 3159 991 3222 illi?
1036 3160 1321 3242 Suspensorpexcu·

101 3265 155 3330 hic
175 3266 278 3349 gradu
298 3267 420 3330 incedit
436 3266 624 3344 Cardinalis,
652 3276 684 3329 et
706 3286 767 3328 ooo
793 3263 928 3345 descisse
952 3264 1040 3341 dicit,
1069 3264 1123 3345 qui
1143 3283 1201 3346 per
1212 3222 1329 3285 oureus]

102 3369 173 3432 illos
189 3369 381 3452 quingentos
394 3371 450 3433 eob
465 3391 527 3432 ooo
543 3374 664 3432 tontum
685 3369 785 3449 specie
800 3367 1065 3430 communicabat.
1111 3365 1201 3430 Quos

103 3473 236 3535 autem?
281 3473 337 3535 An
357 3473 500 3535 Patres?
548 3476 576 3536 1.
601 3473 674 3535 Imo
689 3473 863 3535 Nazaraeos
886 3469 1052 3547 eJudaeis,
1075 3470 1107 3532 2.
1124 3468 1199 3531 Ma·

102 3575 241 3637 uichaeos
256 3595 294 3637 ex
310 3575 490 3653 Haereticis,
514 3579 544 3638 3.
565 3575 729 3653 Quadam,
739 3574 871 3637 domum
887 3593 996 3636 secum
1010 3570 1200 3654 particulam

104 3679 314 3743 Eucharistiae
336 3679 534 3756 deferentes;
565 3683 596 3741 4.
616 3679 760 3741 clinicos.
805 3677 953 3742 Quatuor
978 3677 1048 3752 hos,
1071 3675 1202 3736 Patrem

103 3780 156 3845 hic
168 3782 239 3865 lego
251 3784 389 3846 nullum.
434 3783 611 3846 Videamus
625 3789 747 3860 tamen,
762 3782 813 3846 vel
828 3783 896 3846 lios.

136 3915 161 3964 N
163 3930 196 3965 on
207 3921 245 3966 est
257 3952 263 3965 .
275 3953 281 3966 .
293 3917 415 3967 credibile
426 3916 580 3979 (Nazaraeos)
593 3920 680 3966 contra
690 3919 777 3966 votum
789 3930 862 3964 suum
874 3915 968 3965 bibisse
979 3914 1011 3966 de
1024 3915 1099 3965 ealioo
1101 3949 1201 3965 ......

167 3997 256 4061 Neque
273 4003 359 4049 tamur
375 3998 495 4049 credibile
507 4001 545 4048 est
557 4012 599 4047 cos
613 3999 717 4047 omnino
728 4012 743 4047 a
754 3997 930 4048 communione
946 3995 1202 4048 abstinuisse-Bell.

168 4079 243 4142 Apol.
255 4095 302 4144 pro
314 4079 398 4143 Resp]
410 4094 434 4142 p.
448 4081 502 4129 103.
516 4079 584 4144 [Op.,
597 4078 836 4129 amalmater.
850 4077 878 4127 B.
888 4078 926 4141 0.]

62 4226 65 4230 .
151 4177 313 4255 Credibile,
328 4178 372 4259 (id
388 4179 447 4258 est)
461 4177 624 4258 probabile
639 4183 695 4261 eat,
707 4183 737 4239 et
745 4179 801 4258 pie
813 4178 898 4240 credi
910 4176 1048 4258 potestl,
1064 4197 1082 4240 e
1097 4176 1202 4239 Nara·
1216 4171 1364 4238 [Nautaca]

139 4345 332 4411 b[“Probabile
343 4352 389 4407 cst,
405 4348 494 4410 pieque
505 4346 573 4396 erodi
590 4361 633 4409 po·
677 4345 710 4394 iv.
732 4359 784 4408 cap.
803 4348 826 4393 6.
848 4345 862 4403 ἕ
880 4344 1003 4401 ‘Quarta'
1035 4344 1090 4407 Op..
1112 4345 1174 4391 tom.
1187 4342 1203 4390 i.

105 4416 156 4460 test
180 4412 313 4462 Summum
334 4412 482 4462 Pontificem
496 4449 501 4461 .
516 4425 634 4460 ..errare
677 4425 700 4473 p.
711 4412 765 4458 212.
778 4407 821 4471 lt]

106 4489 158 4526 non
172 4477 361 4541 posse.''—Bell.
372 4477 404 4527 de
419 4477 490 4527 Rom.
505 4475 577 4526 Pout.
589 4475 633 4524 lib.
824 4488 827 4493 ¹
