2910 4926
253 281 320 346 888
465 366 472 378 ι
569 292 826 344 secernimus
846 289 1045 340 annerum

254 473 291 517 re
312 474 333 516 a
351 451 514 535 Major-um
536 472 662 516 aarum
685 452 861 514 humilitate
886 448 1023 513 recessit.
1075 447 1218 512 Recessit
1241 469 1317 512 vero
1339 470 1360 512 a

256 555 385 632 Leonis,
401 577 421 619 a
440 554 597 638 Gregorii,
613 555 778 638 Majorum
798 574 930 618 suorum
950 551 1143 630 humilitate,
1164 551 1241 616 dum
1262 559 1359 616 tanta

257 659 449 723 mettioeo
469 664 584 741 afferet,
599 665 637 722 ut
652 658 789 721 obtinere
810 662 920 741 possm
936 676 1056 720 nomen
1077 654 1168 734 illud,
1184 655 1270 737 quod
1288 656 1360 719 Ireo

136 750 202 817 280
257 769 414 846 tanquam
428 761 608 826 vocabulum
619 757 819 843 profanaml,
832 757 1008 842 Gregorius
1020 765 1174 842 tanquam
1190 759 1358 840 superbam

257 865 510 948 appellationem
528 867 641 950 procul
664 888 684 929 a
709 887 745 929 se
770 864 895 942 habuit,
917 863 1063 928 oblatum
1088 870 1234 946 uterque,
1254 863 1311 927 ille
1335 885 1358 926 a

257 968 510 1033 chalcedonensi
527 968 660 1054 Synodo
677 971 726 1051 (ut
740 967 812 1052 ait),
827 966 881 1030 hic
895 964 936 1030 ab
950 965 1088 1048 Eulogio
1103 965 1302 1031 detrectavit.

289 1118 379 1184 Neque
395 1135 488 1170 munus
501 1136 575 1171 suum
586 1120 789 1171 llocleslmtlcum
804 1119 921 1179 deseruit,
932 1133 990 1169 oum
1005 1119 1033 1168 in
1049 1119 1197 1169 brevissimo
1213 1119 1259 1170 illo
1273 1121 1361 1184 spetio

323 1202 390 1267 [orto
401 1200 545 1267 mensium],
557 1217 606 1267 quo
619 1201 687 1252 sedit
686 1238 765 1262 .....
776 1201 859 1252 multe
872 1199 1166 1265 instituitlinstitueritl
1178 1216 1235 1264 quea
1246 1200 1279 1252 ed
1288 1200 1360 1252 Cleri

322 1283 525 1334 reformationem
536 1284 663 1348 pertinere
672 1284 728 1334 risa
738 1282 918 1349 eunt-[Bell
930 1282 1005 1347 Apol.
1016 1297 1062 1348 pro
1074 1281 1158 1347 Resp]
1175 1298 1201 1347 p.
1216 1284 1271 1334 rot.
1289 1282 1361 1350 [0p,

323 1371 385 1417 tom.
397 1365 440 1416 vii.
452 1367 499 1417 col
510 1367 565 1420 791.
578 1365 622 1432 Δ.]

96 1487 189 1554 [multe
254 1540 256 1545 ,
304 1481 369 1545 Sed
383 1481 467 1545 brevi
487 1501 546 1564 quo
568 1481 650 1544 sedit
675 1480 788 1563 epatio,
811 1480 856 1543 od
878 1479 962 1543 Cleri
984 1477 1237 1560 reformationem
1258 1481 1361 1544 multa

95 1568 239 1670 {wlff
257 1586 405 1649 instituit.
452 1584 533 1650 Quae
554 1592 664 1648 tamen
684 1583 767 1647 nulli
789 1583 859 1667 jam
878 1583 925 1646 rei
948 1590 1035 1647 sunt.
1079 1584 1168 1646 Nam
1183 1591 1360 1667 utrumque

94 1684 240 1815 ffifffi
259 1688 345 1774 quod
360 1687 494 1752 sancivit
507 1687 553 1752 ibi
568 1688 754 1766 Decretum,
771 1686 928 1750 abolitum
944 1688 1014 1770 jam
1030 1685 1231 1750 Sabellicus¹¹¹
1245 1696 1361 1751 auctor

258 1799 318 1858 est.
358 1791 422 1856 Sed
437 1790 515 1875 quid
528 1790 649 1869 tum,si
664 1790 770 1875 legem
784 1791 885 1854 unam
900 1796 956 1855 aut
971 1791 1118 1869 alteram,
1133 1790 1295 1855 salubrem
1308 1793 1361 1856 rel

259 1895 419 1960 celebrem
444 1893 611 1957 instituit?
661 1894 784 1957 Annon
808 1893 837 1957 is
860 1894 1007 1978 tyrannis
1035 1914 1107 1957 mos
1137 1900 1195 1972 est,
1219 1893 1276 1957 ubi
1301 1915 1362 1978 per

258 1999 360 2062 malas
389 2005 475 2062 artes
512 1996 729 2081 principatum
766 2004 974 2080 occuparunt,
1005 2018 1069 2081 quo
1098 1995 1176 2059 sacti
1204 1996 1361 2060 invidiam

258 2101 419 2180 minuant,
451 2099 569 2165 civium
594 2099 655 2164 sibi
681 2100 806 2164 animos
831 2099 986 2183 aequiores
1012 2097 1160 2177 reddant,
1184 2098 1245 2161 viri
1270 2098 1361 2178 boni,

257 2204 417 2288 principes
446 2203 524 2268 boni
550 2202 652 2267 futuri
679 2202 858 2280 videantur,
892 2202 980 2285 leges
1009 2201 1103 2279 ferre,
1135 2223 1214 2284 quas
1242 2203 1362 2267 merito

257 2307 356 2371 etiam
381 2306 501 2392 posteri
530 2306 687 2370 laudent?
731 2306 795 2369 Vel
823 2306 886 2369 hoc
916 2304 1020 2368 discat
1050 2305 1133 2388 quis,
1159 2325 1197 2368 ex
1223 2303 1361 2371 historia

256 2418 376 2489 nostra,
402 2411 439 2473 iu
462 2431 535 2494 qua,
556 2430 631 2473 cum
656 2408 815 2473 Ricardus
840 2407 965 2485 tertius,
990 2407 1046 2490 qui
1074 2407 1218 2490 pervim
1239 2407 1302 2486 hic,
1326 2418 1360 2472 et

256 2521 412 2596 nepotum
432 2534 563 2577 suorum
585 2511 716 2588 caedem,
739 2511 856 2574 invasit
882 2509 1063 2594 imperium,
1083 2519 1117 2573 et
1141 2532 1203 2594 quo
1222 2513 1359 2594 nequior

257 2637 353 2680 nemo
374 2617 461 2679 inter
485 2625 648 2698 tyrannos,
671 2635 767 2678 nemo
791 2613 970 2689 crudelior;
994 2613 1135 2703 triennio
1158 2622 1277 2691 tamen,
1295 2637 1359 2698 quo

257 2738 365 2781 rerum
388 2720 510 2800 potitus
531 2727 591 2796 est,
606 2718 693 2799 leges
715 2725 782 2779 tam
798 2725 832 2779 et
847 2717 966 2780 multas
982 2722 1015 2779 et
1030 2717 1131 2781 bonas
1153 2718 1304 2795 sanxerit,
1320 2727 1359 2781 ut

257 2819 368 2884 habita
382 2821 512 2904 quidem
528 2829 595 2884 tam
610 2841 677 2884 non
692 2820 783 2902 longi
798 2820 952 2903 temporis
968 2820 1103 2897 ratione,
1119 2841 1214 2883 nemo
1231 2822 1359 2902 Regum

258 2925 439 2987 nostrorum
460 2924 578 3006 plures,
596 2944 692 2987 nemo
713 2921 873 2986 meliores.
918 2923 991 2986 Nec
1010 2921 1072 2986 hoc
1095 2922 1225 3005 quidem
1247 2923 1358 3006 igitur,

258 3026 345 3109 quod
362 3025 491 3090 decreta
517 3025 618 3091 edidit
640 3047 708 3089 non
732 3026 827 3103 mala,
844 3046 904 3089 nec
925 3025 1077 3108 quicquid
1099 3035 1254 3109 praeterea
1277 3025 1359 3090 dixit

258 3130 438 3194 cardinalis
461 3152 519 3214 pro
542 3130 709 3194 Bonifacio
733 3150 800 3207 suo,
817 3129 988 3212 quicquam
1009 3128 1151 3207 obstant,
1167 3151 1231 3213 quo
1250 3129 1360 3194 minus

258 3232 425 3297 credamus
443 3233 483 3297 de
506 3254 554 3311 eo,
576 3233 631 3316 qui
655 3253 775 3296 nomen
796 3232 877 3295 illud
897 3231 1089 3295 Universalia
1109 3231 1301 3296 desideravit
1325 3243 1358 3296 et

257 3335 390 3419 rogavit,
405 3336 597 3400 Antichristi
614 3338 842 3399 Praecarsorem
857 3335 966 3398 fuisse.
1038 3359 1042 3366 ·

290 3479 332 3530 Ad
343 3480 398 3530 heec
406 3481 493 3530 omnia
502 3480 640 3531 facillima.
653 3517 659 3529 .
671 3519 677 3531 .
690 3518 696 3530 .
709 3480 837 3543 responsio
849 3484 894 3540 est,
907 3480 1002 3543 Regem
1014 3480 1177 3531 vehementer
1186 3480 1358 3546 falli-[Bell.

322 3564 397 3629 Apol.
409 3578 455 3628 pro
466 3562 550 3627 Resp]
567 3579 591 3627 p.
605 3566 659 3615 165.
676 3562 742 3627 [Op.,
754 3567 816 3613 tom.
825 3563 869 3612 vii.
880 3563 925 3612 col
938 3565 994 3616 ⁷91.
1005 3563 1047 3627 Β.]

258 3779 302 3829 lib.
313 3779 347 3827 iv.
372 3777 429 3842 Ep]
440 3779 522 3828 xxxii.
540 3779 597 3842 [seo.
610 3782 671 3828 vett.
688 3777 785 3838 Editt5
828 3778 861 3828 ad
885 3779 1069 3841 pontificatum,
1085 3779 1192 3829 aliamve
1212 3780 1359 3830 ecclesiasti-

258 3843 301 3892 lib.
315 3858 337 3891 v.
375 3841 417 3890 nd.
432 3842 488 3892 xiii.
508 3842 554 3905 llp.
568 3858 611 3891 xx.
640 3841 702 3893 tien.
729 3841 785 3907 Op,
828 3843 1115 3904 oamdignitatem,sibi
1132 3845 1215 3906 gratia
1228 3846 1358 3909 autlargi·

258 3912 319 3956 tona
327 3908 355 3956 ii.
367 3905 412 3955 col.
425 3905 481 3956 749.
493 3905 533 3968 Β.]
828 3908 898 3956 tione
915 3908 1013 3956 aditum
1024 3908 1136 3965 fecisset,
1155 3914 1184 3956 ut
1198 3910 1298 3958 urbium
1316 3926 1358 3959 an·

285 3970 297 4002 ¹¹
314 3971 392 4020 'Vide
403 3985 485 4033 supra,
497 3986 520 4033 p.
529 3974 583 4021 386.
595 3975 647 4020 not
656 3970 673 4019 ¹¹.
827 3972 922 4021 tistites
933 3987 948 4022 a
958 3973 1050 4035 populo
1059 3980 1085 4023 et
1093 3972 1158 4021 clero
1170 3973 1321 4035 legerentur,
1329 3991 1358 4024 ac

290 4034 297 4068 ¹
326 4035 392 4085 Vide
403 4049 485 4098 supra,
493 4050 516 4097 p.
525 4038 580 4086 886.
592 4039 669 4085 not.¹.
828 4041 884 4085 tum
904 4036 1007 4085 demum
1029 4036 1055 4085 id
1075 4042 1158 4086 retum
1177 4038 1319 4095 haberetur,
1335 4041 1356 4088 si

328 4104 344 4128 ·‘
352 4099 423 4149 Idem
434 4106 521 4149 auctor
533 4100 589 4159 fuit,
600 4105 630 4149 ut
640 4101 732 4150 celebri
743 4115 785 4150 an·
828 4115 903 4164 quem
919 4100 959 4150 illi
974 4101 1101 4162 legissent,
1112 4103 1229 4166 princeps
1245 4103 1358 4153 civitatis

257 4166 586 4227 tistitumeonventu,quem
594 4164 784 4225 Romoehubuit,
827 4165 962 4229 probasset.
986 4165 1104 4216 Pontifex
1131 4166 1258 4215 maximus
1285 4183 1357 4217 suam

257 4231 292 4280 rit
309 4230 488 4290 decretumne
501 4245 517 4279 a
535 4228 663 4292 pontificis
677 4229 783 4279 interitu
827 4229 1357 4293 auctoritatemadjeoiseet,tantumeffatus,

257 4296 328 4407 prius
349 4293 434 4345 triduo
455 4294 588 4357 quiequam
609 4294 638 4342 in
659 4294 785 4344 demortui
828 4293 968 4344 ‘Volumus
978 4299 1005 4344 et
1011 4294 1144 4357 jubemus'
1161 4294 1209 4343 Sed
1222 4301 1357 4359 utramque

268 4373 340 4410 ocum
359 4362 490 4418 crearetur,
505 4357 667 4421 injunxitque
685 4359 785 4408 anatho·
829 4358 955 4409 decretum
971 4364 1010 4409 est
1025 4359 1282 4409 abolitum-'’—ttarc
1295 4363 1356 4410 Ant

257 4425 334 4473 mette
344 4437 454 4486 poenam,
465 4422 488 4471 ri
499 4422 694 4485 quisdecretum
705 4423 786 4473 abole-
829 4423 900 4474 Ooec
925 4422 1034 4508 Sabell]v
1056 4423 1169 4473 Ennead
1187 4425 1241 4473 viii.
1270 4425 1314 4474 lib.
1333 4429 1355 4475 6.

257 4487 342 4552 rimet,
349 4491 378 4536 nt
388 4486 477 4537 eodem
488 4487 594 4540 crimine
599 4492 735 4550 teneretur,
741 4488 785 4554 qui
831 4489 907 4555 [tom.
914 4487 941 4537 ii.
952 4503 976 4552 p.
986 4490 1029 4541 891
1036 4487 1054 4551 .]
