2910 4926
257 267 322 330 432
549 281 616 329 uo
637 279 828 329 clausimus
848 278 1048 328 anmmmm

259 434 386 513 dinulis,
405 433 441 497 in
463 453 498 497 re
523 432 571 496 ita
593 431 738 528 omnium
761 431 851 495 libris
872 431 1038 514 literisque
1059 430 1256 514 pervulgata,
1279 429 1363 494 adeo

259 560 335 604 vero
348 537 545 622 pervulgata,
565 543 603 599 ut
618 537 780 599 calumnie
798 535 905 600 locum
925 556 992 599 non
1011 535 1182 618 relinquat,
1199 534 1238 598 de
1255 534 1363 617 pactis

259 641 294 704 in
321 640 509 724 suffragium
535 637 657 721 aliquot
683 657 848 701 aureorum
872 637 1027 711 millibue5
1058 637 1098 701 de
1124 637 1361 719 stipendiariis,

259 744 293 807 in
309 765 379 807 eam
397 763 476 820 rem,
492 740 679 823 Principum
694 740 896 824 quorundam
914 741 1163 803 cardinalibus?
1207 740 1270 803 Ille
1285 760 1362 803 vcro

258 843 403 927 interfuit
428 844 485 923 bis,
505 863 561 906 nec
584 843 705 906 audivit
728 844 766 908 de
791 863 826 906 eo
850 845 1022 925 quiequam.
1068 843 1175 909 Quum
1197 843 1259 906 hoc
1286 861 1363 906 vero

260 948 481 1013 Herculeum?
504 946 639 1010 fortasse
660 945 748 1009 enim
767 946 956 1011 celatores:
983 947 1056 1028 (nec
1080 945 1166 1010 enim
1184 945 1245 1009 sub
1265 944 1364 1009 hasta

256 1053 305 1131 fit,
325 1051 375 1115 vel
397 1071 473 1114 voce
500 1048 676 1133 Proeconis)
698 1048 782 1112 clem
804 1048 859 1113 illo
882 1048 1014 1126 factum,
1036 1069 1153 1131 agmen
1171 1069 1239 1112 non
1259 1046 1361 1125 ducit,

256 1154 391 1219 fortasse
414 1152 456 1216 ad
480 1151 638 1215 ambitum
664 1151 769 1215 factus
789 1158 937 1229 nonest,
962 1150 1044 1214 alter
1067 1170 1183 1232 nempe
1205 1147 1361 1215 corius&

257 1258 336 1320 Non
358 1255 445 1319 enim
470 1253 599 1337 passim,
613 1253 665 1317 vel
690 1253 731 1316 ad
754 1252 861 1316 fauces
883 1253 1047 1336 cujusque,
1069 1252 1163 1317 bolus
1185 1252 1248 1316 hic.
1294 1252 1362 1316 Sed

257 1357 414 1443 ejusmodi
439 1356 517 1439 quid
540 1377 622 1440 saepe
641 1377 703 1419 usu
724 1355 859 1434 venisse,
884 1355 1021 1438 parietes
1043 1355 1103 1440 ipsi
1122 1355 1298 1433 Conclevis,
1327 1362 1362 1419 et

258 1463 374 1540 Porta,
393 1480 524 1524 narrare
546 1459 577 1523 ei
597 1465 739 1543 possent,
758 1479 830 1541 quae
852 1478 913 1522 nec
935 1466 1050 1522 contra
1070 1459 1208 1543 gratiam
1223 1459 1362 1524 occlusae

256 1571 328 1629 tum
358 1570 445 1641 sunt,
471 1563 569 1626 etiam
604 1561 721 1646 (credo)
756 1581 816 1625 nec
840 1567 953 1624 contra
975 1563 1165 1643 pecuniam:
1189 1563 1262 1626 Nec
1287 1582 1362 1626 eam

256 1669 407 1729 minutam
422 1686 517 1730 sane:
537 1664 632 1747 (Quis
644 1664 731 1728 enim
740 1663 886 1745 pacato
900 1662 1016 1747 pacisci
1025 1664 1103 1728 velit
1118 1664 1318 1748 Purpuratus
1329 1662 1363 1748 ?)

257 1790 355 1854 quare
369 1790 436 1832 non
450 1768 515 1831 nisi
523 1767 752 1850 proprendere

290 1903 340 1954 Sed
347 1904 451 1954 solenne
458 1907 497 1953 eet
504 1901 671 1964 Adversariis,
679 1901 715 1962 id,
726 1902 811 1966 inquo
818 1917 884 1952 unus
893 1901 1029 1967 aliquando
1036 1902 1100 1952 forte
1107 1901 1264 1967 peccavitsel
1272 1896 1363 1954 omues

322 1985 465 2036 catholicos
476 1983 725 2050 transferre-[Bell
738 1982 814 2048 Apol.
829 1998 875 2048 pro
886 1982 972 2048 Resp]
989 1998 1014 2048 p.
1028 1983 1080 2036 176.
1100 1983 1171 2048 [Op.,
1181 1987 1244 2034 tom.
1254 1986 1299 2034 vil.
1312 1985 1362 2036 ool.

324 2068 379 2117 80³.
392 2064 431 2129 0.]

94 2169 183 2248 [iique
195 2185 239 2219 ses·
302 2164 435 2229 Serione
457 2171 566 2236 autem
588 2163 650 2227 hoc
670 2162 859 2241 Cerdinalis,
875 2163 960 2245 quod
982 2183 1061 2226 unus
1082 2163 1189 2243 modo,
1211 2169 1309 2247 atque
1332 2165 1361 2228 is

95 2234 218 2298 mmm]
258 2269 426 2350 aliquando
437 2273 578 2344 tantum,
589 2266 686 2349 idque
695 2287 762 2330 non
777 2266 838 2329 nisi
845 2265 935 2347 sorte
945 2267 1007 2330 hoc
1018 2266 1054 2329 in
1068 2287 1185 2349 genere
1193 2269 1361 2349 peccavit?

257 2371 433 2434 Ridendum
463 2390 538 2434 vero
568 2369 787 2447 assertionem,
825 2389 892 2432 non
921 2367 1132 2449 refellendam.
1191 2369 1360 2448 Dicamne,

253 2475 377 2536 solem
401 2473 435 2536 id
455 2472 618 2537 cardinali
644 2493 723 2550 esse,
748 2471 832 2554 quod
856 2471 897 2535 ab
919 2492 979 2534 uno
1002 2473 1170 2553 aliquando
1188 2473 1238 2535 vel
1259 2474 1361 2536 altero

250 2583 414 2658 peccatum
430 2576 511 2639 forte
527 2597 593 2638 non
609 2582 668 2653 cst,
682 2574 716 2636 id
732 2574 772 2638 de
787 2575 875 2637 omni
888 2575 1103 2637 Gordinolium
1118 2583 1213 2653 coetu,
1227 2583 1360 2640 strenue

256 2680 398 2760 negare?
450 2678 511 2739 Ver
533 2676 661 2759 quidem
683 2676 809 2740 anobis
826 2677 948 2760 (plures
963 2678 1050 2741 enim
1065 2678 1247 2741 hirundines
1264 2678 1359 2761 hiel,

258 2781 350 2858 addo,
367 2787 400 2843 et
414 2781 539 2842 veritos.

291 2914 354 2964 Hoec
366 2952 372 2964 .
386 2950 391 2962 .
405 2952 410 2964 .
423 2915 491 2964 inter
509 2929 534 2963 ec
552 2915 678 2964 contraria
700 2930 751 2964 non
770 2921 836 2965 eunt
871 2916 924 2966 Rex
944 2918 1084 2980 eligebatur
1100 2934 1115 2968 a
1133 2920 1227 2983 populo
1246 2922 1361 2981 tempore

322 2996 453 3053 Samuelis,
470 3000 504 3054 et,
522 2996 660 3059 Episcopus
681 3010 734 3045 non
752 2997 893 3059 eligebatur
912 3014 927 3047 a
948 2999 1041 3061 populo
1059 3004 1172 3062 tempore
1189 2999 1361 3062 Cypriani.-

322 3078 396 3141 [Bell.
410 3077 484 3141 Apol.
495 3092 540 3140 pro
553 3077 637 3141 Resp]
653 3093 676 3141 p.
690 3080 745 3128 176.
764 3078 830 3142 [Op.
842 3083 903 3128 tom.
916 3080 959 3128 vii.
971 3080 1018 3129 col.
1031 3083 1085 3130 803.
1099 3080 1138 3144 o]

95 3197 145 3263 [De
156 3197 226 3261 Epis-
304 3175 350 3239 Ut
365 3176 435 3237 Rea
449 3177 589 3257 Reyuom
604 3178 708 3254 adeat,
719 3199 812 3259 cgere
827 3199 974 3241 consensu
983 3181 1113 3260 populi:
1136 3189 1173 3243 ut
1184 3181 1361 3261 Episcopus

95 3277 235 3390 apem]
258 3279 491 3360 Episcopalom,
516 3301 583 3343 non
607 3301 715 3361 opere:
740 3288 773 3342 et
798 3281 884 3344 inter
908 3303 941 3343 sc
963 3290 1110 3363 pugnant
1135 3283 1214 3359 haec,
1230 3290 1264 3345 ct
1285 3303 1359 3345 cum

217 3364 224 3387 ’
259 3383 402 3444 veritate.
448 3382 510 3444 Par
530 3383 617 3445 enim
640 3382 811 3464 utrobique
833 3383 925 3460 ratio,
950 3384 995 3460 Si,
1014 3384 1069 3466 qui
1091 3385 1208 3467 populo
1231 3394 1359 3468 praecst,

138 3494 203 3555 313
259 3490 296 3545 ut
311 3484 429 3566 praesit,
445 3484 485 3546 ab
505 3484 618 3547 eodem
639 3483 880 3566 praeficiendus:
906 3486 993 3551 Quin
1013 3487 1048 3548 in
1069 3489 1170 3549 sacris
1189 3487 1224 3550 id
1244 3489 1358 3571 magis,

260 3606 355 3668 quam
392 3586 599 3648 secularibus.
651 3587 743 3664 Tum,
780 3587 807 3648 si
838 3608 942 3669 neque
980 3589 1080 3652 suffici
1115 3598 1241 3671 poterat
1272 3591 1360 3672 Apo·

258 3689 355 3749 stolas
381 3688 415 3749 in
442 3687 602 3751 demortui
624 3688 741 3767 locum,
766 3688 829 3751 nisi
852 3691 965 3751 electus
988 3690 1171 3772 soffrayiis:
1201 3693 1302 3774 magis
1326 3693 1360 3756 id

259 3788 398 3871 quidem,
425 3797 462 3851 ut
488 3790 624 3868 videtur,
655 3791 785 3874 stringit
811 3791 846 3853 in
873 3792 1037 3874 Episcopo.
1083 3794 1206 3856 Verum
1232 3794 1267 3857 id
1291 3796 1359 3876 agit

259 3892 446 3970 Cardinalis,
474 3900 625 3975 totusque
650 3894 685 3955 in
708 3915 746 3957 eo
769 3903 828 3970 cst,
856 3896 976 3976 Populo
999 3904 1035 3957 ut
1058 3895 1139 3957 nihil
1162 3896 1244 3979 juris
1267 3897 1309 3960 sit
1324 3899 1359 3960 in

257 3994 430 4075 Episcopus
444 3996 493 4058 vel
512 3997 652 4058 clerum:
677 4006 799 4061 atvero
815 3999 919 4080 quoad
934 3999 1042 4080 Repes,
1059 3999 1094 4059 id
1111 4000 1246 4079 populus
1262 4007 1359 4078 curet,

257 4099 412 4160 scilicetm.
457 4099 609 4180 Peraeque
623 4119 698 4161 vero
713 4099 831 4162 fulsum
847 4101 881 4162 in
898 4101 1003 4178 Saule,
1023 4101 1130 4182 (quem
1148 4101 1234 4163 Deos
1256 4104 1359 4185 eupit,

259 4200 371 4264 Electo
386 4203 522 4281 populus
541 4203 736 4280 acclamavit,
752 4202 848 4285 idque
871 4224 910 4266 ex
932 4204 1044 4279 officio,
1060 4205 1095 4266 ni
1115 4203 1277 4283 iecissent,
1293 4206 1360 4286 filii

292 4341 302 4373 ¹¹
320 4343 398 4408 [Vide
412 4344 492 4393 Valet.
505 4344 572 4393 Max.
585 4344 628 4393 lib.
641 4345 674 4394 iv.
684 4361 737 4408 cap.
747 4347 784 4396 iii.
829 4349 876 4397 bole
888 4346 928 4410 ἔαρ
940 4349 966 4396 οὐ
976 4351 1046 4406 ποιεῖ,
1058 4347 1123 4410 quod
1136 4348 1198 4397 citat
1210 4348 1289 4399 Arist.
1300 4350 1360 4402 Eth.

258 4411 317 4456 sect.
331 4411 351 4457 δ.
365 4423 405 4471 pp.
416 4410 472 4467 146,
485 4409 538 4459 147.
575 4408 651 4458 Lond.
666 4410 752 4474 leia]
829 4412 928 4462 Nicom.
942 4412 985 4460 lib.
999 4413 1015 4460 i.
1029 4427 1081 4475 cap.
1094 4412 1129 4474 7.]

291 4469 297 4502 ¹
316 4470 574 4536 [Respicitvulgatum
584 4474 657 4534 illud,
665 4475 713 4524 Mle
720 4487 785 4539 χιιι·
861 4485 877 4508 ¹¹²
895 4476 1004 4539 [Terent.
1019 4476 1097 4528 Andr.
1110 4476 1129 4527 1.
1143 4480 1165 4527 2.
1179 4477 1231 4542 m]
