2910 4926
467 311 649 360 immersu
671 311 857 361 nusuousro.
1146 301 1210 363 245

154 466 431 549 chrysostomum,
458 488 496 530 eo
519 466 590 530 loco
614 467 669 550 qui
697 468 823 551 legerit,
845 467 968 532 videbit
997 468 1071 532 ideo
1094 468 1212 532 dixisse
1226 482 1332 546 [Secun-

111 566 290 630 Haereticos
309 568 390 647 illos,
406 568 480 630 Nou
495 576 635 649 oportere
650 591 713 651 per
735 571 892 634 Christum
907 571 1062 646 accedere,
1082 571 1140 634 sed
1151 592 1213 652 per
1224 547 1363 679 ffiQ]

108 671 254 754 Anystus,
271 669 371 733 ἐκεῖνο
392 669 455 757 ’γὰρ
474 670 580 752 μεῖζόν
600 668 701 750 ἔστιν,
716 672 736 752 ἣ
752 670 823 735 καθ’
838 670 934 753 ἡμᾶς,
950 693 1016 756 prae
1037 674 1213 736 humilitate

109 772 144 835 id
159 772 285 850 dixisse,
298 773 433 836 fortasse
442 795 508 837 non
523 795 607 851 vera,
618 775 674 838 sed
688 776 724 838 in
739 775 876 859 speciem
890 782 1012 852 tamen,
1028 782 1210 858 apparente.

109 875 219 958 Majus
239 876 326 938 enim
349 876 381 938 id
399 898 479 954 esse,
503 899 599 959 quam
614 886 652 941 ut
666 879 761 942 nobis
781 878 961 954 conveniat,
980 885 1069 941 recta
1086 878 1208 941 scilicet

109 976 197 1041 adire
220 977 395 1055 Christum,
415 987 448 1041 et
472 980 542 1042 sine
564 981 764 1063 Angelorum
790 981 986 1044 interventu.
1032 979 1210 1063 Indignum

108 1079 142 1142 id
158 1101 226 1142 esse
242 1080 416 1164 Majestate
428 1082 559 1159 Christi,
575 1091 612 1145 ut
628 1085 803 1166 peripsum
818 1083 1034 1152 adducamur:
1058 1083 1210 1146 humanae

108 1182 260 1244 tenuitati
281 1183 478 1245 commodius
495 1206 572 1263 esse,
589 1193 626 1248 ut
641 1186 760 1269 Angeli
774 1194 894 1249 nostrae
909 1185 1095 1249 adductioni
1108 1184 1209 1248 inser-

108 1285 209 1349 viant.
246 1286 329 1349 Inde
344 1293 452 1350 autem
468 1287 600 1366 facturn,
616 1295 653 1352 ut
668 1310 726 1373 per
739 1296 846 1352 totum
862 1295 959 1372 caput
974 1288 1066 1365 illud,
1080 1289 1211 1351 Sursum

10 1395 14 1413 '
109 1389 283 1471 Apostolus
306 1397 338 1452 et
359 1391 592 1475 deorsumque
613 1393 651 1455 de
669 1393 802 1470 Christo,
818 1397 965 1455 versaret.
1013 1390 1210 1473 Sanguinem

109 1491 221 1568 crucis,
243 1491 433 1574 passionem,
456 1493 661 1557 dilectionem
672 1520 682 1572 ,·
706 1515 769 1576 quo
795 1493 942 1557 vitiosam
964 1493 1053 1555 illam
1080 1493 1209 1556 humili-

108 1600 209 1658 tatem
232 1602 404 1672 excuteret,
421 1604 454 1658 et
478 1596 518 1659 ad
540 1597 716 1675 Christum,
738 1594 876 1677 ἀμέσως,
897 1598 950 1660 vel
972 1597 1041 1659 sine
1063 1597 1209 1679 Angelis,

108 1697 264 1778 perveniri
278 1719 370 1780 posse
387 1699 556 1782 judicaret.
602 1702 711 1782 Atque
725 1700 794 1762 haec
810 1700 1067 1783 Chrysostomus.

141 1833 165 1882 S.
178 1833 348 1898 Hieronymus
360 1836 387 1884 in
398 1836 479 1900 Epist.
491 1836 522 1886 sd
535 1837 665 1899 Algasiam
679 1840 766 1900 quoest.
779 1839 817 1887 10.
834 1837 915 1894 sddit,
926 1835 1077 1898 reprehendi
1088 1837 1120 1886 ab
1132 1836 1210 1899 Apus

173 1917 226 1966 tolo
236 1932 285 1976 eos,
301 1918 345 1980 qni
358 1916 472 1979 Angelis,
489 1922 519 1967 ut
530 1918 587 1967 Diis
598 1918 772 1968 sacrificabant
777 1927 796 1967 ¹.
831 1918 988 1967 Christianos
999 1922 1085 1968 autem
1094 1917 1209 1980 Angelis,

173 1998 213 2048 vel
225 1998 325 2048 Sanctis
335 2000 486 2049 sacriticasse
497 2014 572 2050 nemo
583 2000 754 2050 demonstrare
770 1999 968 2064 potest-[Bell.
981 2000 1055 2065 Apol.
1067 2015 1113 2064 pro
1125 2000 1209 2064 Resp]

174 2095 197 2144 p.
211 2081 249 2130 97.
267 2079 333 2145 [Op.,
345 2085 406 2130 tom.
415 2082 459 2131 vii.
471 2082 517 2131 ool.
527 2082 582 2133 769.
593 2078 634 2144 B.]

118 2160 123 2170 ’
151 2177 239 2241 Nam
253 2179 470 2262 Hieronymus
481 2186 590 2262 aperte
600 2179 721 2258 asserit,
733 2179 820 2262 loqui
835 2180 880 2244 ibi
895 2181 1088 2264 Apostolum
1099 2187 1210 2244 contre
1223 2201 1298 2316 iim
1331 2164 1334 2169 Α

109 2302 174 2359 eos,
205 2283 260 2364 qui
288 2282 463 2346 credebant
492 2305 530 2346 ex
561 2282 682 2346 Judaeis
710 2283 746 2345 in
777 2284 953 2347 Dominum
992 2283 1208 2363 Salvatorem3
1251 2266 1339 2332 iffi]

110 2384 235 2467 quique,
252 2393 289 2448 ut
305 2385 381 2449 olim
406 2386 451 2448 eis
477 2386 660 2467 Stephanus
678 2386 729 2468 (ex
744 2386 855 2467 Amos)
879 2386 1101 2469 exprobrabat,
1117 2370 1208 2450 ⁸cole·

108 2496 182 2552 rent
198 2491 343 2552 militium
365 2490 443 2566 eoeti,
459 2490 604 2551 mititiam
620 2496 728 2551 autem
743 2490 812 2552 ooeti
834 2509 901 2551 non
915 2496 1001 2552 astra
1015 2488 1110 2552 modo
1126 2510 1206 2568 esse,
1279 2504 1286 2514 ’

109 2594 165 2657 sed
185 2602 218 2657 et
241 2595 440 2677 Angelorum
467 2593 643 2668 exercitus;
671 2593 756 2675 quod
779 2600 811 2655 et
835 2614 874 2656 ex
894 2594 984 2656 Luca
1010 2593 1112 2672 docet,
1136 2593 1203 2673 ubi,

101 2695 196 2775 suctu
219 2717 287 2758 cum
296 2697 416 2778 Auyeto
426 2696 591 2757 multitudo
606 2696 725 2757 militie
740 2695 871 2758 ooetestis
882 2705 905 2758 l.
931 2695 1095 2760 Quaevero
1108 2695 1205 2779 (apud

31 2864 35 2871 ,
108 2800 220 2882 Amos)
236 2798 370 2863 servitus
382 2799 500 2862 dicitur
511 2799 630 2860 militie
642 2799 719 2876 coeli,
731 2818 802 2861 eam
815 2818 902 2861 nunc
914 2797 954 2860 ab
967 2797 1122 2880 Apostolo
1134 2797 1208 2875 diei,

109 2956 146 3006 tui
161 2961 210 3006 τῶν
227 2959 347 3019 ἀγγέλων.
380 2959 469 3008 Ἐκεῖνο
489 2958 537 3021 γὰρ
555 2957 635 3019 μεῖζόν
683 2956 699 3006 J
703 2957 790 3007 udaica
805 2957 946 3021 Stephanus
959 2957 1057 3021 Martyr
1072 2971 1208 3020 exponens,

109 3024 273 3081 ἐσπηὴκαθ
285 3025 351 3083 ἡμᾶς.
386 3025 432 3072 Διὰ
448 3026 521 3071 τοῦτο
533 3023 580 3070 ἅνω
593 3025 633 3071 uui
683 3026 709 3071 et
728 3023 858 3071 revolvens
885 3023 1016 3072 historiam
1036 3026 1153 3077 vetamur,
1173 3022 1210 3070 sic

109 3088 173 3135 κάτω
185 3088 323 3149 στρέφειτὰ
337 3087 393 3151 dxip
404 3090 448 3135 τοῦ
458 3090 564 3149 Χριστοῦ
575 3096 634 3148 λεχ·
682 3085 781 3135 locutus
797 3091 843 3146 est,
865 3085 900 3135 Et
916 3086 1024 3136 vit-idum
1040 3087 1160 3148 fecerunt
1180 3086 1210 3135 in

109 3151 179 3199 θέντα
197 3153 268 3213 αὐτῷ,
283 3153 329 3201 Διὰ
341 3154 384 3200 τοῦ
395 3152 493 3212 αἵματος
503 3154 546 3200 τοῦ
563 3170 633 3200 oron
682 3151 769 3200 diebus
781 3149 1122 3209 iiiis,etobtiderstnthostias
1133 3148 1208 3209 idolo,

110 3216 151 3277 poi
174 3217 244 3264 αὐτοῦ
270 3216 466 3277 κατηλλάγημεν,
489 3215 547 3265 ὀτι
576 3215 634 3278 trip
683 3221 705 3263 et
724 3215 876 3264 testabantur
898 3216 927 3263 irs
949 3216 1068 3278 operibus
1083 3229 1209 3263 manum

108 3281 174 3338 ἡμῶν
200 3280 294 3340 ἔπαθεν,
316 3279 373 3331 ὀτι
391 3280 517 3340 ἠγάπησεν
533 3283 633 3339 ἠμᾶς.-
682 3295 797 3328 snorum.
816 3280 955 3328 Conversus
969 3285 1053 3328 antem
1071 3278 1141 3328 Deus
1157 3287 1209 3329 tra·

111 3345 136 3392 S.
155 3343 279 3406 chrysost.
304 3344 379 3394 Hom.
398 3346 441 3394 rii.
461 3346 489 3393 in
507 3344 557 3393 Col.
578 3345 633 3408 Op,
684 3343 753 3391 didit
771 3358 819 3401 eos,
840 3349 868 3391 ut
880 3343 1118 3392 colerentmilitium
1134 3343 1188 3392 coeti
1197 3357 1208 3399 ,·

112 3412 174 3457 tom.
187 3409 219 3457 iv.
231 3424 254 3472 p.
265 3412 319 3459 123.
332 3411 376 3458 lin.
389 3409 440 3522 nd
682 3407 748 3457 aaa
765 3408 889 3471 scriptum
898 3414 933 3458 eet
945 3409 972 3457 iu
984 3408 1048 3456 libro
1064 3407 1209 3470 Propheta-

143 3474 412 3537 ¹[“Quaerimusquid
443 3474 633 3533 icereroluerit,
683 3488 750 3521 rum.
774 3472 964 3521 Militissutem
977 3473 1034 3521 coeli
1049 3477 1207 3523 nontantum

111 3535 139 3585 ia
156 3537 298 3587 hnmilitate
309 3544 331 3586 et
342 3539 462 3599 relipione
478 3537 633 3599 augelorum,
684 3537 722 3586 sol
737 3536 886 3603 appellatur,
903 3541 929 3585 et
945 3537 1012 3594 luna,
1023 3541 1049 3585 et
1060 3541 1126 3585 nstra
1144 3540 1206 3587 ruti·

110 3607 154 3649 aut
172 3617 247 3664 quem
270 3618 370 3652 sensum
390 3603 487 3652 haheat.
522 3602 561 3650 Ex
585 3618 634 3664 quo
684 3602 780 3661 lsntis3
797 3601 839 3650 sed
856 3602 976 3650 etomnis
994 3601 1108 3662 angelica
1123 3603 1207 3651 multi·

111 3665 235 3714 Dominus
254 3667 351 3716 locutus
370 3671 408 3716 est
431 3667 462 3716 ad
482 3666 634 3728 discipulos,
685 3665 753 3722 tudo,
763 3680 897 3728 eorumque
909 3666 1032 3715 exereitus
1045 3702 1050 3713 .
1063 3702 1069 3713 .
1082 3665 1170 3715 .Unde
1181 3672 1208 3716 et

111 3730 218 3792 Carpite,
237 3746 324 3780 eumue
339 3732 404 3790 hine,
416 3732 457 3790 Et,
468 3731 636 3793 Relinquetur
684 3731 712 3778 in
728 3730 864 3792 Evangelio
876 3730 953 3793 juxta
973 3730 1064 3779 Lucem
1084 3729 1191 3791 legimus
1200 3749 1207 3791 ;

110 3794 178 3843 antris
186 3795 276 3844 (tomus
284 3803 366 3844 vestra
375 3796 473 3844 deserto
482 3811 493 3853 ,¹
504 3796 543 3853 lit,
553 3795 634 3845 Locus
684 3794 720 3843 lt't
729 3796 811 3844 nahita
820 3795 896 3856 sueta
907 3800 942 3844 est
952 3810 1008 3844 cum
1024 3793 1112 3857 cuych>
1124 3795 1206 3845 mutti-

110 3859 337 3921 inquoDomimos
353 3861 485 3923 crucifixus
501 3865 543 3914 est,
558 3860 634 3922 spiri-
684 3860 747 3908 todo
772 3859 871 3908 milities
898 3859 1006 3916 coeteetse,
1025 3865 1067 3908 etc.
1084 3894 1090 3905 .
1109 3895 1139 3908 ..
1174 3860 1208 3910 lit

109 3923 214 3972 suatum
224 3925 351 3988 AEqysptus
362 3932 464 3973 ineatur
475 3931 497 3972 et
513 3924 633 3981 Sodoma,
702 3931 815 3987 ruptores
841 3924 886 3986 qui
911 3923 1020 3972 vitulum
1043 3923 1152 3972 inserant
1178 3925 1206 3973 in

110 3990 193 4037 omnis
234 3989 397 4039 ,Iudaicarum
430 3990 633 4038 observationum
712 3989 778 4048 oreb,
801 3993 826 4037 ot
842 3989 970 4037 coluerant
987 3987 1056 4036 sidus
1070 3987 1118 4037 Dei
1130 3988 1205 4037 Rern·

110 4053 207 4101 cultura
227 4053 353 4103 destructa
369 4059 415 4112 est,
434 4058 460 4102 et
475 4068 634 4115 quascunque
684 4053 815 4114 phem...
831 4053 997 4101 adoraverunt
1019 4052 1119 4114 figuras,
1147 4067 1208 4115 ques

110 4116 219 4165 offerunt
236 4119 361 4177 victimas,
380 4133 431 4167 non
448 4117 501 4167 Deo
518 4118 632 4175 offemnt,
683 4119 732 4179 ipsi
744 4118 856 4166 iecerunt
865 4134 872 4175 ;
888 4114 1030 4166 ettrsdidit
1040 4131 1082 4164 eos
1093 4115 1167 4174 Deus,
1179 4123 1208 4165 ut

109 4181 152 4229 sed
172 4182 268 4242 angelis
286 4183 379 4239 refugis
396 4189 422 4232 et
439 4182 570 4245 spiritibus
589 4183 633 4230 irn·
683 4183 806 4230 servirent
823 4181 924 4230 militiae
940 4181 1005 4240 coeli,
1024 4195 1080 4243 quse
1097 4194 1163 4232 nunc
1177 4181 1208 4230 sb

109 4245 218 4294 mundis.
245 4246 299 4294 Neo
309 4248 411 4302 mirum,
423 4247 444 4295 si
457 4247 503 4296 hoc
514 4253 571 4309 post
581 4261 633 4309 pes
684 4246 805 4308 Apostolo
813 4245 1206 4306 diciturreligioangelorum.''—

109 4311 205 4358 sionem
228 4310 332 4359 Domini
360 4313 460 4368 facient,
483 4325 560 4373 quum
589 4325 634 4374 por
684 4308 1209 4374 S.Hier.lip.exxi.Vsll.(ui.cli.)sdAl-

110 4374 190 4422 Amos
206 4389 304 4437 quoque
321 4374 472 4438 Prophetiam
492 4375 591 4423 dicatur
601 4375 632 4424 ad
683 4390 734 4436 gas.
753 4376 846 4431 (tumst.
858 4378 895 4423 lo.
916 4374 1043 4436 Op.,tom.
1056 4372 1209 4423 icontie.

109 4453 167 4496 eos,
184 4438 216 4486 N
217 4439 316 4501 enquid
333 4440 433 4500 hostius,
452 4447 494 4490 eto.
509 4440 598 4497 (Amos
609 4455 631 4488 v.
685 4438 715 4487 D.
729 4439 756 4487 E.
769 4441 824 4489 876.
838 4440 867 4487 A.
881 4439 909 4487 B.
923 4438 961 4501 C]

110 4505 211 4565 titt.)
246 4503 316 4561 Quod
339 4505 438 4567 plenius
464 4506 491 4556 in
515 4505 633 4554 concione
715 4503 911 4567 ⁷[Luc.ii.13.]

112 4691 138 4727 Ι
