2910 4926
223 270 290 332 320
533 287 577 335 an
599 287 790 337 cnanmaus
811 285 1011 337 nummum

225 443 363 523 Gradus,
386 445 427 509 de
451 445 586 509 suffossa
610 446 750 529 pulveris
771 446 802 509 vi
826 452 927 523 tanta,
951 451 984 508 et
1003 443 1078 528 igne
1098 442 1168 526 jam
1188 439 1322 525 jamque

223 548 436 628 accendendo,
466 548 622 614 liberavit.
667 549 804 614 Tristior
832 548 889 612 illa
917 548 1022 631 longe,
1053 553 1086 610 et
1114 544 1323 611 formidolosa

221 653 326 736 magis
346 655 502 735 spelunea,
523 674 620 736 quam
643 651 683 717 de
702 673 766 736 qua
788 650 905 716 Daniel
928 658 1066 734 ereptus.
1111 651 1189 714 Non
1203 649 1322 712 Leones

221 754 257 819 in
278 763 385 819 vestra
409 756 480 834 hae,
502 756 553 820 vel
574 757 706 838 vipera.-
729 756 875 819 homines
900 753 1030 838 quidem
1054 754 1102 817 ibi
1124 751 1240 837 specie,
1264 751 1321 815 sod

222 859 402 923 Cardinalis
427 858 574 923 doctrina
598 859 638 923 de
662 858 849 923 hominibus
874 858 951 922 ferae
976 856 1065 935 sacti,
1095 856 1255 939 (doctrina
1280 855 1320 918 dc

221 961 364 1045 quolibet
387 963 538 1041 audacio,
563 983 632 1026 cum
658 964 741 1026 vires
767 963 927 1040 ederam,
951 961 1084 1026 aderant
1104 968 1213 1025 autem
1237 969 1319 1037 tum,

221 1065 363 1144 aderant,
380 1067 501 1148 quaein
517 1066 656 1150 disploso
678 1067 754 1150 igne
776 1073 863 1144 sunt,
877 1067 961 1130 vires
984 1065 1130 1129 omnium
1144 1062 1314 1142 maximae‚)

219 1167 296 1231 ferae
322 1169 477 1251 (inquam)
503 1168 590 1247 facti,
616 1168 682 1233 imo
705 1169 781 1233 feris
802 1171 937 1254 pejores,
960 1175 998 1232 ut
1024 1188 1090 1252 prae
1110 1168 1186 1246 illis,
1201 1167 1320 1230 hones

219 1291 285 1336 non
299 1271 428 1348 Leones,
444 1293 505 1335 nec
520 1274 633 1354 cipere
654 1274 739 1354 ipse,
753 1273 877 1354 viperae.
921 1271 1026 1355 Ecqui
1042 1271 1127 1335 enim
1142 1270 1177 1333 in
1193 1270 1318 1334 subter-

218 1396 316 1438 raneo
337 1374 393 1438 illo
416 1375 563 1439 Danielis
586 1397 684 1459 specu
698 1376 816 1440 Leones
838 1375 943 1440 simile
963 1375 1040 1458 quid
1063 1374 1180 1438 facturi
1202 1373 1316 1438 erant?

218 1477 345 1561 Ecquid
371 1478 520 1558 similem,
543 1486 581 1542 ut
600 1479 658 1558 illi,
680 1486 820 1563 stragem
842 1478 992 1542 edituri?
1043 1477 1189 1561 (Appello
1206 1475 1318 1541 Cardi-

218 1581 335 1664 nalem)
369 1582 404 1645 ni
434 1583 524 1646 Deus
554 1583 729 1662 avertisset,
759 1583 795 1646 ni
825 1603 974 1646 successu
1011 1581 1165 1644 caruisset
1202 1578 1317 1644 scelus.

218 1685 400 1770 Utrobique
429 1686 559 1770 quidem
589 1688 762 1768 opetum:
799 1708 910 1751 verum
945 1687 981 1748 in
1010 1692 1121 1749 nostra
1148 1685 1220 1762 hae,
1250 1705 1318 1747 non

216 1790 343 1869 Leones,
374 1791 535 1854 Daemones
563 1791 626 1875 ipsi
654 1791 770 1874 potius.
812 1790 993 1873 Utrobique
1019 1789 1127 1867 etiam,
1153 1788 1208 1872 qui
1233 1788 1318 1851 eruti

217 1901 302 1972 sunt,
329 1894 492 1973 Danieles‚
519 1902 649 1958 utnon
675 1894 775 1978 possit
798 1895 834 1957 in
858 1894 1050 1958 oblivionem
1076 1891 1185 1956 venire
1212 1891 1316 1969 nobis,

217 2018 370 2081 unquam,
386 1997 437 2061 rel
459 2000 629 2080 ecemplom
652 1998 801 2061 doctrina
822 1998 918 2075 illius,
934 1996 984 2060 vel
1007 1996 1151 2059 doctrina
1172 1996 1316 2077 exempli.

216 2102 324 2183 Atque
339 2108 377 2164 ut
391 2101 531 2181 redeam,
550 2101 648 2183 (unde
665 2123 718 2165 me
740 2100 881 2184 abripuit
900 2102 1050 2181 melenae
1071 2099 1157 2162 illius
1177 2098 1313 2181 mentio)

216 2211 250 2267 et
264 2203 411 2267 claudam
426 2204 543 2282 locum,
560 2204 617 2269 sed
631 2205 725 2268 aliter
739 2211 859 2282 tamen,
875 2225 972 2287 quam
984 2202 1175 2267 Cardinalis.
1205 2201 1317 2267 Etiam

215 2307 304 2371 Area
328 2308 457 2370 Domini
481 2308 606 2372 adhoc
631 2308 782 2372 instituta
807 2315 856 2372 cst
867 2335 877 2386 3
911 2308 1010 2371 etiam
1032 2308 1208 2388 Propheta,
1231 2304 1316 2370 addo

216 2411 314 2474 ctiam
350 2411 466 2490 Vacca,
504 2413 640 2490 Baleaoe,
675 2413 776 2490 Corui,
806 2412 934 2490 Leones,
966 2410 1181 2475 animantium
1210 2430 1315 2492 genus

215 2534 320 2592 omne,
341 2521 378 2576 ut
396 2514 432 2576 in
454 2514 557 2578 salute
580 2514 689 2598 populi
705 2516 755 2579 sui
769 2514 893 2579 eluceat
909 2514 971 2578 Dei
984 2522 1056 2576 tum
1071 2512 1227 2597 potentia,
1242 2520 1316 2577 tum

216 2617 326 2700 gloria,
343 2638 414 2700 quae
436 2624 527 2680 tanto
547 2618 649 2700 magis
664 2617 779 2697 elucet,
797 2626 918 2700 quanto
933 2618 1061 2680 infirma
1075 2617 1178 2699 magis
1194 2616 1316 2680 instru-

214 2727 425 2798 montanum,
442 2728 564 2802 quanto
577 2721 679 2803 magis
695 2721 881 2805 despicatui,
898 2743 954 2804 per
977 2742 1048 2804 quae
1071 2722 1208 2784 salutem
1230 2720 1316 2784 hanc

215 2830 365 2905 operatur
379 2823 414 2884 in
430 2823 536 2886 medio
556 2824 684 2887 terrast:
708 2825 815 2908 idque,
839 2846 913 2888 cum
934 2824 1016 2888 vires
1038 2823 1176 2886 inimicis
1201 2845 1314 2887 eorum

214 2925 332 2989 adsunt
357 2927 515 3007 maximae,
542 2928 665 3011 ipsique
690 2928 811 2992 viribus
841 2929 907 2991 suis
933 2928 1071 2991 maxime
1097 2927 1313 3010 praefidentes.

215 3029 332 3092 Totum
355 3050 430 3093 vero
455 3031 526 3109 hoc,
549 3052 612 3114 quo
638 3032 672 3093 in
699 3053 737 3095 eo
762 3031 935 3094 stultitiam
959 3037 1073 3114 arguat
1097 3052 1220 3109 eorum,
1245 3032 1312 3114 qui,

213 3131 359 3196 homines
389 3155 463 3197 cum
493 3135 567 3212 sint,
593 3156 694 3218 coque
716 3135 821 3198 brutis
846 3135 970 3197 ratione
993 3141 1157 3217 praestcnt‚
1180 3155 1217 3196 ac
1239 3133 1314 3217 plus

213 3257 323 3319 sapere
347 3237 511 3316 deberent,
529 3259 630 3322 usque
649 3237 727 3300 adeo
744 3237 908 3321 desipiunt
924 3246 1044 3315 tamen,
1060 3244 1108 3315 ut,
1125 3258 1193 3300 non
1208 3238 1312 3316 aliter,

212 3339 254 3403 ad
275 3339 376 3419 brata
396 3363 493 3424 quam
514 3340 555 3404 ad
577 3341 762 3422 Mapistros,
779 3339 949 3423 ablegandi
972 3341 1038 3403 sint
1045 3367 1056 3418 3
1081 3360 1155 3403 cum
1180 3339 1313 3404 etseras

210 3442 375 3507 interdum
399 3444 487 3527 ipsae,
511 3442 573 3507 Dei
596 3452 690 3522 nutu,
712 3443 874 3507 feritatem
897 3452 1035 3519 exuant3
1059 3443 1115 3506 ubi
1129 3443 1313 3508 hominesa

212 3547 282 3611 Deo
305 3547 440 3611 humani
462 3547 539 3610 facti
571 3547 633 3629 ipsi
659 3547 693 3608 in
720 3546 803 3609 seras
831 3548 1035 3630 degenerant,
1061 3547 1203 3630 adeoque
1226 3547 1312 3612 feras

210 3648 296 3733 ipsas
310 3650 437 3713 feritate
452 3649 547 3731 longe
563 3657 724 3732 superant.

243 3828 253 3852 ⁶
272 3820 349 3884 [Bell.
361 3820 392 3871 de
405 3822 477 3871 Rom.
490 3822 563 3871 Pont.
581 3821 625 3871 lib.
638 3837 661 3873 v.
682 3837 735 3887 cap.
812 3821 823 3852 ‘¹
841 3822 892 3887 [Pa.
905 3821 984 3872 lxxiv.
998 3821 1091 3883 (lxxiii.
1104 3821 1191 3887 Vulg.)
1206 3823 1259 3887 12]

211 3885 234 3938 7.
252 3885 308 3949 Op,
324 3886 414 3936 tomi
432 3902 456 3950 p.
469 3889 523 3938 235.
538 3886 578 3950 G.]
