2880 4928
226 255 268 317 58
539 274 583 323 nn
603 244 794 322 ciaoiuuss
815 272 1014 322 saturamur

227 428 358 514 Cyrillo,
395 437 508 493 contra
542 430 759 494 Julianumr?
814 431 892 508 Ubi,
924 429 1057 515 perinde
1087 452 1107 493 a
1135 431 1327 495 Christianis

227 533 338 596 haberi
367 534 529 618 Martyres
559 556 633 598 suos
663 557 700 598 ac
729 535 798 618 pari
830 536 930 613 cultu,
966 535 1124 619 objiciunt
1153 534 1265 600 Celsus
1295 541 1328 598 et

228 624 387 713 inlisum,
403 659 440 700 ac
457 639 581 701 Heroas
604 660 623 701 a
644 638 822 717 Gentibus;
847 638 933 723 quod
953 639 1109 721 Origenes
1133 645 1165 701 et
1188 638 1328 722 Cyrillus

228 747 352 803 exserte
367 749 499 824 negant.
545 742 605 805 Sin
619 743 750 807 mallet:
773 764 812 806 ex
828 742 1007 806 Athanasio
1022 750 1135 806 contra
1148 741 1327 805 Arianosa:

139 888 142 896 ·
230 844 296 921 ubi,
335 844 408 908 ideo
445 845 611 909 Christum
652 847 814 910 convincit
852 868 921 910 esse
964 847 1080 925 Deum,
1117 845 1202 929 quod
1239 845 1328 908 invo-

230 956 331 1015 cetur.
389 950 511 1013 Praeter
534 951 640 1013 Deum
667 951 763 1029 enim,
790 971 809 1012 a
835 949 1027 1014 Christianis
1053 949 1216 1012 neminem
1239 949 1328 1012 invo-

229 1052 305 1116 cari.
351 1053 475 1116 Nervos
491 1055 563 1116 Mur
577 1075 680 1119 causac
695 1074 762 1119 suae
776 1052 918 1131 adderet,
930 1053 1004 1116 aine
1018 1060 1143 1116 erueret
1158 1052 1279 1135 aliquid
1294 1053 1329 1114 iu

228 1155 387 1220 rationem
413 1179 513 1220 suam.
560 1157 624 1221 Sed
647 1158 682 1220 in
707 1179 775 1221 rem
800 1178 891 1221 suam
915 1157 1047 1220 corrasit
1072 1156 1126 1219 hic
1150 1155 1329 1218 Rhetorum

230 1258 347 1341 figuras
371 1259 502 1343 aliquot,
526 1267 559 1322 ct
586 1261 758 1324 Oratorum
782 1259 875 1324 nobis
902 1260 1057 1323 Encomia
1081 1258 1235 1336 obtrudit,
1259 1279 1330 1342 quae

229 1363 312 1425 nihil
327 1363 447 1428 habent
463 1364 638 1426 enucleatae
657 1363 847 1445 Theologiae.
895 1362 983 1428 Quid
998 1362 1140 1425 faceret?
1174 1364 1329 1445 Suppete·

229 1466 308 1530 bant
323 1467 391 1529 haee
406 1467 483 1546 sola,
500 1467 620 1550 aliquid
637 1466 809 1530 Rhetorice
824 1467 947 1531 dictum
962 1465 1224 1543 forte‚nil1ilbac
1241 1465 1280 1528 de
1295 1488 1330 1529 re

229 1576 380 1635 statutum
394 1571 529 1653 repetit:
553 1570 715 1653 frigebant
730 1570 859 1653 penitus
875 1571 1109 1652 Theologorum
1126 1569 1286 1652 dogmata.

263 1726 287 1776 S.
296 1727 410 1775 Ambros.
421 1725 448 1774 in
459 1724 505 1774 lib.
513 1724 544 1774 de
552 1724 651 1774 Viduls.
685 1724 869 1782 ‘obsecrandt’
880 1725 972 1788 iuquit,
983 1724 1159 1787 ‘suntAngeli
1171 1724 1227 1790 [pro
1240 1724 1332 1788 nobis],

295 1811 339 1872 qui
351 1810 425 1859 nobis
436 1808 467 1859 ad
477 1808 625 1872 praesidium
641 1808 694 1858 dati
708 1813 776 1868 aaut,
788 1807 912 1871 Martyres
929 1807 1084 1866 obsecrandi,
1095 1822 1203 1870 quorum
1217 1807 1333 1856 ridemur

296 1892 369 1941 nobis
387 1890 515 1954 quoddam
534 1891 645 1954 corporis
668 1891 773 1954 pignore
791 1890 962 1954 patrocinium
979 1889 1116 1940 rindioare.
1159 1889 1268 1939 Possunt
1287 1904 1333 1953 pro

296 1974 507 2036 peccatisnostris
522 1988 617 2035 rogare,
628 1973 672 2035 qui
684 1973 785 2036 proprio
796 1971 919 2034 sanguine
930 1972 1007 2021 etiam
1019 1972 1097 2035 siquas
1111 1970 1180 2036 [qua]
1192 1971 1334 2020 habuerunt

296 2059 397 2120 peccata
412 2054 535 2116 lavenmt,
555 2053 735 2118 etc.''-[Bell.
759 2053 833 2116 Apol.
857 2068 902 2117 pro
922 2052 1006 2117 Resp]
1028 2067 1052 2117 p.
1073 2056 1111 2103 15.
1131 2051 1199 2116 [Op.,
1217 2056 1277 2101 tom.
1290 2052 1332 2100 rii.

296 2138 342 2186 col.
354 2138 410 2187 713.
422 2135 450 2186 O.
462 2135 506 2198 D.]

84 2260 185 2313 θεοποιί-
275 2256 407 2319 Poterat
424 2261 535 2316 tamen
554 2252 736 2317 Cardiualis
758 2250 798 2315 ab
819 2251 874 2314 illo
890 2250 1054 2314 Ambrosii
1072 2250 1143 2314 loco
1161 2249 1332 2328 abstinere,

81 2333 179 2440 Zilil
231 2379 291 2422 nec
306 2364 374 2420 tam
388 2356 479 2420 avide
495 2357 611 2419 citare:
634 2354 697 2418 nisi
713 2355 797 2438 quia,
813 2354 861 2436 (ut
871 2353 1020 2435 videtur‚)
1033 2375 1100 2416 non
1111 2353 1233 2416 invitus
1250 2355 1334 2416 sinet

81 2455 217 2532 stabim·
235 2462 352 2524 Christi
377 2460 557 2542 conperirem
583 2458 781 2543 superfluum
806 2457 927 2536 haberi,
946 2457 1054 2541 potius
1078 2479 1175 2540 quam
1202 2459 1335 2520 Saucius

81 2521 167 2584 Μ’]
232 2589 251 2628 a
266 2587 299 2627 sc
317 2586 383 2627 non
401 2562 550 2626 invocari.
597 2559 784 2644 Superlluus
804 2560 890 2623 enim
909 2567 995 2623 certe
1017 2561 1145 2643 οοιιριιὶς
1164 2561 1290 2637 Christi,
1307 2563 1335 2623 si

231 2690 289 2732 aaa
304 2672 436 2749 possunt
447 2671 581 2748 peccata
598 2665 760 2745 Martyres
776 2665 908 2745 proprio
928 2665 1078 2745 σσιιριιὶιισ
1091 2666 1215 2747 'locare
1263 2667 1335 2729 Quo

234 2795 274 2835 cx
303 2771 373 2834 loco
402 2770 494 2832 facile
522 2767 740 2852 deprehendet
767 2769 893 2846 Lector,
921 2768 1093 2832 Ambrosio
1117 2768 1221 2830 adhuc
1248 2769 1335 2831 Neo-

236 2877 337 2960 plryto
352 2875 506 2957 scriptum
522 2873 620 2936 fuisse
635 2872 754 2934 librum
768 2871 871 2947 illum,
892 2872 952 2953 (nti
967 2872 1029 2934 fuit
1045 2873 1219 2954 imprimis⁸
1231 2874 1249 2954 ι)
1277 2895 1336 2935 nec

236 2978 406 3041 mirabitur
425 2976 542 3059 (credo)
561 2976 596 3054 si,
614 2976 669 3059 qui
689 2977 801 3038 lavisse
816 2975 933 3038 diruit
949 2976 1113 3057 Μονὶρνεο
1134 2997 1192 3037 suo
1203 2983 1337 3056 peccata

230 3083 362 3166 proprio
382 3078 542 3162 scapulae,
558 3078 644 3142 idem
659 3078 745 3142 dicat
760 3078 924 3160 Martyres
938 3078 1152 3142 obsecrandos.
1196 3081 1242 3142 At
1258 3080 1336 3142 Am-

237 3184 341 3249 brosio
365 3183 442 3247 alibi
468 3204 559 3246 mens
583 3182 655 3261 alia,
676 3182 777 3265 magis
800 3190 949 3266 provecto
969 3184 1047 3266 jam,
1068 3182 1183 3245 melius
1206 3182 1336 3259 edocto;

237 3341 309 3383 ματα.
327 3319 494 3370 σνναῐσθοντιει
509 3320 557 3384 ’γιῖρ
573 3322 622 3368 τοῖν
638 3319 707 3381 ἀξίαν
723 3321 767 3368 τοῦ
810 3318 842 3367 vi.
857 3317 885 3367 Β.
896 3333 919 3382 ρ.
932 3321 987 3368 203.
1005 3317 1036 3368 D.
1044 3317 1086 3381 E]

237 3388 299 3448 παρὰ
316 3389 360 3435 ποῖ
370 3389 432 3435 Θεοιῖ
443 3386 589 3447 εὖμενισμοῦ·
601 3387 640 3436 καὶ
656 3387 684 3434 οὐ
694 3383 767 3446 μόνον
842 3393 853 3425 θ
870 3385 924 3450 [Διὸ
938 3386 976 3434 καῖ
989 3382 1110 3442 διηκόνουν
1121 3384 1184 3446 αὐτῷ
1195 3385 1218 3433 οῖ
1228 3383 1338 3446 ἄγγελοι,

238 3454 276 3501 καὶ
293 3453 360 3501 αὐτοὶ
376 3452 482 3509 ειῖμενεῖς
496 3454 548 3501 τοῖς
563 3448 635 3512 α’ξθοις
652 3449 766 3511 γίνονται,
810 3451 841 3499 ὥς
852 3451 920 3511 ἄλλῳ
935 3450 988 3507 παρ’
1008 3449 1093 3499 αὐτοὺς
1111 3447 1169 3497 ὔντι·
1186 3451 1224 3499 καῖ
1240 3469 1338 3512 τροσκυ

237 3519 303 3567 ἀλλὰ
315 3518 354 3566 καῖ
362 3516 541 3577 συμπρόττσυσι
551 3518 601 3566 τοῖς
612 3514 766 3573 βουλομένοις
810 3517 885 3563 νεῖται
894 3517 947 3578 παρ’
956 3515 1040 3573 αὐτοῖν,
1047 3513 1095 3575 οὐχ
1105 3515 1135 3563 ὡς
1146 3518 1177 3579 τῇ
1185 3514 1239 3579 δόξῃ
1246 3513 1338 3574 μείζων,

238 3582 282 3632 τὸν
292 3583 331 3630 ἐπὶ
342 3584 400 3631 τοῖσι
415 3582 477 3630 Θεθν
493 3587 518 3630 θε
533 3578 635 3640 απεθειν,
653 3582 691 3629 καῖ
706 3581 767 3640 decu
810 3579 865 3628 ἀλλ’
877 3581 907 3628 ὡς
917 3581 994 3629 ἄλλος
1005 3578 1067 3641 παρὰ
1079 3578 1157 3627 πάντα
1168 3577 1200 3627 τὰ
1211 3578 1338 3637 κτίσματα,

237 3646 381 3708 μένιζονται,
397 3646 437 3696 καὶ
449 3664 615 3707 συνευχονται,
627 3646 666 3695 καῖ
678 3650 766 3705 συνσξι-
810 3645 851 3694 καὶ
867 3646 920 3708 παρ’
930 3644 1033 3693 ἐκείνους
1048 3646 1087 3702 ὢν,
1099 3644 1169 3702 μόνος
1184 3644 1225 3693 καὶ
1239 3645 1282 3692 τοιῖ
1300 3663 1340 3691 πα-

239 3715 312 3761 οῦσιν·
324 3709 388 3760 ὥστε
398 3713 492 3776 τολμᾷν
503 3712 563 3770 ἡμεῖς
572 3709 662 3771 λέγειν,
676 3707 714 3759 ὅτι
726 3710 765 3757 dr·
810 3710 865 3766 τρὸς
874 3711 932 3759 ἴδιος
943 3710 975 3757 ὢν
986 3710 1040 3758 κατ’
1048 3710 1131 3757 atvar
1143 3708 1189 3758 υῖθς
1201 3744 1206 3756 .
1219 3743 1225 3754 .
1239 3709 1340 3756 ,οὐκοῦν

239 3776 344 3835 θρώποις,
355 3777 416 3835 μετὰ
428 3774 585 3839 προαιρέσεως
594 3774 768 3833 προτιθεμένοις
811 3776 872 3822 Θεοῦ
892 3775 944 3823 ἔστι
956 3775 1028 3833 μόνου
1047 3773 1075 3821 τὸ
1094 3774 1283 3830 προσκυνεῖσθαι,
1301 3776 1339 3819 καὶ

238 3841 269 3889 rd
282 3842 414 3901 κρείττονα,
427 3839 563 3902 εὐχομένοις
573 3843 607 3901 τῷ
616 3842 675 3901 Θεῷ,
691 3837 769 3899 μυρίαι
811 3842 884 3887 τοῦτο
895 3840 961 3887 ἴσασι
973 3839 1011 3887 καῖ
1021 3837 1086 3887 αὐτοὶ
1095 3838 1118 3884 oi
1127 3835 1236 3897 ἄγγελοι,
1248 3838 1283 3884 ‘o'rr
1295 3836 1341 3900 κᾲν

238 3904 294 3953 ὅσαι
305 3906 408 3963 ἄκλητοι
419 3902 577 3965 συνεύχονται
588 3904 693 3964 δυνάμεις
702 3902 767 3963 ἱεραί.
812 3905 953 3953 ἄλλωνταῖς
961 3904 1036 3965 δόξαις
1044 3899 1197 3964 ὑπερέχουσιν,
1204 3901 1269 3950 ἀλλὰ
1277 3906 1340 3950 κτίσ-

239 3970 308 4031 Orig.
319 3974 397 4018 contr.
411 3969 473 4018 Cels.
483 3969 588 4018 librili.
597 3974 656 4018 sect.
666 3970 705 4017 64.
714 3966 768 4030 Op„
812 3988 877 4028 ματα
888 3967 975 4017 πάντες
987 3967 1042 4024 εῖσΙ,
1054 3967 1092 4015 καῖ
1104 3968 1146 4014 οὐκ
1156 3965 1202 4015 elol
1213 3970 1261 4014 τῶν
1271 3985 1341 4026 προσ·

239 4039 300 4082 tom.
314 4034 329 4081 i.
341 4049 366 4096 p.
379 4033 433 4083 789.
452 4032 520 4082 ΠΕ.
530 4033 572 4097 R]
813 4033 966 4092 κυνουμένων,
994 4031 1059 4081 ἀλλὰ
1078 4033 1126 4079 τῶν
1150 4031 1342 4094 προσκυνούντων

272 4099 412 4161 Ι’[Τοόςγε
422 4099 470 4158 μὴν
485 4098 566 4158 ἁγίους
575 4095 701 4162 μάρτυρας,
714 4095 769 4147 οὔτε
812 4099 857 4148 τόν
879 4094 1197 4163 Δεσπθτην.-8.Αθῖιοη.]
1227 4095 1295 4143 Orat.
1314 4096 1340 4143 ii.

240 4163 305 4213 θεοὺς
322 4162 379 4212 εῖναι
392 4163 478 4226 φαμὲν,
488 4166 541 4212 οὔτε
552 4166 693 4225 προσκυνεῖν
701 4162 769 4212 ‘tetc-
815 4163 915 4226 [rontra
932 4161 1025 4209 Ariau:
1046 4163 1104 4208 sect.
1121 4162 1159 4208 23.
1177 4162 1232 4223 Op,
1251 4165 1310 4208 tom.
1325 4162 1340 4208 i.

239 4235 306 4288 μεθα,
317 4231 479 4290 λαπρευτικοῖς
491 4229 610 4286 δηλονότι,
619 4229 684 4277 ἀλλὰ
699 4246 769 4289 σχετ·
812 4243 836 4291 p.
849 4229 904 4276 491.
922 4227 954 4274 Α.
967 4224 1005 4289 0.]

241 4294 294 4343 ικῶς
322 4294 361 4342 καὶ
388 4293 524 4355 τιμητικυῖς.
553 4296 719 4356 περανοῦμεν
743 4293 768 4340 δὲ
846 4290 1010 4355 ¹[S.A1nbr.
1028 4288 1058 4339 de
1075 4289 1134 4338 Vid.
1152 4304 1204 4351 cup.
1221 4290 1255 4338 lx.
1272 4291 1341 4349 (sect.

239 4361 336 4418 μᾶλλον
357 4361 410 4409 ταῖς
430 4357 542 4407 ἀνωτάτω
562 4361 649 4419 τιμαῖς,
671 4359 701 4408 ὥς
727 4359 771 4414 τῆς
814 4358 863 4420 55.)
874 4358 929 4419 Op,
939 4356 1034 4404 lamii.
1047 4355 1157 4404 colret.
1168 4355 1193 4402 ll.
1204 4355 1243 4417 R]

241 4423 352 4482 ἀληθείας
368 4425 482 4484 γενναίως
493 4422 769 4486 superavimus-S·
846 4430 855 4451 ⁸
872 4422 933 4486 [llic
943 4421 1008 4470 liber
1019 4420 1068 4470 luit
1076 4421 1191 4483 scriptus,
1199 4435 1218 4467 c.
1227 4436 1275 4469 sn.
1286 4422 1341 4472 377.

242 4488 297 4550 Cpr.
310 4489 384 4538 Alex.
393 4494 470 4539 contr.
480 4488 531 4538 Jul.
544 4489 586 4538 lib.
600 4489 634 4538 ri.
646 4487 701 4551 Op,
710 4493 769 4536 tom.
813 4501 861 4536 sor.
873 4487 911 4536 ed.
925 4485 1032 4548 Besal]
