2910 4926
251 250 296 312 36
561 265 606 313 ia
626 265 818 315 emmunim
839 267 1040 315 nnmnnumr

252 417 366 483 secisse
389 417 577 497 rideantur3
599 440 642 483 ne
664 419 774 484 saenat
799 420 835 484 in
857 441 912 484 eoa
927 422 1041 500 Turoa,
1058 421 1099 484 ad
1118 422 1234 486 Gentis
1254 421 1355 484 inter-

253 522 433 587 necionem.

285 633 335 684 Sed
346 648 427 697 neque
441 648 493 683 nna
509 637 548 683 eet
559 633 622 684 fides
634 633 844 694 Lutberanornm,
861 634 905 685 sed
922 636 1012 684 multae
1023 641 1099 698 atque
1110 636 1172 686 adeo
1185 637 1253 685 inter
1262 651 1289 684 se
1300 650 1357 684 con·

318 717 412 776 traria,
423 721 452 765 nt
462 716 521 766 ulio
531 716 594 765 alins
606 715 737 767 baeretioaa
747 718 952 784 vocent—[Bell.
965 720 1041 783 Apol.
1052 735 1097 783 pro
1110 719 1194 783 llesp.]
1211 735 1236 783 p.
1249 722 1270 768 9.
1285 719 1357 784 [Op.,

317 799 430 847 tomrii.
443 797 489 847 eol.
502 799 557 849 709.
571 797 615 862 Ι).]

297 889 409 972 atqui,
424 888 510 952 inter
524 910 582 952 noa
596 889 692 973 ipsos,
709 889 764 974 qui
785 891 992 955 reformatam
1009 892 1211 975 Religionem
1226 893 1356 975 profite-

255 1015 338 1071 mur,
354 1002 518 1076 uteunque
534 993 689 1076 quosdam
708 995 831 1078 ingenii
846 996 952 1059 servor
968 995 1064 1080 paulo
1080 995 1198 1079 abripit
1218 996 1355 1078 longius,

256 1105 290 1161 et
308 1098 357 1178 (ut
370 1096 406 1158 in
419 1118 609 1180 paroxysmo
624 1097 693 1160 fieri
708 1098 836 1180 assolet)
851 1107 1012 1181 augentur
1026 1121 1077 1162 res
1093 1120 1190 1182 supra
1205 1099 1356 1161 modum:

255 1208 367 1263 tamen
381 1199 456 1262 lites
477 1220 543 1263 noa
564 1208 649 1278 sunt,
666 1201 774 1284 qualos
789 1201 876 1264 videt
893 1201 1075 1265 Cardinalis
1097 1222 1155 1285 per
1175 1201 1354 1265 somnium:

257 1326 318 1368 nee
332 1304 413 1368 tales
428 1304 536 1382 etiam,
553 1303 640 1387 quin,
655 1303 712 1367 ubi
733 1304 892 1369 deferbuit
911 1305 998 1368 calor
1018 1304 1082 1382 ille,
1099 1303 1266 1368 commode
1282 1326 1357 1368 eon-

256 1409 358 1473 eilimi
372 1429 465 1492 posse
480 1429 552 1493 apes
567 1408 619 1470 sit.
650 1407 762 1471 Fidem
777 1417 886 1471 autem
902 1430 1001 1470 unam
1017 1408 1157 1471 retinere
1172 1430 1232 1470 nos
1247 1416 1358 1471 tamen

258 1513 504 1577 Confessionum
519 1520 702 1575 nostrarum
716 1512 895 1575 Harmonia
906 1511 984 1574 satis
1000 1512 1071 1594 ipsa
1086 1533 1142 1594 per
1157 1533 1190 1574 se
1205 1511 1356 1593 loquitur.

145 1638 192 1706 29
291 1647 368 1699 fider
378 1648 520 1711 Anglornm
532 1647 564 1697 de
581 1648 692 1712 primatu
703 1647 781 1710 Regis
791 1648 820 1697 in
830 1648 1005 1712 apiritmlibua
1015 1647 1078 1697 adeo
1092 1647 1222 1698 Catholioa
1239 1647 1291 1698 diei
1308 1663 1360 1696 non

325 1737 417 1797 potet,
433 1737 511 1781 utne
529 1731 604 1780 unius
624 1731 726 1793 quidem
747 1730 829 1794 Regni
846 1731 909 1781 lidos
927 1731 979 1780 dici
994 1731 1083 1795 poesit,
1103 1746 1161 1780 eum
1181 1732 1209 1780 in
1227 1731 1361 1781 Britannia

324 1829 418 1878 magno
433 1814 467 1863 ait
481 1812 619 1863 multitudo
632 1813 819 1876 Puritanornm,
833 1815 877 1877 qui
890 1813 1023 1863 Calvinum
1040 1818 1166 1864 auctorem
1179 1816 1258 1863 secuti
1270 1815 1360 1878 prima·

323 1900 380 1947 tum
390 1895 592 1945 Bcelesimtieum
605 1910 656 1946 non
667 1894 699 1945 ad
711 1895 805 1959 Regem
817 1895 860 1946 aed
872 1895 903 1945 ad
915 1895 1036 1946 Senatum
1046 1896 1222 1945 Ministroram
1235 1898 1361 1961 pertinere

324 1977 480 2029 contendant
492 1997 520 2018 =

96 2074 206 2141 [Regino
303 2072 360 2150 At,
375 2079 504 2154 recepta
517 2069 603 2154 apud
617 2092 677 2134 nos
692 2069 854 2134 sententia
867 2072 906 2133 de
914 2073 1056 2152 primata
1067 2072 1165 2153 Reqio
1181 2071 1359 2153 (nonenim

93 2142 219 2207 'mm
252 2175 345 2258 fides,
361 2185 399 2241 ut
420 2183 526 2240 restra
545 2176 585 2240 de
600 2175 778 2257 Pontificio,
794 2176 910 2239 veritas
928 2175 1067 2258 quidem,
1084 2175 1141 2238 sed
1162 2182 1253 2238 extra
1266 2176 1359 2257 Sym-

94 2269 173 2336 n¹¹⁶³]
258 2279 392 2362 bolum)
410 2281 491 2344 adeo
508 2302 573 2344 non
592 2280 657 2344 late
679 2287 779 2364 patet,
794 2279 845 2342 rel
863 2281 912 2360 (ut
930 2279 959 2342 ei
978 2278 1067 2362 loqui
1088 2277 1179 2359 libet)
1200 2279 1359 2341 Orthoura

257 2406 319 2448 noa
338 2391 394 2462 eet,
409 2390 445 2447 ut
459 2406 515 2448 aee
535 2386 627 2448 naiaco
643 2386 686 2448 eit
700 2385 811 2467 Reyai.
867 2384 965 2462 Nam,
981 2391 1014 2447 et
1035 2382 1119 2466 apud
1139 2404 1198 2447 noa
1216 2404 1359 2465 maynerii

257 2488 483 2552 multitudinem
507 2487 665 2572 perhibet,
689 2509 760 2572 quae
784 2487 919 2550 Senatui
939 2487 1177 2565 Ministrorum,
1198 2508 1259 2549 non
1280 2488 1359 2569 Reyi

251 2595 376 2677 primos
399 2591 530 2674 deserat.
585 2591 708 2659 Quodsi
733 2591 856 2655 deferre
880 2590 929 2652 faa
954 2589 1118 2654 cardinali
1139 2592 1358 2674 juramentum

258 2696 438 2775 calumniae,
454 2717 520 2760 non
535 2696 604 2760 baee
618 2696 664 2759 ita
679 2694 840 2759 scriberet.
882 2693 1000 2756 Putida
1015 2693 1100 2755 enim
1116 2693 1185 2756 haec
1200 2693 1361 2755 calumnia

258 2810 317 2867 ost.
363 2799 567 2885 Presbyterio
583 2800 666 2863 forte
687 2798 728 2862 lis
750 2805 800 2862 est
821 2818 896 2860 cum
915 2797 1089 2880 Episcopis,
1109 2798 1304 2879 (quanquam
1329 2805 1361 2859 et

260 2904 315 2969 illa
323 2904 394 2988 jam
409 2903 543 2981 refrixit,
554 2901 716 2968 cardinali
731 2899 902 2985 praeierunt
916 2899 1009 2978 iiam,
1022 2906 1262 2981 recoyaoeerant
1274 2921 1360 2963 erro-

260 3031 329 3074 mm
352 3009 386 3072 in
408 3029 447 3073 eo
470 3008 596 3089 suum:)
630 3028 705 3071 eum
732 3006 822 3088 Rege
845 3003 935 3067 nulla
959 3010 1019 3066 est.
1065 3003 1248 3086 Utrobique
1279 3004 1360 3086 Regi

260 3112 404 3177 defertur
418 3111 522 3175 ultro:
545 3109 707 3193 utrinque,
724 3107 807 3190 qaod
823 3107 954 3169 Caesoria
969 3111 1024 3181 eat,
1044 3106 1160 3168 Caeaari
1174 3106 1345 3168 redditura.

293 3258 321 3279 ==
332 3238 452 3290 Culrinua
463 3237 610 3295 onim,lnat.
622 3239 677 3286 tt
691 3236 753 3300 [leg.
762 3235 799 3299 a]
813 3236 874 3296 59..
886 3269 893 3282 .
904 3233 963 3292 ‚ait,
976 3232 1001 3281 N
1003 3247 1065 3296 oque
1078 3232 1160 3281 ullam
1171 3231 1301 3281 hominem
1310 3231 1362 3281 diei

324 3320 414 3372 debera
426 3320 508 3386 Caput
519 3319 648 3377 helesiae,
659 3334 710 3369 non
721 3317 802 3368 nolum
814 3316 961 3381 principale,
973 3314 1017 3364 aed
1027 3329 1108 3378 neque
1120 3313 1307 3364 ministeriale&

305 3432 381 3495 l‘ost
407 3438 528 3508 autem,
553 3427 721 3494 Calvinum
748 3424 924 3490 committit
947 3422 1125 3502 nobiseum,
1154 3445 1233 3506 quos
1258 3422 1362 3487 Calvi-

292 3594 301 3625 !
333 3584 423 3635 matth.
435 3584 499 3634 xxti.
511 3584 550 3633 91.
830 3579 934 3628 nomine
950 3582 1133 3641 totuaregnet;
1150 3578 1274 3628 aedislud
1294 3578 1360 3626 nihil

292 3660 301 3683 ⁸
335 3658 350 3677 ¹·
360 3649 443 3699 llabet
460 3648 529 3697 enim
546 3647 591 3697 ila
610 3648 652 3707 (aa.
666 3644 786 3707 Ecclesia)
831 3645 937 3703 obstare,
944 3644 1079 3706 quominus
1087 3643 1134 3692 sab
1144 3645 1198 3705 ipso
1207 3645 1241 3691 sit
1251 3643 1360 3691 altorum

259 3716 391 3765 viritutum
414 3714 517 3762 uuit-um
540 3725 613 3760 enum
642 3716 726 3774 capnt,
742 3710 789 3758 arab
831 3706 1359 3793 caputminiaterialelntloquuntur)quod

259 3779 789 3895 tlt,tltltttttttttttt
830 3776 1185 3901 tetbaldum,
1206 3770 1360 3898 ttulit:

258 3916 283 3959 et
307 3923 361 3958 eoru
414 3906 486 3956 »lium
508 3906 614 3954 fomlam
636 3918 712 3967 quam
733 3905 786 3967 inse
830 3901 987 3951 ostenderint
996 3902 1220 3951 hooministeriam
1233 3901 1359 3949 achriato

260 3973 360 4039 eruceri
404 3976 421 4019 t
457 3968 586 4032 lanigaem
609 3969 695 4032 itaque
723 3969 786 4031 inju·
829 3982 882 4017 ease
899 3967 1051 4016 ordinatum.
1084 3966 1221 4028 Apostolus
1237 3967 1305 4015 enim
1325 3970 1360 4013 to·

260 4040 322 4089 rimu
343 4038 363 4088 t?
382 4037 443 4086 rislo
460 4034 564 4094 faciunt,
584 4048 662 4097 quam
679 4048 708 4083 eo
725 4048 786 4096 praa
830 4038 883 4082 tam
905 4031 1164 4081 subministrationem
1182 4045 1227 4093 per
1245 4031 1359 4079 membra

260 4110 332 4153 teitu
345 4101 434 4151 rolant
449 4099 578 4149 bominem
590 4114 670 4148 unum
681 4113 787 4161 prteesae
830 4097 947 4146 diffusam
965 4111 1018 4146 esse
1035 4096 1116 4154 docet,
1127 4096 1248 4144 virtutem
1263 4096 1294 4144 ab
1309 4111 1359 4143 uno

262 4168 379 4219 limitato
399 4165 530 4217 universae.
566 4165 608 4213 uia
629 4163 683 4213 haro
705 4164 787 4226 eapite
830 4160 1283 4223 illoeoaleatieapitefluere.”-Calr.
1296 4160 1360 4208 inat.

259 4245 405 4284 ceremon
434 4229 503 4279 omit
537 4230 653 4278 Oriatua
670 4230 738 4277 enim
750 4243 788 4277 ea·
830 4227 874 4276 lib.
887 4228 921 4275 ir.
933 4241 985 4288 cap.
996 4229 1075 4286 ⁶·l9·
1089 4225 1144 4287 Op,
1156 4230 1217 4274 tom.
1228 4226 1261 4272 ix.
1272 4240 1295 4288 p.
1304 4229 1360 4272 296.

259 4304 307 4363 put
318 4304 369 4347 eat.
379 4332 400 4347 ..
415 4244 467 4345 l'oe
479 4308 519 4344 mo
525 4294 596 4351 latet,
603 4293 665 4357 qaid
672 4294 785 4343 cauillari
829 4298 855 4342 et
863 4291 924 4340 ibid.
934 4297 946 4353 5
955 4293 994 4350 10,
1003 4291 1036 4353 (p.
1045 4291 1111 4353 297.)
1120 4294 1135 4316 ‘⁴
1145 4290 1201 4338 lllie
1210 4289 1284 4352 (llplr.
1293 4291 1325 4338 ir.
1336 4292 1360 4351 4)

259 4362 366 4419 wirunt,
394 4373 472 4425 orium
504 4358 551 4408 boe
578 4359 632 4408 illia
659 4358 786 4421 objicitur,
829 4357 928 4406 nullum
936 4355 1102 4405 ministeriale
1113 4361 1188 4419 eaput
1196 4354 1308 4419 (Paulus.
1316 4358 1359 4420 se)

260 4428 391 4477 tibrlatam
412 4423 510 4474 seilicet
520 4424 621 4488 propria
632 4423 715 4472 vocari
734 4424 787 4470 uni·
829 4420 1047 4483 commemoraw]

259 4504 317 4543 aaut
325 4488 476 4557 eupatqalo
487 4503 532 4539 aua
538 4488 687 4539 auctoritate
694 4501 788 4550 auoque
