2910 4926
467 277 652 327 aroaoomu
673 276 855 326 nasoonsio.
1170 259 1214 322 49

112 428 250 511 prolixas
259 429 409 494 Actiones
423 431 593 516 interjecta
608 438 704 507 sunt3
721 451 781 494 neo
796 430 953 492 Catonum
961 427 1027 490 vim
1042 427 1212 502 obtinent;

113 532 171 596 sed
191 554 279 596 nuno
298 533 358 612 his,
374 555 462 598 nunc
476 535 550 613 illis,
566 534 669 598 obiter
683 534 768 597 inter
783 530 1026 615 disceptandum
1041 530 1211 594 excidunt:

111 634 261 718 iniquum
277 645 362 700 esset
376 646 494 720 petere,
510 645 548 700 ut
563 636 689 720 singula
704 635 854 719 suscipiat
870 634 949 717 quis,
965 654 1026 698 nec
1044 633 1129 696 hano
1152 633 1213 697 sibi

111 739 218 821 legem
249 739 428 803 cardinalis
462 740 549 823 (scio)
580 740 712 804 diceret.
759 737 881 805 Quanti
908 744 1017 801 autem
1043 735 1125 799 illud
1150 745 1211 814 est,

113 843 200 924 quod
214 843 290 907 inde
306 844 428 926 profert
449 865 506 926 per
527 841 660 929 ὕστερον
674 838 851 928 πρότερονῗ
896 842 974 905 Non
992 849 1042 904 est
1065 840 1152 905 enim
1167 840 1213 904 ibi

113 945 284 1029 quicquam
312 948 473 1009 statatum
496 947 683 1025 haedere,
708 965 747 1009 cx
769 946 903 1007 Petrum
920 945 1053 1029 judicio.
1098 944 1212 1011 Aecla-

112 1049 212 1113 matio
237 1071 275 1113 ea
288 1058 417 1114 tantum
433 1058 491 1114 est.
537 1051 760 1115 Acclamatum
776 1070 850 1112 vero
865 1049 961 1111 etiam
977 1049 1107 1133 paritati
1125 1050 1212 1112 Con-

112 1153 389 1237 stantinopolitani
423 1176 497 1218 oum
535 1156 692 1232 Romano,
719 1175 738 1216 a
768 1152 918 1216 Patribus
944 1152 990 1215 ibi
1018 1152 1211 1217 universis&

113 1254 229 1336 quibus
248 1265 360 1322 tamen
382 1258 532 1323 omnibus
548 1257 727 1322 cardinalis
750 1257 838 1340 (scio)
856 1255 1053 1320 reclamabit.
1101 1257 1154 1321 Sic
1177 1278 1212 1320 se

111 1378 164 1421 res
186 1359 310 1424 habuit.
355 1362 408 1427 Ad
428 1361 572 1426 Flaviani
592 1361 791 1425 mentionem
813 1359 917 1423 obiter
938 1358 1066 1437 factam,
1088 1360 1212 1442 (quiin

112 1462 275 1546 Ephesina
289 1466 438 1546 secunda,
455 1467 625 1552 λῃστρικῇ,
642 1487 743 1530 caesus
767 1464 881 1542 suerat,
898 1462 976 1526 dum
996 1471 1110 1527 contra
1132 1465 1211 1528 Dio·

112 1586 239 1631 scorum
257 1569 322 1632 vim
346 1569 421 1632 fidei
445 1569 616 1633 facientem
635 1590 668 1633 se
692 1567 877 1651 opponeret)
896 1567 1106 1629 acclamatum
1126 1575 1175 1631 est
1193 1590 1212 1631 a

113 1669 275 1749 Patribus,
288 1672 457 1734 Flavianae
465 1677 540 1753 poet
554 1678 684 1734 mortem
697 1671 783 1733 uiuit.
816 1669 948 1750 Μανίῳ
956 1690 1018 1750 pro
1033 1670 1120 1732 nobie
1134 1676 1211 1733 oret.

117 1773 183 1853 (Sic
203 1774 289 1836 enim
307 1774 405 1838 habet
423 1774 532 1837 Editio
553 1773 732 1838 Cardinalis
756 1772 842 1855 prior
853 1772 871 1853 :)
903 1772 1034 1852 Mortyr
1045 1793 1108 1853 pro
1124 1773 1214 1835 nobie

112 1882 194 1940 orat.
234 1878 287 1941 Sic
301 1877 467 1960 posterior.
506 1876 912 1959 Martyrpooaobisorat?
946 1874 1027 1940 Quis
1042 1875 1075 1937 id
1090 1875 1212 1957 negati

115 1979 179 2043 Sed
203 1987 245 2058 et,
261 1981 394 2062 Martyr
411 2002 473 2062 pro
495 1981 582 2045 nobie
605 1986 681 2058 oret,
699 1978 776 2062 quid
799 1978 839 2041 ad
861 1978 953 2041 rem?
1013 1979 1130 2059 Optare
1150 1978 1213 2041 hoo

112 2085 243 2168 quidem
258 2093 317 2164 cst,
332 2086 483 2149 Iaoocare
496 2107 563 2149 non
579 2094 637 2163 ost,
658 2086 743 2162 Oret,
758 2092 869 2147 votum
885 2090 943 2161 ost,
959 2103 1026 2144 non
1040 2081 1210 2144 Iaoocatio.

112 2191 233 2259 Votum
265 2198 391 2255 autern:
424 2199 461 2256 ut
484 2199 574 2275 optet
604 2190 674 2273 quis
705 2189 835 2267 seilicet,
860 2187 900 2251 do
929 2187 1036 2270 aliquo
1066 2186 1153 2270 quid,
1176 2188 1212 2250 in

111 2295 244 2358 remotis
260 2303 385 2378 agente,
400 2317 461 2359 neo
476 2295 553 2378 quid
567 2301 657 2377 optet
672 2293 823 2356 audiente
844 2292 945 2375 (quasi
961 2292 988 2354 si
1004 2291 1117 2371 dicam,
1133 2292 1211 2356 Car·

112 2397 228 2461 dinalis
253 2399 384 2477 amant,
400 2398 586 2482 priusquam
602 2397 737 2480 deficiat)
756 2397 824 2460 fieri
842 2396 875 2459 id
900 2395 1029 2478 quidem
1044 2403 1161 2478 potest,
1176 2395 1212 2458 iu

111 2522 201 2565 more
216 2504 354 2584 positum
370 2509 429 2579 est,
445 2522 505 2564 nec
520 2500 632 2582 religio
647 2499 713 2562 ulla
727 2499 871 2582 impedit.
925 2499 1034 2561 Votum
1054 2499 1208 2581 (inquam)

111 2627 178 2668 non
192 2605 363 2669 Invocotio.
387 2606 429 2669 In
442 2605 596 2688 Legenda
606 2612 720 2682 vestra,
732 2604 875 2687 jactatus
889 2604 1016 2667 inmari
1032 2604 1102 2667 Rex
1119 2605 1210 2667 Hen-

110 2709 197 2771 rieus
221 2708 309 2792 gravi
334 2708 481 2791 procella,
507 2708 544 2770 in
566 2707 651 2770 hanc
673 2727 784 2770 vocem
810 2706 935 2790 erupit:
963 2707 990 2768 O
1014 2708 1043 2768 ai
1065 2709 1211 2789 vigilaret

110 2832 192 2874 aare
209 2813 438 2875 Carttuoieaete
452 2812 555 2893 Hupa
571 2816 602 2873 ot
623 2831 681 2891 pro
702 2811 790 2873 nobie
798 2832 910 2892 procer
920 2810 1071 2892 suadem!
1078 2821 1102 2874 ¹¹.
1138 2811 1211 2874 Neo

109 2916 268 2980 invocavit
283 2924 393 2980 tamen
410 2916 594 2998 Hugouom‚
608 2914 663 2997 qui
682 2922 753 2977 tum
775 2914 810 2977 in
830 2915 918 2993 vivis,
934 2936 971 2978 ac
990 2915 1024 2977 in
1045 2916 1125 2979 cella
1140 2937 1208 2995 sua,

109 3021 178 3085 voti
190 3021 282 3104 Regii
297 3021 436 3104 ignarae.
470 3018 570 3084 Aliud
585 3039 671 3101 crgo,
685 3019 811 3081 Votum:
828 3018 925 3097 aliud,
942 3019 1119 3083 Invocatto:
1137 3041 1208 3102 quae

109 3132 180 3187 tum
193 3124 323 3188 demum
335 3124 381 3202 fit,
395 3144 468 3187 cum
481 3121 570 3205 quasi
582 3127 774 3205 praesentem
786 3121 856 3205 quis
865 3143 1005 3205 praesens
1017 3123 1205 3205 compellat;

110 3235 144 3292 et
159 3229 335 3293 orationem
350 3235 438 3292 recta
453 3227 493 3290 ad
509 3226 694 3290 audientem
710 3226 829 3310 dirigit,
847 3228 931 3310 quod
947 3228 1012 3292 fere
1024 3230 1061 3292 fit
1072 3229 1207 3292 vocandi

109 3354 206 3395 casu:
242 3332 307 3394 Ora
333 3332 465 3412 Martyr
482 3351 544 3412 pro
570 3330 667 3393 noba.
712 3329 965 3393 Intereeaeioaem
989 3331 1071 3394 forte
1089 3331 1206 3415 juvant

109 3437 188 3514 liaec,
202 3457 297 3518 quam
309 3436 428 3516 ocoepat
438 3433 635 3497 cardinalis:
650 3432 879 3495 Iaoocatioaem
895 3455 960 3497 non
971 3435 1097 3517 juvant,
1110 3457 1206 3517 quam

111 3542 181 3604 Rex
201 3540 298 3604 dedit.
343 3542 389 3603 At
413 3539 453 3601 de
477 3538 541 3615 illa,
567 3559 656 3620 spem
680 3536 798 3600 bonam
822 3537 939 3602 habore
965 3560 1024 3602 nos
1036 3566 1045 3618 3
1069 3540 1109 3604 de
1135 3540 1205 3619 hac,

103 3650 292 3727 preceptum
306 3643 369 3707 Dei
383 3664 450 3707 non
464 3642 592 3719 habere,
608 3641 643 3704 in
660 3640 806 3704 confesso
822 3650 882 3705 est.

140 3771 175 3821 Et
196 3773 224 3821 in
243 3771 356 3834 Epistola
378 3771 559 3834 Episcopomm
582 3767 689 3830 Europae
710 3767 743 3817 ad
766 3766 876 3817 Leonem
898 3768 990 3833 lmper.
1015 3786 1072 3834 quae
1094 3775 1207 3834 tompore

173 3854 283 3917 ejusdem
295 3853 404 3902 Concilii
417 3852 512 3914 scripta
527 3856 573 3900 est.
609 3849 814 3899 ‘Sanctissimum
826 3865 885 3900 vero
897 3850 1038 3901 Proterium
1048 3854 1077 3902 in
1088 3852 1170 3903 cnoro
1181 3858 1208 3902 et

172 3935 300 3985 inordina
318 3935 343 3984 S.
354 3934 496 3996 Martyrum
509 3932 634 3996 ponimus,
650 3935 676 3980 ot
691 3931 745 3994 ejus
760 3932 964 3983 intercessionem
978 3934 1165 3985 misericordem
1180 3940 1207 3984 et

138 4114 146 4144 ¹
164 4112 204 4177 [Ol
222 4106 400 4165 ea'tafldararot
416 4107 542 4157 inlexerat
557 4106 630 4167 ἐβόη-
675 4108 743 4156 ensis
767 4105 844 4167 Hugo
865 4119 942 4163 meus,
961 4107 982 4156 el
1002 4108 1104 4158 seeretis
1126 4108 1207 4156 inten-

105 4192 157 4226 σαν
176 4177 237 4234 αὕτη
253 4174 332 4224 δικαία
348 4175 433 4235 ψῆφος·
450 4173 527 4222 ταῦτα
544 4170 633 4223 πάντες
676 4172 746 4221 deret
758 4170 832 4219 modo
843 4172 967 4233 precibus,
984 4173 1006 4221 ei
1017 4187 1075 4221 eum
1087 4172 1206 4221 fratribus

104 4242 218 4303 λέγομεν·
247 4241 325 4288 ταῦτα
343 4240 417 4287 πᾶσιν
438 4235 540 4300 ἀρέσκει.
573 4235 633 4295 αὕτη
677 4234 835 4285 suindivinia
852 4235 1155 4295 interesaelofficilu‚n0n
1168 4237 1206 4284 ila

104 4306 182 4356 δικαία
193 4303 276 4364 κρίσις,
287 4322 309 4351 κ.
319 4322 341 4350 τ.
350 4300 478 4351 ἑ.-Οοιιο.
492 4301 561 4350 Chal.
576 4304 633 4350 Aet
678 4301 706 4349 in
722 4301 827 4360 longum
844 4302 895 4349 mci
915 4300 1104 4350 oblivisceretur
1114 4300 1183 4349 Deua
1192 4301 1205 4319 '⁹

103 4369 265 4420 xri-Cone.
283 4372 345 4417 tom.
354 4367 387 4416 iv.
404 4366 514 4415 ooltlS.
528 4367 554 4416 C.
570 4366 628 4429 (rec-
673 4365 776 4428 capgra]
818 4363 883 4412 Nov.
917 4364 1026 4425 lregend.
1063 4365 1140 4426 Angl.
1176 4365 1204 4413 in

104 4439 157 4486 tina
169 4433 224 4495 D).]
674 4429 698 4479 S.
712 4428 813 4490 llugon
833 4429 884 4492 [sol.
896 4431 1007 4479 clxxxiv.
1025 4429 1071 4479 eol.
1081 4433 1102 4480 1.
1123 4428 1203 4479 hond.

136 4509 149 4532 ¹
167 4498 226 4564 [“O
246 4498 268 4547 ei
287 4496 405 4559 vigilaret
421 4511 488 4546 nune
506 4495 632 4548 Carthasi-
675 4494 763 4558 ima]

148 4592 393 4630 ranarum-nese.
908 4592 928 4638 E
