2910 4926
269 251 332 313 146
582 265 625 313 sn
647 264 838 313 renelmus
859 262 1058 313 nmnnnmrn

106 431 235 547 panibus
268 427 467 487 commeatus
489 421 682 485 interdictus
704 427 766 501 est,
783 442 847 504 que
868 419 977 485 minus
999 419 1189 485 accederent
1211 440 1259 499 eo,
1275 420 1368 485 audi-

129 498 240 548 cclesias·

105 561 183 626 tien]
268 532 352 603 rent,
375 525 572 603 audirentur,
596 524 803 603 dissererent,
826 530 1037 607 suggererent
1058 546 1130 607 quae
1154 524 1190 587 in
1211 545 1281 588 rem
1304 526 1368 589 Ee·

268 628 393 693 clesiae:
423 650 528 712 neque
550 650 622 693 eam
648 629 689 692 ad
714 650 783 693 rem
805 629 952 710 superflui
973 650 1117 710 unquam
1140 634 1216 692 sunt
1241 626 1369 691 habiti?

270 732 358 798 Quid
380 753 484 815 nuper
506 732 611 797 fecere
636 732 794 810 Tridenti,
817 731 1014 809 Andradius,
1037 731 1166 808 Lninez,
1191 732 1371 811 Salmeron,

272 837 360 914 Soto,
390 835 493 917 Vege,
523 836 710 919 Alphonsus
739 836 779 901 de
809 837 934 914 Castro,
961 834 1137 913 Turrensis,
1163 834 1307 899 Michael
1329 835 1371 898 de

270 939 415 1016 Medion,
448 939 589 1017 Hessels,
621 940 804 1019 Jansenius,
836 941 1009 1018 Hervetus,
1039 938 1136 1001 Arias
1165 938 1370 1001 Montanus?

271 1044 338 1106 Cur
352 1042 456 1105 exacti
469 1041 545 1105 inde
560 1064 626 1106 non
642 1044 741 1106 sunt?
779 1044 904 1108 Verum
923 1043 994 1120 hoc,
1010 1063 1078 1105 non
1093 1040 1155 1104 nisi
1172 1040 1249 1105 dum
1265 1041 1373 1105 adhue

271 1145 471 1228 disceptandi
490 1145 590 1209 loeus.
636 1147 724 1210 Nam
743 1146 799 1210 ubi
822 1146 920 1210 eundi
939 1146 975 1210 in
995 1145 1199 1224 seutentiam,
1212 1144 1372 1228 judicium

270 1248 395 1312 ferendi
414 1260 543 1332 tempus
558 1249 680 1328 aderat,
697 1270 795 1333 penes
811 1250 890 1313 alios
904 1271 956 1312 res
972 1263 1051 1313 crat.
1096 1251 1206 1332 Atque
1225 1248 1373 1313 hocloco

271 1350 369 1414 nimis
399 1351 540 1435 erumpit
569 1353 605 1415 in
631 1362 780 1436 apertum
810 1352 991 1417 Cardinalis
1021 1352 1156 1431 malitia,
1186 1353 1242 1436 qui
1270 1352 1374 1416 mittit

272 1452 383 1515 statim
414 1453 449 1516 in
477 1454 673 1535 suffropiem,
701 1454 818 1537 quibus
848 1456 916 1518 Rex
943 1454 1040 1518 modo
1065 1453 1212 1518 concedit
1242 1455 1372 1517 aditum.

272 1554 403 1620 Malitia
430 1557 601 1639 (inquam),
624 1579 692 1621 non
719 1558 805 1621 enim
831 1566 918 1622 certe
946 1557 1089 1623 inscitia:
1127 1557 1255 1621 inscitia
1284 1557 1372 1621 enim

272 1657 369 1722 nimis
385 1680 501 1738 crassa,
517 1660 544 1723 si
559 1661 732 1740 doeendus,
747 1668 786 1724 ut
801 1661 980 1745 distinguat
999 1661 1086 1724 inter
1100 1662 1221 1725 aditam
1235 1661 1322 1740 dere,
1338 1666 1373 1722 et

271 1762 456 1844 effipiam
465 1766 648 1845 permittere
656 1791 667 1837 ,·
691 1765 776 1828 inter
791 1766 957 1829 accedendi
977 1765 1152 1845 licentiam,
1168 1772 1200 1829 et
1215 1764 1373 1828 senterttioe

264 1864 405 1945 serendae
416 1868 472 1951 jus
481 1894 490 1946 3
513 1869 600 1932 inter
615 1889 758 1950 preesse,
775 1875 807 1932 et
822 1871 980 1933 interesse.
1007 1870 1080 1949 Sed,
1097 1870 1144 1933 sie
1162 1870 1254 1933 illum
1269 1874 1374 1931 trans·

110 1979 260 2058 [quitantia
272 1991 399 2033 versum
414 1971 498 2054 rapit
518 1972 649 2055 prurigo
670 1971 897 2036 calumniandi.
942 1973 1107 2038 Accedere
1126 1972 1226 2038 cuivis
1246 1991 1374 2054 semper

108 2050 237 2159 {mm
271 2074 329 2150 fas,
345 2074 510 2153 interesse,
527 2076 647 2153 audire,
660 2076 737 2139 dum
752 2078 787 2139 in
803 2076 1033 2161 disceptatione
1047 2098 1116 2141 res:
1143 2078 1185 2160 (et
1196 2077 1257 2140 leci
1271 2081 1375 2138 tamen

108 2239 175 2304 εῖν]

109 2174 194 2224 suffra.
271 2179 351 2240 eatis
365 2199 485 2261 semper
491 2176 584 2261 fait).
616 2179 770 2262 Suffrapii
781 2181 839 2261 jas
853 2201 950 2264 penes
965 2181 1158 2263 Episcopos;
1180 2200 1241 2243 nec
1254 2178 1289 2241 id
1304 2180 1375 2242 Rex

272 2286 379 2364 nogat,
396 2302 456 2344 nec
469 2281 505 2344 id
520 2283 597 2365 agit,
613 2289 651 2345 ut
666 2283 846 2366 promiscuo
861 2284 957 2366 vulgo
968 2283 1166 2347 vindicatum
1181 2289 1242 2346 eat.
1267 2282 1375 2344 Mittit

264 2383 361 2464 seras
389 2386 569 2466 erpeflnoa,
599 2385 770 2449 Concilium
794 2386 1020 2468 Episceporum
1037 2385 1164 2468 fatetur
1186 2405 1261 2449 esse.
1309 2383 1374 2449 Sed

271 2507 377 2569 neque
405 2488 442 2551 in
466 2488 595 2552 Nicene
620 2490 720 2553 nullae
748 2495 840 2554 erant
871 2491 1076 2554 Constantini
1106 2498 1212 2574 partes
1220 2503 1244 2568 ¹¹,
1272 2497 1305 2552 et
1334 2490 1375 2553 dc

272 2590 387 2653 oblatis
403 2590 464 2654 sibi
480 2591 556 2654 fidei
570 2591 717 2655 formulis
731 2593 930 2657 Theodosius
942 2593 1124 2677 judicaris.
1168 2595 1212 2657 Et
1226 2593 1261 2655 in
1277 2591 1373 2656 Chal·

272 2694 444 2758 cedonensi
465 2695 615 2778 praesedit
637 2696 855 2775 Marcianus⁸‚
877 2719 914 2761 ac
936 2697 1077 2762 Decreto
1100 2720 1158 2762 suo
1178 2698 1243 2761 vim
1264 2696 1294 2761 ci
1317 2697 1373 2761 nd-

273 2797 355 2862 didit
364 2800 383 2863 t.
428 2801 472 2863 Et
495 2821 591 2883 quem
614 2801 718 2864 noluit
740 2803 907 2864 imerisceri
930 2803 1118 2865 tractatibus
1139 2803 1375 2865 Ecclesiastieis

272 2902 471 2966 Theodosius
491 2903 612 2987 junior,
633 2905 876 2969 Ecclesiasticus
895 2927 962 2970 nen
986 2914 1064 2983 erat,
1088 2905 1143 2969 sed
1167 2907 1282 2970 Comes
1291 2908 1316 2984 ¹¹,
1336 2912 1375 2968 ut

272 3012 389 3086 praeter
403 3026 472 3069 rem
488 3007 540 3084 sit,
557 3014 654 3089 atque
668 3013 760 3071 estre
776 3010 888 3088 oleos¹,
903 3009 956 3072 hie
972 3030 1098 3092 quoque
1113 3009 1302 3071 Cordinatis.

304 3149 345 3199 Ne
355 3153 442 3199 tamen
458 3155 621 3212 quererentur
638 3151 809 3203 Protestantes
823 3158 869 3203 aut
886 3153 1037 3214 calviniani,
1048 3152 1150 3203 invitati
1166 3157 1227 3202 sunt
1241 3166 1336 3212 omnes,
1349 3155 1376 3201 et

335 3231 419 3282 salvus
429 3232 567 3282 conductus
577 3233 679 3297 publiea
689 3233 739 3284 fide
749 3236 919 3299 praestitus,=

313 3350 467 3412 incitatos
482 3349 560 3414 dieis
579 3351 758 3414 Ridere—tem
773 3353 1017 3415 protestantes.
1050 3350 1172 3416 Credo:
1195 3373 1306 3416 verum
1321 3351 1376 3412 eie

271 3454 379 3534 hospes
394 3453 433 3516 ab
448 3454 568 3535 hospite
583 3460 668 3518 tutes
677 3467 697 3518 ².
722 3456 815 3534 Tum,
831 3476 869 3517 oe
884 3461 1094 3538 quererentur,
1110 3457 1229 3518 selvam
1244 3455 1375 3518 eonduc-

303 3647 314 3679 i
325 3640 427 3703 [Euseb.
436 3640 467 3689 de
475 3640 528 3690 Vit.
539 3640 751 3692 Constantinlib.
764 3641 801 3691 iii.
845 3645 956 3700 νωνῆυαι·
965 3640 1077 3702 ἀθέμιτον
1087 3643 1142 3706 γὰρ,
1154 3643 1197 3691 τὸν
1205 3643 1238 3703 μὴ
1250 3644 1295 3691 τοῦ
1306 3659 1375 3689 κατα·

270 3708 456 3817 ωξῑν.ὂβ(ῖ14.
466 3720 506 3768 pp.
518 3708 678 3819 683130585]t
698 3779 708 3801 1
844 3707 921 3768 λόγου
932 3711 980 3786 τῶν
990 3706 1130 3821 ἀζωτάτυν
1138 3703 1376 3817 ἐπισυόπυυνέτινγχᾶ-

303 3841 312 3864 ·
341 3784 505 3882 niridiiia'
520 3785 666 3898 lipsii?
681 3770 802 3885 'ileon
844 3791 1015 3898 {miiitiae
1027 3782 1376 3897 '‘filiiflii‘'dpisiffi'i

269 3901 349 3946 sextas
366 3898 440 3946 Cone.
459 3898 542 3947 Chalc.
560 3899 687 3962 praesedit,
707 3906 733 3949 ct
751 3905 802 3950 tres
846 3901 920 3951 Ceno.
939 3902 1113 3964 Epo-Cone.
1136 3900 1198 3964 Epir.
1220 3900 1273 3948 l’ur.
1287 3901 1302 3947 i.
1321 3914 1375 3960 esp.

270 3962 383 4010 Oenones
394 3962 462 4010 abeo
471 3963 655 4013 confirmandos
664 3967 800 4028 preposuit.
846 3968 1040 4016 xxxa-Cone
1057 3971 1118 4015 tom.
1135 3967 1172 4015 iii.
1198 3965 1254 4014 coll.
1273 3965 1328 4013 442.
1346 3963 1375 4013 E.

270 4025 337 4074 vide
345 4026 418 4075 Cone.
429 4031 488 4076 tem.
499 4028 532 4075 iv.
544 4028 598 4076 coll.
609 4030 662 4079 567.
673 4029 801 4093 B.-6l‘2.]
846 4032 900 4080 443.
916 4031 957 4094 A]

302 4092 310 4122 ²
327 4090 412 4155 [Cone.
423 4091 508 4141 Chele.
519 4092 574 4141 Par.
584 4094 621 4142 iii.
631 4109 700 4156 capp.
709 4095 742 4143 xi.
756 4096 801 4143 xii.
878 4103 889 4126 ¹
906 4096 1011 4160 [Erasm.
1022 4096 1103 4159 Adag.
1115 4111 1139 4159 p.
1149 4098 1196 4155 35,
1205 4109 1236 4144 ex
1246 4092 1376 4156 Aristoph.

268 4154 377 4204 -Cenc
391 4160 451 4205 tem.
461 4157 494 4204 iv.
507 4157 563 4206 cell.
573 4159 722 4223 see-872]
846 4159 909 4209 Rau.
923 4160 990 4224 993.]

302 4228 314 4250 '¹
330 4221 494 4286 [Ἔντέταλταυ
511 4220 590 4271 τοίνυν
612 4223 769 4283 Κανδιδιιινὸς,
787 4226 801 4273 υ’
877 4224 990 4289 y[Cone.
1007 4225 1120 4275 Trident.
1136 4224 1199 4274 Sesti
1211 4223 1376 4273 xiii—Cone.

267 4283 528 4347 μεγαλοπρεπέστατος
540 4286 613 4347 κόμης
624 4291 672 4336 τῶν
687 4296 802 4338 notorior
844 4294 907 4338 tem.
919 4291 969 4338 xiv.
987 4291 1032 4339 cel.
1045 4294 1102 4339 813.
1113 4290 1241 4339 D.-Sesa
1253 4304 1294 4336 xv.
1312 4288 1376 4337 ibid.

267 4351 344 4411 pirou
363 4350 517 4411 δομεστίκων,
530 4351 587 4416 ἄχρι
603 4355 647 4411 τῆς
658 4354 727 4414 ἁγίας
738 4355 802 4413 ι’μόν
844 4355 890 4404 eol.
899 4357 954 4403 832.
963 4355 1080 4404 E.-835.
1089 4354 1219 4404 A.-Sess
1225 4354 1299 4404 xviii.
1310 4351 1374 4402 ibid.

268 4417 377 4472 διαβῆναι
387 4414 493 4465 συνόδου·
501 4416 540 4465 καὶ
548 4414 623 4475 μηδὲν
632 4418 739 4479 peteretis
747 4420 801 4482 περὶ
844 4419 890 4469 cel.
903 4420 958 4469 842.
972 4419 1089 4469 lt-sle.
1102 4417 1145 4481 A]

267 4480 315 4529 τόν
333 4478 458 4541 δογμάτων
474 4479 609 4543 γινομέναις
628 4482 745 4544 ζητήσεσι
755 4503 801 4534 κου·
876 4493 885 4515 ¹
905 4483 993 4548 [Oi-id.
1005 4483 1066 4535 Met.
1077 4484 1094 4533 i.
1107 4481 1176 4545 Mt]
