<?xml version="1.0" encoding="UTF-8"?>
<!DOCTYPE html PUBLIC "-//W3C//DTD XHTML 1.0 Transitional//EN"
    "http://www.w3.org/TR/xhtml1/DTD/xhtml1-transitional.dtd">
<html xmlns="http://www.w3.org/1999/xhtml" xml:lang="en" lang="en">
 <head>
  <title>
</title>
<meta http-equiv="Content-Type" content="text/html;charset=utf-8" />
  <meta name='ocr-system' content='tesseract 3.04.00' />
  <meta name='ocr-capabilities' content='ocr_page ocr_carea ocr_par ocr_line ocrx_word'/>
</head>
<body>
  <div class='ocr_page' id='page_1' title='image "./responsioadapol00andrgoog_0032.png"; bbox 0 0 2910 4926; ppageno 0'>
   <div class='ocr_carea' id='block_1_1' title="bbox 560 274 1205 342">
    <p class='ocr_par' dir='ltr' id='par_1_1' title="bbox 560 274 1205 342">
     <span class='ocr_line' id='line_1_1' title="bbox 560 274 1205 342; baseline -0.008 -1"><span class='ocrx_word' id='word_1_1' title='bbox 560 292 604 340; x_wconf 83' lang='lat' dir='ltr'><strong>an</strong></span> <span class='ocrx_word' id='word_1_2' title='bbox 624 291 743 342; x_wconf 77' lang='lat' dir='ltr'><strong>nram.</strong></span> <span class='ocrx_word' id='word_1_3' title='bbox 1151 274 1205 336; x_wconf 80' lang='lat' dir='ltr'><strong>xxi</strong></span> 
     </span>
    </p>
   </div>
   <div class='ocr_carea' id='block_1_2' title="bbox 106 446 1227 4449">
    <p class='ocr_par' dir='ltr' id='par_1_2' title="bbox 106 446 1207 946">
     <span class='ocr_line' id='line_1_2' title="bbox 106 446 1203 528; baseline -0.004 -14"><span class='ocrx_word' id='word_1_4' title='bbox 106 449 239 528; x_wconf 77' lang='lat' dir='ltr'><strong>faciunt,</strong></span> <span class='ocrx_word' id='word_1_5' title='bbox 250 448 308 514; x_wconf 92' lang='lat' dir='ltr'><strong>ubi</strong></span> <span class='ocrx_word' id='word_1_6' title='bbox 321 469 373 512; x_wconf 86' lang='lat' dir='ltr'><strong>res</strong></span> <span class='ocrx_word' id='word_1_7' title='bbox 388 447 511 526; x_wconf 84' lang='lat' dir='ltr'><strong>incidit,</strong></span> <span class='ocrx_word' id='word_1_8' title='bbox 526 447 627 512; x_wconf 88' lang='lat' dir='ltr'><strong>velint</strong></span> <span class='ocrx_word' id='word_1_9' title='bbox 641 447 676 510; x_wconf 92' lang='lat' dir='ltr'><strong>id</strong></span> <span class='ocrx_word' id='word_1_10' title='bbox 689 446 829 511; x_wconf 85' lang='lat' dir='ltr'><strong>universi</strong></span> <span class='ocrx_word' id='word_1_11' title='bbox 841 447 940 511; x_wconf 88' lang='lat' dir='ltr'><strong>semel</strong></span> <span class='ocrx_word' id='word_1_12' title='bbox 951 446 1102 511; x_wconf 85' lang='lat' dir='ltr'><strong>effectum</strong></span> <span class='ocrx_word' id='word_1_13' title='bbox 1117 446 1203 510; x_wconf 88' lang='lat' dir='ltr'><strong>dare.</strong></span> 
     </span>
     <span class='ocr_line' id='line_1_3' title="bbox 106 550 1205 637; baseline -0.004 -19"><span class='ocrx_word' id='word_1_14' title='bbox 106 556 298 637; x_wconf 84' lang='lat' dir='ltr'><strong>Agnoscunt</strong></span> <span class='ocrx_word' id='word_1_15' title='bbox 323 572 398 616; x_wconf 84' lang='lat' dir='ltr'><strong>vero</strong></span> <span class='ocrx_word' id='word_1_16' title='bbox 423 550 556 615; x_wconf 86' lang='lat' dir='ltr'><strong>tandem</strong></span> <span class='ocrx_word' id='word_1_17' title='bbox 576 552 656 635; x_wconf 86' lang='lat' dir='ltr'><strong>jam,</strong></span> <span class='ocrx_word' id='word_1_18' title='bbox 679 551 738 636; x_wconf 90' lang='lat' dir='ltr'><strong>qui</strong></span> <span class='ocrx_word' id='word_1_19' title='bbox 760 551 877 635; x_wconf 86' lang='lat' dir='ltr'><strong>passim</strong></span> <span class='ocrx_word' id='word_1_20' title='bbox 901 572 958 634; x_wconf 87' lang='lat' dir='ltr'><strong>per</strong></span> <span class='ocrx_word' id='word_1_21' title='bbox 984 550 1205 616; x_wconf 85' lang='lat' dir='ltr'><strong>Christianum</strong></span> 
     </span>
     <span class='ocr_line' id='line_1_4' title="bbox 108 652 1207 738; baseline -0.005 -17"><span class='ocrx_word' id='word_1_22' title='bbox 108 655 233 721; x_wconf 80' lang='lat' dir='ltr'>Orbem</span> <span class='ocrx_word' id='word_1_23' title='bbox 259 661 336 720; x_wconf 87' lang='lat' dir='ltr'><strong>sunt</strong></span> <span class='ocrx_word' id='word_1_24' title='bbox 361 654 536 738; x_wconf 72' lang='lat' dir='ltr'><strong>Principes,</strong></span> <span class='ocrx_word' id='word_1_25' title='bbox 560 653 660 723; x_wconf 87' lang='lat' dir='ltr'><strong>etiam</strong></span> <span class='ocrx_word' id='word_1_26' title='bbox 685 653 856 733; x_wconf 91' lang='lat' dir='ltr'><strong>Pontifieii,</strong></span> <span class='ocrx_word' id='word_1_27' title='bbox 883 674 958 717; x_wconf 88' lang='lat' dir='ltr'><strong>vera</strong></span> <span class='ocrx_word' id='word_1_28' title='bbox 980 660 1014 718; x_wconf 89' lang='lat' dir='ltr'><strong>et</strong></span> <span class='ocrx_word' id='word_1_29' title='bbox 1037 652 1207 716; x_wconf 83' lang='lat' dir='ltr'><strong>manifesta</strong></span> 
     </span>
     <span class='ocr_line' id='line_1_5' title="bbox 107 756 1207 840; baseline -0.003 -17"><span class='ocrx_word' id='word_1_30' title='bbox 107 766 296 824; x_wconf 90' lang='lat' dir='ltr'><strong>monentem</strong></span> <span class='ocrx_word' id='word_1_31' title='bbox 311 758 514 840; x_wconf 81' lang='lat' dir='ltr'><strong>Mcjeatetem</strong></span> <span class='ocrx_word' id='word_1_32' title='bbox 530 757 636 835; x_wconf 67' lang='lat' dir='ltr'><strong>ibam,</strong></span> <span class='ocrx_word' id='word_1_33' title='bbox 652 762 686 821; x_wconf 90' lang='lat' dir='ltr'><strong>et</strong></span> <span class='ocrx_word' id='word_1_34' title='bbox 704 758 745 820; x_wconf 84' lang='lat' dir='ltr'><strong>Te</strong></span> <span class='ocrx_word' id='word_1_35' title='bbox 760 756 800 821; x_wconf 90' lang='lat' dir='ltr'><strong>de</strong></span> <span class='ocrx_word' id='word_1_36' title='bbox 819 757 880 821; x_wconf 91' lang='lat' dir='ltr'><strong>hoe</strong></span> <span class='ocrx_word' id='word_1_37' title='bbox 896 757 981 822; x_wconf 82' lang='lat' dir='ltr'><strong>iacto</strong></span> <span class='ocrx_word' id='word_1_38' title='bbox 995 763 1116 835; x_wconf 88' lang='lat' dir='ltr'><strong>amant,</strong></span> <span class='ocrx_word' id='word_1_39' title='bbox 1132 757 1207 820; x_wconf 90' lang='lat' dir='ltr'><strong>Mo·</strong></span> 
     </span>
     <span class='ocr_line' id='line_1_6' title="bbox 108 860 774 946; baseline -0.003 -20"><span class='ocrx_word' id='word_1_40' title='bbox 108 863 242 946; x_wconf 83' lang='lat' dir='ltr'><strong>uitaque</strong></span> <span class='ocrx_word' id='word_1_41' title='bbox 257 862 327 925; x_wconf 76' lang='lat' dir='ltr'><strong>&#39;lua</strong></span> <span class='ocrx_word' id='word_1_42' title='bbox 340 860 467 924; x_wconf 73' lang='lat' dir='ltr'><strong>memori</strong></span> <span class='ocrx_word' id='word_1_43' title='bbox 480 866 580 923; x_wconf 72' lang='lat' dir='ltr'><strong>mente</strong></span> <span class='ocrx_word' id='word_1_44' title='bbox 593 861 774 924; x_wconf 75' lang='lat' dir='ltr'><strong>recondent.</strong></span> 
     </span>
    </p>

    <p class='ocr_par' dir='ltr' id='par_1_3' title="bbox 110 963 1213 2182">
     <span class='ocr_line' id='line_1_7' title="bbox 153 963 1207 1051; baseline -0.004 -21"><span class='ocrx_word' id='word_1_45' title='bbox 153 968 200 1031; x_wconf 87' lang='lat' dir='ltr'><strong>At</strong></span> <span class='ocrx_word' id='word_1_46' title='bbox 210 987 294 1051; x_wconf 76' lang='lat' dir='ltr'><strong>segre</strong></span> <span class='ocrx_word' id='word_1_47' title='bbox 305 965 339 1029; x_wconf 94' lang='lat' dir='ltr'><strong>id</strong></span> <span class='ocrx_word' id='word_1_48' title='bbox 348 964 513 1029; x_wconf 87' lang='lat' dir='ltr'><strong>Pontifieis</strong></span> <span class='ocrx_word' id='word_1_49' title='bbox 525 964 633 1028; x_wconf 85' lang='lat' dir='ltr'><strong>animo</strong></span> <span class='ocrx_word' id='word_1_50' title='bbox 647 964 719 1042; x_wconf 83' lang='lat' dir='ltr'><strong>fuit,</strong></span> <span class='ocrx_word' id='word_1_51' title='bbox 732 964 788 1047; x_wconf 91' lang='lat' dir='ltr'><strong>qui</strong></span> <span class='ocrx_word' id='word_1_52' title='bbox 799 964 1009 1028; x_wconf 76' lang='lat' dir='ltr'><strong>Meniterr&#39;bes</strong></span> <span class='ocrx_word' id='word_1_53' title='bbox 1023 963 1074 1027; x_wconf 87' lang='lat' dir='ltr'><strong>his</strong></span> <span class='ocrx_word' id='word_1_54' title='bbox 1089 973 1207 1045; x_wconf 71' lang='lat' dir='ltr'><strong>osper&#39;,</strong></span> 
     </span>
     <span class='ocr_line' id='line_1_8' title="bbox 111 1066 1209 1151; baseline -0.005 -17"><span class='ocrx_word' id='word_1_55' title='bbox 111 1069 250 1134; x_wconf 81' lang='lat' dir='ltr'><strong>revocari</strong></span> <span class='ocrx_word' id='word_1_56' title='bbox 271 1069 342 1133; x_wconf 80' lang='lat' dir='ltr'><strong>baec</strong></span> <span class='ocrx_word' id='word_1_57' title='bbox 363 1066 507 1151; x_wconf 82' lang='lat' dir='ltr'><strong>Regibus</strong></span> <span class='ocrx_word' id='word_1_58' title='bbox 521 1068 556 1130; x_wconf 92' lang='lat' dir='ltr'><strong>in</strong></span> <span class='ocrx_word' id='word_1_59' title='bbox 571 1075 714 1130; x_wconf 80' lang='lat' dir='ltr'><strong>mentem</strong></span> <span class='ocrx_word' id='word_1_60' title='bbox 730 1088 750 1130; x_wconf 85' lang='lat' dir='ltr'><strong>a</strong></span> <span class='ocrx_word' id='word_1_61' title='bbox 766 1069 863 1151; x_wconf 82' lang='lat' dir='ltr'><strong>Rege,</strong></span> <span class='ocrx_word' id='word_1_62' title='bbox 880 1089 946 1132; x_wconf 93' lang='lat' dir='ltr'><strong>non</strong></span> <span class='ocrx_word' id='word_1_63' title='bbox 960 1067 1097 1131; x_wconf 78' lang='lat' dir='ltr'><strong>libenter</strong></span> <span class='ocrx_word' id='word_1_64' title='bbox 1112 1067 1209 1130; x_wconf 86' lang='lat' dir='ltr'><strong>suati-</strong></span> 
     </span>
     <span class='ocr_line' id='line_1_9' title="bbox 111 1170 1210 1255; baseline -0.004 -19"><span class='ocrx_word' id='word_1_65' title='bbox 111 1180 180 1236; x_wconf 87' lang='lat' dir='ltr'><strong>net.</strong></span> <span class='ocrx_word' id='word_1_66' title='bbox 227 1173 333 1239; x_wconf 80' lang='lat' dir='ltr'><strong>Quem</strong></span> <span class='ocrx_word' id='word_1_67' title='bbox 346 1192 424 1253; x_wconf 84' lang='lat' dir='ltr'><strong>ergo</strong></span> <span class='ocrx_word' id='word_1_68' title='bbox 445 1170 533 1255; x_wconf 87' lang='lat' dir='ltr'><strong>prius</strong></span> <span class='ocrx_word' id='word_1_69' title='bbox 555 1171 756 1250; x_wconf 76' lang='lat' dir='ltr'><strong>subornaret,</strong></span> <span class='ocrx_word' id='word_1_70' title='bbox 773 1179 819 1250; x_wconf 88' lang='lat' dir='ltr'><strong>ut,</strong></span> <span class='ocrx_word' id='word_1_71' title='bbox 836 1172 887 1235; x_wconf 88' lang='lat' dir='ltr'><strong>vel</strong></span> <span class='ocrx_word' id='word_1_72' title='bbox 902 1171 961 1234; x_wconf 86' lang='lat' dir='ltr'><strong>sub</strong></span> <span class='ocrx_word' id='word_1_73' title='bbox 976 1172 1073 1248; x_wconf 86' lang='lat' dir='ltr'><strong>larva,</strong></span> <span class='ocrx_word' id='word_1_74' title='bbox 1091 1172 1210 1233; x_wconf 76' lang='lat' dir='ltr'><strong>Oeneos</strong></span> 
     </span>
     <span class='ocr_line' id='line_1_10' title="bbox 110 1272 1211 1358; baseline -0.004 -20"><span class='ocrx_word' id='word_1_75' title='bbox 110 1282 270 1338; x_wconf 83' lang='lat' dir='ltr'><strong>tentaret:</strong></span> <span class='ocrx_word' id='word_1_76' title='bbox 293 1273 430 1358; x_wconf 75' lang='lat' dir='ltr'><strong>proritat</strong></span> <span class='ocrx_word' id='word_1_77' title='bbox 452 1272 492 1337; x_wconf 91' lang='lat' dir='ltr'><strong>de</strong></span> <span class='ocrx_word' id='word_1_78' title='bbox 513 1293 597 1336; x_wconf 90' lang='lat' dir='ltr'><strong>novo</strong></span> <span class='ocrx_word' id='word_1_79' title='bbox 616 1274 695 1357; x_wconf 89' lang='lat' dir='ltr'><strong>jam,</strong></span> <span class='ocrx_word' id='word_1_80' title='bbox 712 1280 808 1357; x_wconf 90' lang='lat' dir='ltr'><strong>atque</strong></span> <span class='ocrx_word' id='word_1_81' title='bbox 829 1274 947 1337; x_wconf 86' lang='lat' dir='ltr'><strong>omissa</strong></span> <span class='ocrx_word' id='word_1_82' title='bbox 959 1274 1048 1341; x_wconf 86' lang='lat' dir='ltr'><strong>larva</strong></span> <span class='ocrx_word' id='word_1_83' title='bbox 1062 1272 1211 1336; x_wconf 89' lang='lat' dir='ltr'><strong>immittit</strong></span> 
     </span>
     <span class='ocr_line' id='line_1_11' title="bbox 111 1368 1209 1459; baseline -0.004 -17"><span class='ocrx_word' id='word_1_84' title='bbox 111 1380 148 1442; x_wconf 93' lang='lat' dir='ltr'><strong>in</strong></span> <span class='ocrx_word' id='word_1_85' title='bbox 162 1379 378 1457; x_wconf 70' lang='lat' dir='ltr'><strong>Monitmiem.</strong></span> <span class='ocrx_word' id='word_1_86' title='bbox 424 1377 469 1440; x_wconf 85' lang='lat' dir='ltr'><strong>Et</strong></span> <span class='ocrx_word' id='word_1_87' title='bbox 484 1375 560 1439; x_wconf 91' lang='lat' dir='ltr'><strong>huie</strong></span> <span class='ocrx_word' id='word_1_88' title='bbox 576 1376 623 1440; x_wconf 91' lang='lat' dir='ltr'><strong>rei</strong></span> <span class='ocrx_word' id='word_1_89' title='bbox 643 1377 763 1459; x_wconf 89' lang='lat' dir='ltr'><strong>prodiit</strong></span> <span class='ocrx_word' id='word_1_90' title='bbox 784 1368 878 1441; x_wconf 87' lang='lat' dir='ltr'><strong>nobis</strong></span> <span class='ocrx_word' id='word_1_91' title='bbox 900 1399 920 1440; x_wconf 91' lang='lat' dir='ltr'><strong>a</strong></span> <span class='ocrx_word' id='word_1_92' title='bbox 933 1377 1103 1442; x_wconf 77' lang='lat' dir='ltr'><strong>cardinale</strong></span> <span class='ocrx_word' id='word_1_93' title='bbox 1118 1376 1209 1454; x_wconf 90' lang='lat' dir='ltr'><strong>liber,</strong></span> 
     </span>
     <span class='ocr_line' id='line_1_12' title="bbox 110 1479 1211 1564; baseline -0.005 -19"><span class='ocrx_word' id='word_1_94' title='bbox 110 1483 166 1546; x_wconf 88' lang='lat' dir='ltr'><strong>eui</strong></span> <span class='ocrx_word' id='word_1_95' title='bbox 180 1483 341 1564; x_wconf 73' lang='lat' dir='ltr'><strong>Apeloyie</strong></span> <span class='ocrx_word' id='word_1_96' title='bbox 362 1501 481 1544; x_wconf 91' lang='lat' dir='ltr'><strong>nomen</strong></span> <span class='ocrx_word' id='word_1_97' title='bbox 501 1479 586 1558; x_wconf 87' lang='lat' dir='ltr'><strong>feeit,</strong></span> <span class='ocrx_word' id='word_1_98' title='bbox 607 1501 669 1562; x_wconf 77' lang='lat' dir='ltr'><strong>pro</strong></span> <span class='ocrx_word' id='word_1_99' title='bbox 691 1481 899 1562; x_wconf 75' lang='lat' dir='ltr'><strong>Resperreiene</strong></span> <span class='ocrx_word' id='word_1_100' title='bbox 913 1501 971 1542; x_wconf 74' lang='lat' dir='ltr'><strong>auo</strong></span> <span class='ocrx_word' id='word_1_101' title='bbox 986 1479 1031 1541; x_wconf 83' lang='lat' dir='ltr'><strong>od</strong></span> <span class='ocrx_word' id='word_1_102' title='bbox 1046 1479 1211 1559; x_wconf 59' lang='lat' dir='ltr'><strong>replicem</strong></span> 
     </span>
     <span class='ocr_line' id='line_1_13' title="bbox 115 1583 1212 1667; baseline -0.005 -19"><span class='ocrx_word' id='word_1_103' title='bbox 115 1587 271 1648; x_wconf 62' lang='lat' dir='ltr'><strong>Oeneum·</strong></span> <span class='ocrx_word' id='word_1_104' title='bbox 295 1584 350 1649; x_wconf 86' lang='lat' dir='ltr'><strong>sed</strong></span> <span class='ocrx_word' id='word_1_105' title='bbox 365 1605 436 1667; x_wconf 83' lang='lat' dir='ltr'><strong>quae</strong></span> <span class='ocrx_word' id='word_1_106' title='bbox 450 1583 534 1647; x_wconf 90' lang='lat' dir='ltr'><strong>nihil</strong></span> <span class='ocrx_word' id='word_1_107' title='bbox 549 1583 657 1647; x_wconf 86' lang='lat' dir='ltr'><strong>minus</strong></span> <span class='ocrx_word' id='word_1_108' title='bbox 671 1584 723 1662; x_wconf 91' lang='lat' dir='ltr'><strong>ait,</strong></span> <span class='ocrx_word' id='word_1_109' title='bbox 740 1606 835 1666; x_wconf 88' lang='lat' dir='ltr'><strong>quam</strong></span> <span class='ocrx_word' id='word_1_110' title='bbox 849 1584 1025 1664; x_wconf 73' lang='lat' dir='ltr'><strong>Apelepie5</strong></span> <span class='ocrx_word' id='word_1_111' title='bbox 1048 1583 1212 1664; x_wconf 74' lang='lat' dir='ltr'><strong>Antilopic</strong></span> 
     </span>
     <span class='ocr_line' id='line_1_14' title="bbox 114 1685 1212 1772; baseline -0.005 -20"><span class='ocrx_word' id='word_1_112' title='bbox 114 1688 229 1772; x_wconf 88' lang='lat' dir='ltr'><strong>potius.</strong></span> <span class='ocrx_word' id='word_1_113' title='bbox 273 1687 371 1765; x_wconf 88' lang='lat' dir='ltr'><strong>Nam,</strong></span> <span class='ocrx_word' id='word_1_114' title='bbox 390 1687 418 1750; x_wconf 92' lang='lat' dir='ltr'><strong>si</strong></span> <span class='ocrx_word' id='word_1_115' title='bbox 441 1708 499 1770; x_wconf 92' lang='lat' dir='ltr'><strong>pre</strong></span> <span class='ocrx_word' id='word_1_116' title='bbox 524 1707 620 1769; x_wconf 87' lang='lat' dir='ltr'><strong>opera</strong></span> <span class='ocrx_word' id='word_1_117' title='bbox 642 1709 701 1750; x_wconf 87' lang='lat' dir='ltr'><strong>sua</strong></span> <span class='ocrx_word' id='word_1_118' title='bbox 723 1687 758 1750; x_wconf 93' lang='lat' dir='ltr'><strong>in</strong></span> <span class='ocrx_word' id='word_1_119' title='bbox 780 1685 968 1750; x_wconf 86' lang='lat' dir='ltr'><strong>revellendis</strong></span> <span class='ocrx_word' id='word_1_120' title='bbox 993 1686 1104 1748; x_wconf 75' lang='lat' dir='ltr'><strong>Cereris</strong></span> <span class='ocrx_word' id='word_1_121' title='bbox 1127 1685 1212 1748; x_wconf 86' lang='lat' dir='ltr'><strong>male</strong></span> 
     </span>
     <span class='ocr_line' id='line_1_15' title="bbox 114 1787 1212 1874; baseline -0.004 -21"><span class='ocrx_word' id='word_1_122' title='bbox 114 1791 227 1874; x_wconf 83' lang='lat' dir='ltr'><strong>posita,</strong></span> <span class='ocrx_word' id='word_1_123' title='bbox 241 1789 433 1873; x_wconf 89' lang='lat' dir='ltr'><strong>respendere</strong></span> <span class='ocrx_word' id='word_1_124' title='bbox 447 1789 558 1867; x_wconf 85' lang='lat' dir='ltr'><strong>voluit,</strong></span> <span class='ocrx_word' id='word_1_125' title='bbox 575 1789 637 1853; x_wconf 82' lang='lat' dir='ltr'><strong>alio</strong></span> <span class='ocrx_word' id='word_1_126' title='bbox 651 1789 698 1852; x_wconf 93' lang='lat' dir='ltr'><strong>illi</strong></span> <span class='ocrx_word' id='word_1_127' title='bbox 713 1789 931 1873; x_wconf 78' lang='lat' dir='ltr'><strong>aspiciendum</strong></span> <span class='ocrx_word' id='word_1_128' title='bbox 946 1789 1069 1852; x_wconf 87' lang='lat' dir='ltr'><strong>fuerat:</strong></span> <span class='ocrx_word' id='word_1_129' title='bbox 1095 1787 1167 1866; x_wconf 86' lang='lat' dir='ltr'><strong>Sed,</strong></span> <span class='ocrx_word' id='word_1_130' title='bbox 1184 1787 1212 1850; x_wconf 88' lang='lat' dir='ltr'><strong>ai</strong></span> 
     </span>
     <span class='ocr_line' id='line_1_16' title="bbox 115 1890 1212 1976; baseline -0.005 -18"><span class='ocrx_word' id='word_1_131' title='bbox 115 1894 197 1958; x_wconf 90' lang='lat' dir='ltr'><strong>bene</strong></span> <span class='ocrx_word' id='word_1_132' title='bbox 220 1893 294 1956; x_wconf 87' lang='lat' dir='ltr'><strong>novi</strong></span> <span class='ocrx_word' id='word_1_133' title='bbox 317 1892 449 1976; x_wconf 87' lang='lat' dir='ltr'><strong>spiritus</strong></span> <span class='ocrx_word' id='word_1_134' title='bbox 463 1891 653 1970; x_wconf 78' lang='lat' dir='ltr'><strong>cardinalis,</strong></span> <span class='ocrx_word' id='word_1_135' title='bbox 670 1892 788 1955; x_wconf 87' lang='lat' dir='ltr'><strong>refellit</strong></span> <span class='ocrx_word' id='word_1_136' title='bbox 810 1891 914 1954; x_wconf 83' lang='lat' dir='ltr'><strong>aliena</strong></span> <span class='ocrx_word' id='word_1_137' title='bbox 935 1890 1099 1968; x_wconf 86' lang='lat' dir='ltr'><strong>libentius,</strong></span> <span class='ocrx_word' id='word_1_138' title='bbox 1116 1912 1212 1974; x_wconf 89' lang='lat' dir='ltr'><strong>quam</strong></span> 
     </span>
     <span class='ocr_line' id='line_1_17' title="bbox 115 1993 1213 2079; baseline -0.005 -18"><span class='ocrx_word' id='word_1_139' title='bbox 115 1995 285 2079; x_wconf 82' lang='lat' dir='ltr'><strong>respondet</strong></span> <span class='ocrx_word' id='word_1_140' title='bbox 306 2017 364 2078; x_wconf 93' lang='lat' dir='ltr'><strong>pro</strong></span> <span class='ocrx_word' id='word_1_141' title='bbox 387 1995 471 2059; x_wconf 87' lang='lat' dir='ltr'><strong>auis:</strong></span> <span class='ocrx_word' id='word_1_142' title='bbox 516 1995 560 2058; x_wconf 85' lang='lat' dir='ltr'><strong>Et</strong></span> <span class='ocrx_word' id='word_1_143' title='bbox 575 1995 689 2077; x_wconf 71' lang='lat' dir='ltr'><strong>Reyem</strong></span> <span class='ocrx_word' id='word_1_144' title='bbox 708 1996 871 2073; x_wconf 82' lang='lat' dir='ltr'><strong>lacessere,</strong></span> <span class='ocrx_word' id='word_1_145' title='bbox 887 1994 990 2075; x_wconf 84' lang='lat' dir='ltr'><strong>magis</strong></span> <span class='ocrx_word' id='word_1_146' title='bbox 1011 1993 1060 2057; x_wconf 93' lang='lat' dir='ltr'><strong>illi</strong></span> <span class='ocrx_word' id='word_1_147' title='bbox 1082 1993 1123 2056; x_wconf 87' lang='lat' dir='ltr'><strong>ad</strong></span> <span class='ocrx_word' id='word_1_148' title='bbox 1145 1995 1213 2056; x_wconf 86' lang='lat' dir='ltr'><strong>ani·</strong></span> 
     </span>
     <span class='ocr_line' id='line_1_18' title="bbox 115 2098 1200 2182; baseline 0 -19"><span class='ocrx_word' id='word_1_149' title='bbox 115 2122 216 2178; x_wconf 90' lang='lat' dir='ltr'><strong>mum,</strong></span> <span class='ocrx_word' id='word_1_150' title='bbox 233 2121 329 2182; x_wconf 88' lang='lat' dir='ltr'><strong>quam</strong></span> <span class='ocrx_word' id='word_1_151' title='bbox 348 2099 474 2162; x_wconf 75' lang='lat' dir='ltr'><strong>lbrtum</strong></span> <span class='ocrx_word' id='word_1_152' title='bbox 490 2098 668 2163; x_wconf 83' lang='lat' dir='ltr'><strong>defendere.</strong></span> <span class='ocrx_word' id='word_1_153' title='bbox 1194 2139 1200 2152; x_wconf 91' lang='lat'><strong>·</strong></span> 
     </span>
    </p>

    <p class='ocr_par' dir='ltr' id='par_1_4' title="bbox 117 2202 1227 4449">
     <span class='ocr_line' id='line_1_19' title="bbox 160 2202 1214 2286; baseline 0.001 -21"><span class='ocrx_word' id='word_1_154' title='bbox 160 2204 236 2265; x_wconf 82' lang='lat' dir='ltr'><strong>Jem</strong></span> <span class='ocrx_word' id='word_1_155' title='bbox 261 2204 337 2285; x_wconf 84' lang='lat' dir='ltr'><strong>(quo</strong></span> <span class='ocrx_word' id='word_1_156' title='bbox 358 2203 441 2266; x_wconf 84' lang='lat' dir='ltr'><strong>forte</strong></span> <span class='ocrx_word' id='word_1_157' title='bbox 464 2203 552 2266; x_wconf 82' lang='lat' dir='ltr'><strong>fastu</strong></span> <span class='ocrx_word' id='word_1_158' title='bbox 573 2204 643 2285; x_wconf 90' lang='lat' dir='ltr'><strong>est,)</strong></span> <span class='ocrx_word' id='word_1_159' title='bbox 663 2209 826 2286; x_wconf 84' lang='lat' dir='ltr'><strong>exspectat</strong></span> <span class='ocrx_word' id='word_1_160' title='bbox 845 2203 951 2266; x_wconf 90' lang='lat' dir='ltr'><strong>denuo</strong></span> <span class='ocrx_word' id='word_1_161' title='bbox 972 2202 1013 2266; x_wconf 89' lang='lat' dir='ltr'><strong>ad</strong></span> <span class='ocrx_word' id='word_1_162' title='bbox 1034 2202 1214 2286; x_wconf 85' lang='lat' dir='ltr'><strong>palaestram</strong></span> 
     </span>
     <span class='ocr_line' id='line_1_20' title="bbox 117 2307 1214 2391; baseline 0.001 -22"><span class='ocrx_word' id='word_1_163' title='bbox 117 2307 318 2388; x_wconf 79' lang='lat' dir='ltr'><strong>Mejestotem</strong></span> <span class='ocrx_word' id='word_1_164' title='bbox 335 2307 442 2371; x_wconf 69' lang='lat' dir='ltr'><strong>uem.</strong></span> <span class='ocrx_word' id='word_1_165' title='bbox 486 2307 610 2371; x_wconf 87' lang='lat' dir='ltr'><strong>Verum</strong></span> <span class='ocrx_word' id='word_1_166' title='bbox 632 2307 813 2390; x_wconf 89' lang='lat' dir='ltr'><strong>primodnm</strong></span> <span class='ocrx_word' id='word_1_167' title='bbox 833 2309 922 2391; x_wconf 88' lang='lat' dir='ltr'><strong>justa</strong></span> <span class='ocrx_word' id='word_1_168' title='bbox 941 2307 998 2386; x_wconf 91' lang='lat' dir='ltr'><strong>illi,</strong></span> <span class='ocrx_word' id='word_1_169' title='bbox 1015 2308 1055 2371; x_wconf 89' lang='lat' dir='ltr'><strong>de</strong></span> <span class='ocrx_word' id='word_1_170' title='bbox 1077 2308 1214 2390; x_wconf 85' lang='lat' dir='ltr'><strong>integro,</strong></span> 
     </span>
     <span class='ocr_line' id='line_1_21' title="bbox 117 2409 1215 2493; baseline -0.001 -21"><span class='ocrx_word' id='word_1_171' title='bbox 117 2410 160 2473; x_wconf 87' lang='lat' dir='ltr'><strong>ad</strong></span> <span class='ocrx_word' id='word_1_172' title='bbox 174 2411 360 2492; x_wconf 73' lang='lat' dir='ltr'><strong>Apoloqiom</strong></span> <span class='ocrx_word' id='word_1_173' title='bbox 374 2416 464 2473; x_wconf 91' lang='lat' dir='ltr'><strong>tuam</strong></span> <span class='ocrx_word' id='word_1_174' title='bbox 479 2412 637 2491; x_wconf 72' lang='lat' dir='ltr'><strong>reqronaio</strong></span> <span class='ocrx_word' id='word_1_175' title='bbox 659 2409 881 2492; x_wconf 86' lang='lat' dir='ltr'><strong>procudenda:</strong></span> <span class='ocrx_word' id='word_1_176' title='bbox 905 2410 1023 2492; x_wconf 83' lang='lat' dir='ltr'><strong>absque</strong></span> <span class='ocrx_word' id='word_1_177' title='bbox 1047 2432 1118 2493; x_wconf 86' lang='lat' dir='ltr'><strong>que,</strong></span> <span class='ocrx_word' id='word_1_178' title='bbox 1134 2430 1215 2492; x_wconf 86' lang='lat' dir='ltr'><strong>prae-</strong></span> 
     </span>
     <span class='ocr_line' id='line_1_22' title="bbox 117 2513 1215 2596; baseline 0.002 -20"><span class='ocrx_word' id='word_1_179' title='bbox 117 2514 242 2576; x_wconf 89' lang='lat' dir='ltr'><strong>dietum</strong></span> <span class='ocrx_word' id='word_1_180' title='bbox 270 2513 328 2591; x_wconf 92' lang='lat' dir='ltr'><strong>illi,</strong></span> <span class='ocrx_word' id='word_1_181' title='bbox 358 2513 480 2577; x_wconf 84' lang='lat' dir='ltr'><strong>frustra</strong></span> <span class='ocrx_word' id='word_1_182' title='bbox 511 2515 589 2593; x_wconf 82' lang='lat' dir='ltr'><strong>fore,</strong></span> <span class='ocrx_word' id='word_1_183' title='bbox 618 2522 656 2578; x_wconf 92' lang='lat' dir='ltr'><strong>ut</strong></span> <span class='ocrx_word' id='word_1_184' title='bbox 685 2513 906 2596; x_wconf 79' lang='lat' dir='ltr'><strong>Proefctieeem</strong></span> <span class='ocrx_word' id='word_1_185' title='bbox 933 2515 1076 2578; x_wconf 85' lang='lat' dir='ltr'><strong>lacessat.</strong></span> <span class='ocrx_word' id='word_1_186' title='bbox 1121 2515 1215 2593; x_wconf 82' lang='lat' dir='ltr'><strong>Tum,</strong></span> 
     </span>
     <span class='ocr_line' id='line_1_23' title="bbox 117 2616 1217 2699; baseline 0 -19"><span class='ocrx_word' id='word_1_187' title='bbox 117 2616 303 2699; x_wconf 90' lang='lat' dir='ltr'><strong>reponenda</strong></span> <span class='ocrx_word' id='word_1_188' title='bbox 316 2616 364 2680; x_wconf 91' lang='lat' dir='ltr'><strong>illi</strong></span> <span class='ocrx_word' id='word_1_189' title='bbox 378 2617 414 2679; x_wconf 92' lang='lat' dir='ltr'><strong>in</strong></span> <span class='ocrx_word' id='word_1_190' title='bbox 427 2616 523 2680; x_wconf 86' lang='lat' dir='ltr'><strong>basin</strong></span> <span class='ocrx_word' id='word_1_191' title='bbox 542 2617 675 2690; x_wconf 75' lang='lat' dir='ltr'><strong>Questio</strong></span> <span class='ocrx_word' id='word_1_192' title='bbox 688 2618 858 2698; x_wconf 71' lang='lat' dir='ltr'><strong>primerio,</strong></span> <span class='ocrx_word' id='word_1_193' title='bbox 874 2638 969 2699; x_wconf 89' lang='lat' dir='ltr'><strong>quam</strong></span> <span class='ocrx_word' id='word_1_194' title='bbox 993 2616 1057 2694; x_wconf 91' lang='lat' dir='ltr'><strong>ille,</strong></span> <span class='ocrx_word' id='word_1_195' title='bbox 1073 2623 1143 2679; x_wconf 90' lang='lat' dir='ltr'><strong>tota</strong></span> <span class='ocrx_word' id='word_1_196' title='bbox 1158 2617 1217 2680; x_wconf 89' lang='lat' dir='ltr'><strong>hac</strong></span> 
     </span>
     <span class='ocr_line' id='line_1_24' title="bbox 119 2719 1216 2804; baseline 0.002 -22"><span class='ocrx_word' id='word_1_197' title='bbox 119 2721 275 2802; x_wconf 77' lang='lat' dir='ltr'><strong>Apolopie</strong></span> <span class='ocrx_word' id='word_1_198' title='bbox 290 2741 358 2798; x_wconf 89' lang='lat' dir='ltr'><strong>sua,</strong></span> <span class='ocrx_word' id='word_1_199' title='bbox 373 2727 529 2804; x_wconf 89' lang='lat' dir='ltr'><strong>tanquam</strong></span> <span class='ocrx_word' id='word_1_200' title='bbox 550 2720 631 2784; x_wconf 91' lang='lat' dir='ltr'><strong>certi</strong></span> <span class='ocrx_word' id='word_1_201' title='bbox 652 2720 812 2802; x_wconf 84' lang='lat' dir='ltr'><strong>naulregii</strong></span> <span class='ocrx_word' id='word_1_202' title='bbox 835 2720 1010 2803; x_wconf 84' lang='lat' dir='ltr'><strong>scopulum,</strong></span> <span class='ocrx_word' id='word_1_203' title='bbox 1027 2719 1216 2784; x_wconf 87' lang='lat' dir='ltr'><strong>declinavit:</strong></span> 
     </span>
     <span class='ocr_line' id='line_1_25' title="bbox 120 2821 1218 2906; baseline -0.002 -20"><span class='ocrx_word' id='word_1_204' title='bbox 120 2823 174 2901; x_wconf 84' lang='lat' dir='ltr'><strong>Et,</strong></span> <span class='ocrx_word' id='word_1_205' title='bbox 190 2822 241 2886; x_wconf 88' lang='lat' dir='ltr'><strong>vel</strong></span> <span class='ocrx_word' id='word_1_206' title='bbox 260 2821 300 2885; x_wconf 89' lang='lat' dir='ltr'><strong>ad</strong></span> <span class='ocrx_word' id='word_1_207' title='bbox 321 2821 458 2905; x_wconf 87' lang='lat' dir='ltr'><strong>protrita</strong></span> <span class='ocrx_word' id='word_1_208' title='bbox 472 2844 530 2885; x_wconf 83' lang='lat' dir='ltr'><strong>aua</strong></span> <span class='ocrx_word' id='word_1_209' title='bbox 545 2844 580 2886; x_wconf 91' lang='lat' dir='ltr'><strong>se</strong></span> <span class='ocrx_word' id='word_1_210' title='bbox 594 2822 718 2906; x_wconf 83' lang='lat' dir='ltr'><strong>recipit,</strong></span> <span class='ocrx_word' id='word_1_211' title='bbox 733 2823 790 2886; x_wconf 91' lang='lat' dir='ltr'><strong>ubi</strong></span> <span class='ocrx_word' id='word_1_212' title='bbox 804 2843 862 2905; x_wconf 93' lang='lat' dir='ltr'><strong>per</strong></span> <span class='ocrx_word' id='word_1_213' title='bbox 876 2822 1011 2886; x_wconf 88' lang='lat' dir='ltr'><strong>eandem</strong></span> <span class='ocrx_word' id='word_1_214' title='bbox 1027 2822 1074 2885; x_wconf 94' lang='lat' dir='ltr'><strong>illi</strong></span> <span class='ocrx_word' id='word_1_215' title='bbox 1089 2822 1218 2895; x_wconf 89' lang='lat' dir='ltr'><strong>lineam,</strong></span> 
     </span>
     <span class='ocr_line' id='line_1_26' title="bbox 119 2923 1220 3008; baseline 0.001 -22"><span class='ocrx_word' id='word_1_216' title='bbox 119 2945 208 2987; x_wconf 83' lang='lat' dir='ltr'><strong>serra</strong></span> <span class='ocrx_word' id='word_1_217' title='bbox 222 2923 366 2987; x_wconf 88' lang='lat' dir='ltr'><strong>ducitur:</strong></span> <span class='ocrx_word' id='word_1_218' title='bbox 390 2924 497 2987; x_wconf 75' lang='lat' dir='ltr'><strong>velud</strong></span> <span class='ocrx_word' id='word_1_219' title='bbox 512 2925 615 2988; x_wconf 87' lang='lat' dir='ltr'><strong>aliena</strong></span> <span class='ocrx_word' id='word_1_220' title='bbox 630 2931 663 2988; x_wconf 93' lang='lat' dir='ltr'><strong>et</strong></span> <span class='ocrx_word' id='word_1_221' title='bbox 678 2925 910 3003; x_wconf 83' lang='lat' dir='ltr'><strong>subnascentia,</strong></span> <span class='ocrx_word' id='word_1_222' title='bbox 926 2946 1055 2988; x_wconf 90' lang='lat' dir='ltr'><strong>omnem</strong></span> <span class='ocrx_word' id='word_1_223' title='bbox 1077 2924 1220 3008; x_wconf 83' lang='lat' dir='ltr'><strong>disputa-</strong></span> 
     </span>
     <span class='ocr_line' id='line_1_27' title="bbox 121 3009 1220 3113; baseline 0.001 -23"><span class='ocrx_word' id='word_1_224' title='bbox 121 3027 244 3091; x_wconf 91' lang='lat' dir='ltr'><strong>tionem</strong></span> <span class='ocrx_word' id='word_1_225' title='bbox 260 3028 428 3092; x_wconf 88' lang='lat' dir='ltr'><strong>eonvertit.</strong></span> <span class='ocrx_word' id='word_1_226' title='bbox 452 3028 540 3094; x_wconf 80' lang='lat' dir='ltr'><strong>Quid</strong></span> <span class='ocrx_word' id='word_1_227' title='bbox 552 3028 605 3092; x_wconf 92' lang='lat' dir='ltr'><strong>bie</strong></span> <span class='ocrx_word' id='word_1_228' title='bbox 616 3050 692 3112; x_wconf 85' lang='lat' dir='ltr'><strong>ergo</strong></span> <span class='ocrx_word' id='word_1_229' title='bbox 702 3009 846 3113; x_wconf 83' lang='lat' dir='ltr'><strong>dignum,</strong></span> <span class='ocrx_word' id='word_1_230' title='bbox 858 3029 911 3092; x_wconf 89' lang='lat' dir='ltr'><strong>eui</strong></span> <span class='ocrx_word' id='word_1_231' title='bbox 923 3031 992 3092; x_wconf 83' lang='lat' dir='ltr'><strong>Rex</strong></span> <span class='ocrx_word' id='word_1_232' title='bbox 1003 3029 1042 3092; x_wconf 91' lang='lat' dir='ltr'><strong>ad</strong></span> <span class='ocrx_word' id='word_1_233' title='bbox 1058 3037 1220 3092; x_wconf 86' lang='lat' dir='ltr'><strong>certamen</strong></span> 
     </span>
     <span class='ocr_line' id='line_1_28' title="bbox 121 3129 1219 3215; baseline 0.001 -22"><span class='ocrx_word' id='word_1_234' title='bbox 121 3130 249 3193; x_wconf 89' lang='lat' dir='ltr'><strong>rediens</strong></span> <span class='ocrx_word' id='word_1_235' title='bbox 271 3129 490 3214; x_wconf 80' lang='lat' dir='ltr'><strong>respondeat?</strong></span> <span class='ocrx_word' id='word_1_236' title='bbox 536 3132 652 3210; x_wconf 81' lang='lat' dir='ltr'><strong>Quem,</strong></span> <span class='ocrx_word' id='word_1_237' title='bbox 675 3153 779 3215; x_wconf 90' lang='lat' dir='ltr'><strong>neque</strong></span> <span class='ocrx_word' id='word_1_238' title='bbox 809 3140 917 3194; x_wconf 89' lang='lat' dir='ltr'><strong>aetum</strong></span> <span class='ocrx_word' id='word_1_239' title='bbox 940 3152 1035 3214; x_wconf 84' lang='lat' dir='ltr'><strong>egere</strong></span> <span class='ocrx_word' id='word_1_240' title='bbox 1060 3133 1219 3210; x_wconf 88' lang='lat' dir='ltr'><strong>convenit,</strong></span> 
     </span>
     <span class='ocr_line' id='line_1_29' title="bbox 122 3232 1219 3317; baseline 0.001 -22"><span class='ocrx_word' id='word_1_241' title='bbox 122 3254 228 3316; x_wconf 89' lang='lat' dir='ltr'><strong>neque</strong></span> <span class='ocrx_word' id='word_1_242' title='bbox 249 3232 389 3310; x_wconf 88' lang='lat' dir='ltr'><strong>devium,</strong></span> <span class='ocrx_word' id='word_1_243' title='bbox 409 3239 442 3297; x_wconf 90' lang='lat' dir='ltr'><strong>et</strong></span> <span class='ocrx_word' id='word_1_244' title='bbox 466 3254 486 3296; x_wconf 92' lang='lat' dir='ltr'><strong>a</strong></span> <span class='ocrx_word' id='word_1_245' title='bbox 510 3254 605 3296; x_wconf 84' lang='lat' dir='ltr'><strong>causa</strong></span> <span class='ocrx_word' id='word_1_246' title='bbox 629 3234 789 3317; x_wconf 83' lang='lat' dir='ltr'><strong>praeeipue</strong></span> <span class='ocrx_word' id='word_1_247' title='bbox 812 3234 960 3316; x_wconf 83' lang='lat' dir='ltr'><strong>fugacem</strong></span> <span class='ocrx_word' id='word_1_248' title='bbox 982 3234 1219 3314; x_wconf 81' lang='lat' dir='ltr'><strong>Adversarium,</strong></span> 
     </span>
     <span class='ocr_line' id='line_1_30' title="bbox 122 3336 1221 3420; baseline 0.001 -22"><span class='ocrx_word' id='word_1_249' title='bbox 122 3356 313 3418; x_wconf 86' lang='lat' dir='ltr'><strong>quoeunque</strong></span> <span class='ocrx_word' id='word_1_250' title='bbox 333 3357 368 3398; x_wconf 89' lang='lat' dir='ltr'><strong>se</strong></span> <span class='ocrx_word' id='word_1_251' title='bbox 389 3336 556 3418; x_wconf 89' lang='lat' dir='ltr'><strong>receperit,</strong></span> <span class='ocrx_word' id='word_1_252' title='bbox 575 3337 674 3420; x_wconf 86' lang='lat' dir='ltr'><strong>sequi.</strong></span> <span class='ocrx_word' id='word_1_253' title='bbox 719 3338 909 3401; x_wconf 83' lang='lat' dir='ltr'><strong>Potestaene</strong></span> <span class='ocrx_word' id='word_1_254' title='bbox 933 3337 1028 3419; x_wconf 88' lang='lat' dir='ltr'><strong>Papae</strong></span> <span class='ocrx_word' id='word_1_255' title='bbox 1048 3337 1090 3399; x_wconf 90' lang='lat' dir='ltr'><strong>sit</strong></span> <span class='ocrx_word' id='word_1_256' title='bbox 1115 3338 1221 3419; x_wconf 78' lang='lat' dir='ltr'><strong>Reges</strong></span> 
     </span>
     <span class='ocr_line' id='line_1_31' title="bbox 123 3437 1221 3522; baseline 0.001 -22"><span class='ocrx_word' id='word_1_257' title='bbox 123 3437 315 3520; x_wconf 90' lang='lat' dir='ltr'><strong>deponendi,</strong></span> <span class='ocrx_word' id='word_1_258' title='bbox 331 3458 399 3501; x_wconf 86' lang='lat' dir='ltr'><strong>eum</strong></span> <span class='ocrx_word' id='word_1_259' title='bbox 413 3439 542 3519; x_wconf 77' lang='lat' dir='ltr'><strong>judicat</strong></span> <span class='ocrx_word' id='word_1_260' title='bbox 556 3440 710 3520; x_wconf 70' lang='lat' dir='ltr'><strong>expedire,</strong></span> <span class='ocrx_word' id='word_1_261' title='bbox 726 3439 779 3502; x_wconf 92' lang='lat' dir='ltr'><strong>hie</strong></span> <span class='ocrx_word' id='word_1_262' title='bbox 793 3439 904 3502; x_wconf 80' lang='lat' dir='ltr'><strong>Nodea</strong></span> <span class='ocrx_word' id='word_1_263' title='bbox 922 3439 985 3520; x_wconf 92' lang='lat' dir='ltr'><strong>(eui</strong></span> <span class='ocrx_word' id='word_1_264' title='bbox 1000 3438 1136 3501; x_wconf 89' lang='lat' dir='ltr'><strong>adhibiti</strong></span> <span class='ocrx_word' id='word_1_265' title='bbox 1152 3440 1221 3522; x_wconf 86' lang='lat' dir='ltr'><strong>jam</strong></span> 
     </span>
     <span class='ocr_line' id='line_1_32' title="bbox 124 3539 1222 3625; baseline 0 -22"><span class='ocrx_word' id='word_1_266' title='bbox 124 3539 249 3624; x_wconf 90' lang='lat' dir='ltr'><strong>pridem</strong></span> <span class='ocrx_word' id='word_1_267' title='bbox 262 3542 358 3604; x_wconf 79' lang='lat' dir='ltr'><strong>Oenei</strong></span> <span class='ocrx_word' id='word_1_268' title='bbox 372 3540 432 3623; x_wconf 85' lang='lat' dir='ltr'><strong>tui)</strong></span> <span class='ocrx_word' id='word_1_269' title='bbox 451 3541 568 3625; x_wconf 82' lang='lat' dir='ltr'><strong>dignus</strong></span> <span class='ocrx_word' id='word_1_270' title='bbox 582 3542 687 3605; x_wconf 87' lang='lat' dir='ltr'><strong>fuerat</strong></span> <span class='ocrx_word' id='word_1_271' title='bbox 704 3542 792 3624; x_wconf 83' lang='lat' dir='ltr'><strong>Rege</strong></span> <span class='ocrx_word' id='word_1_272' title='bbox 806 3541 958 3605; x_wconf 84' lang='lat' dir='ltr'><strong>vindiee¹.</strong></span> <span class='ocrx_word' id='word_1_273' title='bbox 986 3541 1126 3604; x_wconf 85' lang='lat' dir='ltr'><strong>Evanuit</strong></span> <span class='ocrx_word' id='word_1_274' title='bbox 1140 3562 1222 3623; x_wconf 92' lang='lat' dir='ltr'><strong>pene</strong></span> 
     </span>
     <span class='ocr_line' id='line_1_33' title="bbox 124 3643 1223 3728; baseline 0 -21"><span class='ocrx_word' id='word_1_275' title='bbox 124 3643 195 3707; x_wconf 87' lang='lat' dir='ltr'><strong>baec</strong></span> <span class='ocrx_word' id='word_1_276' title='bbox 216 3645 285 3728; x_wconf 81' lang='lat' dir='ltr'><strong>jam</strong></span> <span class='ocrx_word' id='word_1_277' title='bbox 306 3644 442 3727; x_wconf 88' lang='lat' dir='ltr'><strong>quaestio</strong></span> <span class='ocrx_word' id='word_1_278' title='bbox 465 3644 549 3728; x_wconf 88' lang='lat' dir='ltr'><strong>apud</strong></span> <span class='ocrx_word' id='word_1_279' title='bbox 565 3645 779 3709; x_wconf 84' lang='lat' dir='ltr'><strong>Cardinalem.</strong></span> <span class='ocrx_word' id='word_1_280' title='bbox 825 3645 995 3728; x_wconf 86' lang='lat' dir='ltr'><strong>Nusquam</strong></span> <span class='ocrx_word' id='word_1_281' title='bbox 1016 3645 1052 3707; x_wconf 93' lang='lat' dir='ltr'><strong>in</strong></span> <span class='ocrx_word' id='word_1_282' title='bbox 1068 3645 1223 3727; x_wconf 71' lang='lat' dir='ltr'><strong>Apeloqia</strong></span> 
     </span>
     <span class='ocr_line' id='line_1_34' title="bbox 124 3746 1223 3831; baseline 0.003 -22"><span class='ocrx_word' id='word_1_283' title='bbox 124 3753 196 3809; x_wconf 87' lang='lat' dir='ltr'><strong>tota</strong></span> <span class='ocrx_word' id='word_1_284' title='bbox 217 3746 253 3809; x_wconf 93' lang='lat' dir='ltr'><strong>in</strong></span> <span class='ocrx_word' id='word_1_285' title='bbox 274 3746 362 3809; x_wconf 89' lang='lat' dir='ltr'><strong>hune</strong></span> <span class='ocrx_word' id='word_1_286' title='bbox 384 3746 495 3825; x_wconf 84' lang='lat' dir='ltr'><strong>finem,</strong></span> <span class='ocrx_word' id='word_1_287' title='bbox 517 3747 687 3830; x_wconf 86' lang='lat' dir='ltr'><strong>quiequam</strong></span> <span class='ocrx_word' id='word_1_288' title='bbox 713 3749 781 3831; x_wconf 85' lang='lat' dir='ltr'><strong>agit</strong></span> <span class='ocrx_word' id='word_1_289' title='bbox 801 3748 900 3811; x_wconf 87' lang='lat' dir='ltr'><strong>serie:</strong></span> <span class='ocrx_word' id='word_1_290' title='bbox 938 3749 1073 3810; x_wconf 66' lang='lat' dir='ltr'><strong>uterum</strong></span> <span class='ocrx_word' id='word_1_291' title='bbox 1087 3748 1223 3828; x_wconf 80' lang='lat' dir='ltr'><strong>vellicat,</strong></span> 
     </span>
     <span class='ocr_line' id='line_1_35' title="bbox 125 3849 1223 3934; baseline 0.004 -24"><span class='ocrx_word' id='word_1_292' title='bbox 125 3849 240 3930; x_wconf 73' lang='lat' dir='ltr'><strong>Reqem</strong></span> <span class='ocrx_word' id='word_1_293' title='bbox 255 3869 323 3912; x_wconf 87' lang='lat' dir='ltr'><strong>eum</strong></span> <span class='ocrx_word' id='word_1_294' title='bbox 338 3849 491 3930; x_wconf 80' lang='lat' dir='ltr'><strong>Poetifice</strong></span> <span class='ocrx_word' id='word_1_295' title='bbox 505 3858 678 3933; x_wconf 88' lang='lat' dir='ltr'><strong>comparat,</strong></span> <span class='ocrx_word' id='word_1_296' title='bbox 697 3852 895 3914; x_wconf 80' lang='lat' dir='ltr'><strong>Cardinelem</strong></span> <span class='ocrx_word' id='word_1_297' title='bbox 910 3872 977 3913; x_wconf 82' lang='lat' dir='ltr'><strong>eum</strong></span> <span class='ocrx_word' id='word_1_298' title='bbox 993 3853 1084 3934; x_wconf 69' lang='lat' dir='ltr'><strong>Repe.</strong></span> <span class='ocrx_word' id='word_1_299' title='bbox 1129 3852 1223 3929; x_wconf 80' lang='lat' dir='ltr'><strong>Tum,</strong></span> 
     </span>
     <span class='ocr_line' id='line_1_36' title="bbox 127 3952 1225 4036; baseline 0.001 -21"><span class='ocrx_word' id='word_1_300' title='bbox 127 3952 181 4015; x_wconf 79' lang='lat' dir='ltr'><strong>An</strong></span> <span class='ocrx_word' id='word_1_301' title='bbox 199 3952 380 4015; x_wconf 76' lang='lat' dir='ltr'><strong>Cerdieelie</strong></span> <span class='ocrx_word' id='word_1_302' title='bbox 403 3953 518 4035; x_wconf 77' lang='lat' dir='ltr'><strong>Repem</strong></span> <span class='ocrx_word' id='word_1_303' title='bbox 536 3955 655 4034; x_wconf 80' lang='lat' dir='ltr'><strong>injurie</strong></span> <span class='ocrx_word' id='word_1_304' title='bbox 674 3954 824 4035; x_wconf 72' lang='lat' dir='ltr'><strong>effecerit,</strong></span> <span class='ocrx_word' id='word_1_305' title='bbox 850 3956 904 4016; x_wconf 83' lang='lat' dir='ltr'><strong>An</strong></span> <span class='ocrx_word' id='word_1_306' title='bbox 928 3954 998 4016; x_wconf 76' lang='lat' dir='ltr'><strong>Rea</strong></span> <span class='ocrx_word' id='word_1_307' title='bbox 1020 3955 1114 4036; x_wconf 72' lang='lat' dir='ltr'><strong>leqem</strong></span> <span class='ocrx_word' id='word_1_308' title='bbox 1136 3975 1225 4017; x_wconf 74' lang='lat' dir='ltr'><strong>artem</strong></span> 
     </span>
     <span class='ocr_line' id='line_1_37' title="bbox 128 4053 1225 4138; baseline 0.005 -24"><span class='ocrx_word' id='word_1_309' title='bbox 128 4053 293 4135; x_wconf 74' lang='lat' dir='ltr'><strong>intellipae.</strong></span> <span class='ocrx_word' id='word_1_310' title='bbox 339 4054 428 4121; x_wconf 80' lang='lat' dir='ltr'><strong>Quid</strong></span> <span class='ocrx_word' id='word_1_311' title='bbox 451 4056 529 4134; x_wconf 89' lang='lat' dir='ltr'><strong>haee,</strong></span> <span class='ocrx_word' id='word_1_312' title='bbox 554 4055 594 4118; x_wconf 87' lang='lat' dir='ltr'><strong>ad</strong></span> <span class='ocrx_word' id='word_1_313' title='bbox 611 4057 804 4137; x_wconf 77' lang='lat' dir='ltr'><strong>privativam</strong></span> <span class='ocrx_word' id='word_1_314' title='bbox 829 4056 995 4120; x_wconf 81' lang='lat' dir='ltr'><strong>Pontificis</strong></span> <span class='ocrx_word' id='word_1_315' title='bbox 1013 4059 1225 4138; x_wconf 79' lang='lat' dir='ltr'><strong>potestatem?</strong></span> 
     </span>
     <span class='ocr_line' id='line_1_38' title="bbox 129 4155 1224 4243; baseline 0.004 -26"><span class='ocrx_word' id='word_1_316' title='bbox 129 4155 180 4218; x_wconf 90' lang='lat' dir='ltr'><strong>De</strong></span> <span class='ocrx_word' id='word_1_317' title='bbox 199 4155 259 4235; x_wconf 88' lang='lat' dir='ltr'><strong>his,</strong></span> <span class='ocrx_word' id='word_1_318' title='bbox 276 4155 336 4219; x_wconf 89' lang='lat' dir='ltr'><strong>sibi</strong></span> <span class='ocrx_word' id='word_1_319' title='bbox 358 4158 525 4240; x_wconf 85' lang='lat' dir='ltr'><strong>negotium</strong></span> <span class='ocrx_word' id='word_1_320' title='bbox 548 4158 643 4234; x_wconf 84' lang='lat' dir='ltr'><strong>feeit;</strong></span> <span class='ocrx_word' id='word_1_321' title='bbox 667 4157 707 4220; x_wconf 87' lang='lat' dir='ltr'><strong>ad</strong></span> <span class='ocrx_word' id='word_1_322' title='bbox 731 4159 808 4236; x_wconf 85' lang='lat' dir='ltr'><strong>haee,</strong></span> <span class='ocrx_word' id='word_1_323' title='bbox 825 4159 866 4221; x_wconf 87' lang='lat' dir='ltr'><strong>ad</strong></span> <span class='ocrx_word' id='word_1_324' title='bbox 890 4159 986 4243; x_wconf 90' lang='lat' dir='ltr'><strong>hujus</strong></span> <span class='ocrx_word' id='word_1_325' title='bbox 1008 4160 1134 4242; x_wconf 85' lang='lat' dir='ltr'><strong>generis</strong></span> <span class='ocrx_word' id='word_1_326' title='bbox 1153 4159 1224 4235; x_wconf 83' lang='lat' dir='ltr'><strong>alia,</strong></span> 
     </span>
     <span class='ocr_line' id='line_1_39' title="bbox 127 4257 1226 4344; baseline 0.004 -25"><span class='ocrx_word' id='word_1_327' title='bbox 127 4265 186 4319; x_wconf 88' lang='lat' dir='ltr'><strong>aut</strong></span> <span class='ocrx_word' id='word_1_328' title='bbox 207 4257 298 4336; x_wconf 90' lang='lat' dir='ltr'><strong>levia,</strong></span> <span class='ocrx_word' id='word_1_329' title='bbox 315 4265 371 4321; x_wconf 92' lang='lat' dir='ltr'><strong>aut</strong></span> <span class='ocrx_word' id='word_1_330' title='bbox 386 4282 405 4322; x_wconf 89' lang='lat' dir='ltr'><strong>a</strong></span> <span class='ocrx_word' id='word_1_331' title='bbox 420 4260 522 4342; x_wconf 92' lang='lat' dir='ltr'><strong>prima</strong></span> <span class='ocrx_word' id='word_1_332' title='bbox 536 4281 632 4324; x_wconf 83' lang='lat' dir='ltr'><strong>eausa</strong></span> <span class='ocrx_word' id='word_1_333' title='bbox 645 4261 740 4344; x_wconf 86' lang='lat' dir='ltr'><strong>lenge</strong></span> <span class='ocrx_word' id='word_1_334' title='bbox 756 4261 876 4338; x_wconf 87' lang='lat' dir='ltr'><strong>dissita,</strong></span> <span class='ocrx_word' id='word_1_335' title='bbox 892 4283 951 4325; x_wconf 86' lang='lat' dir='ltr'><strong>nes</strong></span> <span class='ocrx_word' id='word_1_336' title='bbox 966 4271 1085 4325; x_wconf 87' lang='lat' dir='ltr'><strong>avocat.</strong></span> <span class='ocrx_word' id='word_1_337' title='bbox 1131 4260 1226 4327; x_wconf 84' lang='lat' dir='ltr'><strong>Quod</strong></span> 
     </span>
     <span class='ocr_line' id='line_1_40' title="bbox 127 4362 1227 4449; baseline 0.003 -25"><span class='ocrx_word' id='word_1_338' title='bbox 127 4381 215 4445; x_wconf 84' lang='lat' dir='ltr'><strong>ergo,</strong></span> <span class='ocrx_word' id='word_1_339' title='bbox 240 4362 353 4426; x_wconf 81' lang='lat' dir='ltr'><strong>Causae</strong></span> <span class='ocrx_word' id='word_1_340' title='bbox 382 4363 595 4442; x_wconf 85' lang='lat' dir='ltr'><strong>nobilissimae,</strong></span> <span class='ocrx_word' id='word_1_341' title='bbox 626 4365 716 4447; x_wconf 79' lang='lat' dir='ltr'><strong>(dum</strong></span> <span class='ocrx_word' id='word_1_342' title='bbox 745 4366 874 4449; x_wconf 90' lang='lat' dir='ltr'><strong>quidem</strong></span> <span class='ocrx_word' id='word_1_343' title='bbox 904 4387 975 4429; x_wconf 84' lang='lat' dir='ltr'><strong>eam</strong></span> <span class='ocrx_word' id='word_1_344' title='bbox 1004 4365 1131 4448; x_wconf 86' lang='lat' dir='ltr'><strong>penitus</strong></span> <span class='ocrx_word' id='word_1_345' title='bbox 1160 4385 1227 4427; x_wconf 90' lang='lat' dir='ltr'><strong>non</strong></span> 
     </span>
    </p>
   </div>
   <div class='ocr_carea' id='block_1_3' title="bbox 260 4489 1096 4557">
    <p class='ocr_par' dir='ltr' id='par_1_5' title="bbox 260 4489 1096 4557">
     <span class='ocr_line' id='line_1_41' title="bbox 260 4489 1096 4557; baseline 0.002 -18"><span class='ocrx_word' id='word_1_346' title='bbox 260 4497 269 4521; x_wconf 81' lang='lat'><em>¹</em></span> <span class='ocrx_word' id='word_1_347' title='bbox 284 4489 357 4554; x_wconf 86' lang='lat' dir='ltr'><strong>[Her.</strong></span> <span class='ocrx_word' id='word_1_348' title='bbox 370 4490 449 4555; x_wconf 77' lang='lat' dir='ltr'><strong>Epist</strong></span> <span class='ocrx_word' id='word_1_349' title='bbox 461 4491 493 4542; x_wconf 83' lang='lat' dir='ltr'><strong>ad</strong></span> <span class='ocrx_word' id='word_1_350' title='bbox 505 4492 588 4542; x_wconf 85' lang='lat' dir='ltr'><strong>Piaon</strong></span> <span class='ocrx_word' id='word_1_351' title='bbox 601 4492 666 4557; x_wconf 72' lang='lat' dir='ltr'><strong>lea]</strong></span> <span class='ocrx_word' id='word_1_352' title='bbox 908 4501 917 4525; x_wconf 81' lang='lat'><em>⁰</em></span> <span class='ocrx_word' id='word_1_353' title='bbox 936 4490 1014 4555; x_wconf 89' lang='lat' dir='ltr'><strong>[lbid.</strong></span> <span class='ocrx_word' id='word_1_354' title='bbox 1027 4490 1096 4553; x_wconf 70' lang='lat' dir='ltr'><strong>lul]</strong></span> 
     </span>
    </p>
   </div>
   <div class='ocr_carea' id='block_1_4' title="bbox 0 0 1486 4926">
    <p class='ocr_par' dir='ltr' id='par_1_6' title="bbox 0 0 1486 4926">
     <span class='ocr_line' id='line_1_42' title="bbox 0 0 1486 4926; baseline 0 0"><span class='ocrx_word' id='word_1_355' title='bbox 0 0 1486 4926; x_wconf 95' lang='lat' dir='ltr'><strong> </strong></span> 
     </span>
    </p>
   </div>
  </div>
 </body>
</html>
