2910 4926
446 281 627 333 sroroaun
648 282 831 333 nrmonsro.
1151 269 1194 333 83

91 432 440 499 =sed...quo‹isabspecie
448 436 532 487 civilis
543 435 877 500 fidelitatisabnegationem
887 435 1028 487 Pontificius
1036 437 1193 489 auctoritatis
1260 434 1303 494 (ii

153 517 418 582 continebat-[Beli
431 519 504 582 Apol.
514 533 560 582 pro
571 518 658 583 Resp]
671 534 695 582 p.
705 520 744 569 22.
764 519 833 583 [op.,
845 523 906 568 tem.
914 519 958 569 rii.
967 518 1014 568 coi.
1026 519 1081 572 717.
1094 518 1137 584 1.]

133 634 163 696 l.
186 633 275 697 Illud
294 633 466 716 improbam
483 641 542 714 est,
563 634 645 697 illud
660 634 906 716 improbandam,
928 632 986 698 ubi
1011 634 1068 698 aab
1090 636 1192 716 specie
1216 644 1294 702 Quare
1330 710 1335 721 .

88 737 190 799 civilis
203 737 374 819 fidelitatis
396 736 555 801 delitescit
577 738 741 821 abnepotis
771 737 947 818 Pontificio
976 740 1189 802 auctoritatis.
1203 711 1346 839 gifffiffi

88 838 212 903 Verum
222 840 315 903 irrito
326 849 445 904 conatu
455 842 516 905 hoc
529 868 536 905 ι
550 841 592 904 In
602 842 623 903 J
624 848 794 904 uramenta
805 841 892 904 enim
905 841 1009 924 Regio
1020 848 1130 925 aperte
1139 863 1190 906 res

86 942 219 1025 geritur,
232 943 390 1008 delitescit
405 945 504 1009 nihil:
525 946 699 1008 auctoritas
714 945 878 1026 Pontificis
889 944 979 1008 nulla
993 943 1188 1029 abnepotum

86 1046 176 1109 nulla
193 1046 348 1129 (inquam)
366 1067 438 1131 quae
449 1068 521 1111 vere
536 1047 703 1111 Pontificis
719 1047 770 1125 sit,
781 1067 890 1130 quaeve
906 1047 1050 1110 adillum
1062 1047 1188 1132 dejure

86 1156 228 1232 spectet:
250 1157 389 1233 negatur
414 1157 532 1229 autem,
556 1150 642 1232 quod
667 1151 712 1212 od
730 1150 832 1213 decem
857 1152 915 1213 itta
948 1151 1031 1234 (quae
1056 1151 1187 1215 recitavi

86 1252 193 1334 modo)
211 1260 354 1336 potestas
371 1253 520 1317 Pontifici
535 1254 601 1316 ulla
615 1253 668 1332 sit,
681 1253 720 1316 de
732 1255 806 1337 jure
826 1253 981 1337 (inquam)
1000 1254 1061 1318 sit:
1082 1254 1144 1318 nisi
1161 1255 1187 1317 si

86 1355 116 1418 ei
134 1356 190 1439 jus
214 1357 266 1434 sit,
293 1356 354 1419 sibi
377 1356 438 1440 ipsi
458 1356 513 1440 jus
527 1357 576 1419 vei
600 1354 747 1435 faciendi,
763 1356 813 1420 vel
833 1355 981 1420 dicendi:
1007 1357 1062 1421 ubi
1079 1359 1187 1422 Caesar

84 1457 164 1541 quid
189 1459 397 1537 contradicat,
412 1459 463 1522 vel
487 1450 651 1543 Princeps,
675 1458 822 1537 tonandi,
847 1458 1052 1538 fulminandi,
1077 1461 1185 1524 Chris-

84 1561 211 1624 tianum
225 1562 335 1626 orbem
350 1562 598 1645 permiscendiu.
643 1563 820 1645 Arrogasse
835 1583 905 1625 eam
921 1562 982 1626 sibi
993 1563 1185 1647 jamdudum

84 1664 193 1727 sciunt
215 1685 337 1743 omnes,
360 1673 393 1729 at
418 1665 475 1729 ubi
501 1665 642 1729 exseruit
667 1686 822 1748 unquam,
846 1665 1056 1729 intercessum
1079 1687 1187 1730 essee

83 1767 209 1832 Cessare
220 1776 254 1833 et
270 1769 430 1852 Regibus:
453 1768 510 1831 ubi
520 1789 664 1852 umquam
679 1774 813 1846 exseret,
824 1788 950 1852 semper
961 1769 1075 1833 itidem
1084 1770 1184 1833 inter·

82 1890 210 1934 cessum
224 1871 275 1936 iri.

116 2012 206 2078 Neque
216 2013 304 2078 Reges,
315 2019 341 2065 et
353 2014 483 2079 Principes
497 2015 621 2066 catholici
633 2015 670 2065 ita
682 2015 732 2065 sibi
744 2015 826 2079 jurari
838 2015 927 2064 volunt
938 2030 954 2066 s
964 2015 1065 2079 populis
1078 2015 1184 2066 fidelitas

148 2100 208 2156 tem,
219 2098 249 2144 ut
265 2095 364 2146 Summi
381 2087 511 2146 Pontificis
526 2097 662 2147 auctoritas
678 2096 933 2161 abnegetur—[Bell.
946 2096 1020 2160 Apol.
1038 2096 1181 2163 proserp]

147 2190 171 2239 p.
179 2178 219 2225 22
232 2176 299 2241 [Op.,
308 2180 369 2245 tam.
381 2177 424 2226 vii.
435 2178 480 2227 eoL
493 2177 548 2229 717.
561 2176 603 2241 Α.]

124 2293 157 2355 2.
190 2291 303 2355 Volant
314 2313 389 2356 vero
403 2294 451 2356 ita
465 2293 526 2356 sibi
532 2293 643 2374 jurari
662 2294 766 2356 Uasar
781 2299 814 2356 et
829 2293 929 2375 Repes
945 2313 1057 2372 omnes,
1067 2300 1104 2357 ut
1119 2295 1183 2357 isac

83 2395 117 2455 ia
141 2393 324 2458 Jaramcato
349 2401 492 2476 potestas
521 2395 672 2459 Pontifici
709 2395 896 2478 denegetur,
927 2397 991 2458 fiac
1025 2396 1180 2480 (iuquam)

76 2501 230 2577 potestas,
246 2518 318 2580 quae
332 2498 419 2576 facit,
431 2505 469 2561 ut
484 2498 612 2577 Caesari,
628 2505 666 2560 ut
680 2497 756 2581 ipsis
771 2504 915 2582 potestas
937 2499 1029 2561 nulla
1052 2499 1104 2577 sit,
1120 2499 1184 2562 nisi

83 2598 125 2662 ad
148 2600 302 2683 placitum
317 2601 493 2679 Pontificis,
517 2601 580 2664 nisi
603 2599 760 2684 tantisper
783 2600 861 2663 dum
885 2600 934 2664 ilii
957 2622 990 2663 se
1010 2600 1052 2664 ad
1077 2601 1185 2665 omnia

83 2703 260 2786 morigeros
279 2703 454 2788 praebeant.
499 2705 543 2767 Et
565 2703 618 2767 bic
641 2703 838 2769 conserenda
852 2703 958 2767 fuerat
976 2725 1091 2767 manus
1106 2704 1184 2768 Car·

82 2804 194 2872 dinali.

116 2948 179 3007 Quae
195 2949 245 3001 duo
260 2950 284 3000 si
300 2950 472 3002 demonstrare
486 2955 599 3014 potuero,
610 2950 708 3000 nemini
726 2948 832 3000 dubium
849 2950 1014 3014 relinquetur,
1032 2950 1094 3013 quin
1112 2965 1185 3000 causa

149 3030 226 3094 Regis
234 3032 336 3095 Angiiss
347 3033 448 3096 propria
459 3033 538 3097 ipsius
549 3033 590 3091 sit,
597 3045 678 3095 neque
688 3030 785 3095 aliquid
798 3045 931 3081 commuue
942 3030 1033 3081 habeat
1046 3045 1102 3080 cum
1111 3046 1185 3081 causa

149 3110 255 3175 Regum,
274 3118 301 3163 et
323 3113 470 3177 Principum
493 3111 802 3176 catholicorum—[Beli.
822 3112 897 3176 Apol.
920 3126 966 3176 pro
989 3110 1075 3176 Resp]
1098 3126 1123 3175 p.
1144 3113 1183 3162 22.

150 3192 220 3258 [Op.,
230 3199 292 3244 tom.
300 3195 344 3244 rii.
356 3195 402 3244 coi.
412 3195 468 3247 717.
482 3194 512 3244 A.
526 3193 569 3258 R]

126 3309 225 3388 Nam,
236 3309 300 3373 nisi
312 3310 525 3392 decaapticesa
539 3331 611 3372 cam
622 3315 813 3392 potestatem
823 3308 974 3373 Pontifici
988 3329 1046 3372 suo
1061 3329 1184 3372 asseru-

83 3411 165 3477 erit:
189 3413 314 3476 etiamsi
330 3414 390 3476 dao
414 3415 470 3475 itta
493 3412 758 3490 daaoastraeerit,
775 3431 846 3494 quse
869 3410 930 3475 sibi
952 3411 1056 3488 finxit,
1076 3430 1119 3474 ne
1139 3411 1185 3474 sic

83 3514 214 3598 quidem
243 3517 413 3599 quicquam
438 3516 548 3598 egerit.
594 3515 748 3591 Potestas,
776 3534 846 3595 quae
873 3514 1007 3595 propria
1033 3512 1185 3576 Pontifici

83 3618 136 3697 sit,
152 3620 202 3682 vel
220 3640 288 3698 aaa,
310 3619 398 3682 haud
420 3620 487 3682 ulla
512 3618 557 3681 ibi
580 3623 720 3700 nepotar.
766 3617 854 3680 Nam
881 3636 952 3699 quae
972 3621 1113 3699 nepotas,
1138 3615 1185 3679 ita

81 3721 178 3804 plane
193 3722 233 3787 de
248 3721 532 3806 extravagantibus
548 3727 606 3797 est,
623 3727 712 3783 extra
731 3720 786 3803 jus
802 3726 835 3782 et
846 3718 930 3803 juris
944 3718 1081 3801 regulas,
1105 3739 1185 3801 prae-

84 3824 194 3888 sertim
217 3825 445 3904 Ecclesiastici,
468 3831 506 3887 ut
535 3844 595 3887 nec
621 3822 801 3887 Cardiuaiis
830 3821 899 3904 ipse
923 3822 1091 3885 Pontifieis
1116 3842 1185 3885 esse

83 3947 155 3990 eam
166 3928 272 3992 adhuc
286 3950 383 3992 ausus
396 3929 437 3991 sit
453 3928 629 3990 affirmare:
645 3926 789 4003 Exorari,
804 3925 922 4007 urgeri,
939 3924 1025 4007 adigi
1039 3924 1184 3988 nondum

81 4033 199 4113 potuit,
213 4032 352 4096 necdum
367 4039 483 4115 potest,
499 4037 536 4093 ut
552 4029 732 4112 oppositum
753 4035 874 4091 asserat
890 4027 988 4091 ullius
1012 4028 1050 4090 de
1067 4048 1184 4110 propo·

82 4135 246 4198 sitiaaibas
268 4136 318 4213 iis,
335 4156 406 4218 quar
424 4135 533 4197 nativa
557 4131 703 4195 rncmbra
728 4139 803 4194 sunt
826 4131 1004 4193 Jaromeati
1025 4130 1127 4212 Ray-ii,
1150 4140 1184 4194 et

83 4236 198 4319 quibus
210 4258 339 4300 omnem
350 4243 543 4319 potestatem
552 4256 623 4298 eam
635 4234 817 4317 complexus
827 4241 886 4311 est,
900 4255 995 4316 qnam
1007 4233 1102 4295 esuis
1115 4233 1183 4295 vult

82 4340 244 4424 abnegari.
292 4341 481 4406 Potestotom
503 4337 703 4418 Poatr'ytcioru
718 4336 877 4417 obaopari,
889 4336 1032 4399 inculcat
1048 4356 1182 4419 semper,

422 4518 433 4538 ¹¹
451 4508 499 4573 [Cf.
511 4507 640 4570 siriatoph,
654 4505 762 4556 fiebam.
776 4505 841 4568 505.]

862 4606 883 4655 a
905 4591 928 4657 2
