2910 4926
439 287 621 339 recreemur
643 289 824 339 snsrorsro.
1120 268 1182 331 141

116 439 142 490 li
143 454 205 504 eque
216 439 282 489 illud
292 455 379 490 rerum
391 447 437 502 ost,
445 443 495 492 nisi
507 459 538 494 ox
550 444 663 509 Collegio
675 438 848 496 cardinalium
858 443 1007 494 Pontificem
1018 440 1079 502 eligi
1086 439 1123 489 iss
1133 452 1185 487 uon

148 536 207 572 esse.
241 521 339 571 Scimus
350 524 419 572 enim
430 524 469 574 liis
480 527 615 588 postremis
622 528 696 577 annis
705 527 853 590 quingentis
861 525 952 575 electos
963 523 1038 573 luisse
1050 520 1186 571 Pontifices

149 603 282 653 Callistum
291 603 333 665 11,
343 603 484 668 Eugenium
494 607 550 667 lll.,
563 607 692 658 Urbanum
702 608 756 665 IV„
765 608 914 670 Gregorium
922 606 963 667 X,
973 604 1138 655 Ooelestinum
1143 600 1185 662 V.,

150 685 306 736 Clementem
328 686 369 747 V,
386 687 516 738 Urbanum
531 690 571 749 V.,
596 690 725 740 Urbanum
740 690 795 751 vl,
815 688 926 739 Felicem
942 687 983 748 V„
1008 686 1124 750 quemvis
1142 683 1185 734 hic

148 773 290 832 postremus
301 770 432 832 legitimus
443 787 493 821 non
504 773 540 822 sit
550 772 654 823 habitus
660 777 674 823 ⁸.
695 774 757 839 [Qui
769 788 856 823 omnes
867 776 940 822 exim
950 769 1092 832 Collegium
1103 771 1184 818 orent.

147 848 245 900 -Bell
255 850 331 916 Apol.
342 866 389 917 pro
401 851 485 918 Resp]
497 869 520 918 p.
532 858 570 904 40.
584 855 651 921 [Op.,
664 855 777 905 tempii.
789 855 835 905 col.
847 854 903 909 727.
916 851 994 917 A.B.]

127 975 250 1038 Verum
266 981 374 1038 nutem
390 983 422 1039 et
437 976 518 1040 illud
538 980 620 1061 (quis
638 980 778 1062 nesciti)
805 976 1010 1062 quantumvis
1029 974 1184 1058 tergiver-
1198 976 1242 1042 [lle
1252 992 1306 1055 130¹·

83 1084 173 1140 setur
187 1077 377 1156 cardinalis,
393 1100 459 1143 non
475 1082 595 1144 assumi
611 1105 794 1167 quenquam
818 1082 859 1146 erl
874 1081 1106 1163 Pontificatum,
1121 1076 1185 1139 nisi
1196 1042 1342 1158 mim

83 1182 139 1266 qui
155 1181 194 1244 de
209 1183 331 1264 gremio
349 1184 584 1249 cardinalium:
608 1188 716 1251 nediu
733 1189 812 1271 jam,
829 1187 928 1249 alium
946 1206 1007 1249 nec
1022 1182 1185 1247 nominari
1196 1171 1335 1287 2⁸3⁰&ss

82 1309 163 1351 mos.
210 1287 279 1352 Ubi
302 1296 395 1352 tanta
423 1293 559 1373 penuria
588 1293 744 1356 laboravit
768 1290 960 1363 Cardiualis‚
986 1295 1024 1351 ut
1053 1270 1278 1351 necessetiti'es

82 1391 113 1454 ei
133 1391 231 1454 fuerit
253 1391 359 1456 Felice
374 1392 415 1456 V.
439 1416 612 1458 numerum
633 1416 759 1478 augere,
784 1393 902 1476 alioqui
927 1392 1004 1456 satis
1028 1399 1161 1455 tenuem
1171 1417 1181 1469 ς
1195 1366 1290 1430 electi]

83 1516 190 1578 quem,
206 1495 264 1559 ubi
279 1496 467 1575 nominavit,
484 1498 638 1581 expungit
654 1497 763 1561 statim
779 1519 837 1581 pro
852 1496 1023 1578 illepitimo,
1038 1514 1099 1557 nec
1114 1494 1183 1558 sine

84 1621 124 1664 eo
146 1606 257 1663 tamen
282 1608 410 1664 constat
434 1601 482 1663 illi
504 1603 698 1680 novenarius,
727 1601 782 1685 qui
804 1621 861 1684 per
885 1600 1065 1681 quingentae
1087 1617 1184 1661 annor

81 1725 237 1768 numerus
261 1705 338 1768 satis
360 1705 451 1768 exilis
474 1713 531 1769 est.
578 1707 713 1769 Fatetur
735 1711 844 1768 autem
865 1703 905 1766 ab
924 1700 1058 1765 Urbano
1078 1721 1182 1784 usque

83 1813 182 1885 sexto,
208 1813 299 1870 entra
328 1808 496 1889 Collegium
519 1808 608 1871 haud
631 1829 813 1890 quenquam
836 1806 987 1883 electum,
1011 1812 1044 1868 et
1065 1805 1093 1867 is
1115 1806 1184 1888 ipse

85 1909 240 1974 Urbanus
258 1910 380 1973 electus
404 1911 501 1974 etiem
523 1912 556 1972 in
577 1912 744 1972 schismate
752 1919 776 1973 ¹¹.
821 1909 951 1992 Reliqui
973 1915 1093 1985 eutem,
1116 1930 1183 1971 non

82 2012 146 2075 nisi
169 2033 243 2076 cum
269 2013 490 2076 Cardinulibue
515 2013 601 2076 inter
626 2034 661 2076 so
686 2012 793 2075 minus
819 2011 1015 2090 conveniret,
1039 2011 1117 2074 dum
1144 2032 1182 2073 ex

83 2118 259 2182 ambitione
280 2119 360 2182 alter
382 2119 475 2182 alteri
490 2118 613 2183 obicem
629 2128 772 2203 poneret,
788 2125 903 2182 neuter
921 2126 1028 2181 autem
1044 2116 1182 2195 cederet,

83 2229 181 2306 etque
194 2223 241 2286 ita
255 2223 290 2286 in
306 2224 438 2287 tertium
460 2224 610 2307 aliquem,
628 2223 683 2306 qui
706 2223 746 2286 de
764 2223 898 2305 Cottepio
914 2243 980 2285 nou
996 2227 1092 2299 essct,
1108 2227 1185 2284 vote

82 2327 273 2392 conferrent.
322 2329 367 2391 At
379 2330 458 2411 jam,
474 2328 698 2412 prudentiores
714 2327 800 2405 facti,
812 2347 882 2389 rem
897 2325 1084 2408 transigunt
1097 2324 1185 2387 inter

83 2450 127 2508 se,
143 2436 176 2493 et
192 2431 315 2492 ducenti
327 2431 458 2512 triginta
475 2431 534 2494 dno
550 2432 625 2493 unni
647 2436 733 2509 sunt,
750 2451 824 2493 cum
843 2429 1040 2492 cardinalem
1060 2447 1186 2510 sempor

81 2533 326 2613 renunciarent,
357 2555 418 2598 nec
444 2535 512 2618 jam
543 2534 627 2597 serio
653 2533 815 2597 nominari
843 2533 879 2597 in
911 2533 1057 2595 Genetaei
1086 2531 1185 2595 alium

83 2658 269 2720 quenquam
281 2637 457 2701 sustinent.

115 2795 187 2854 Quod
204 2800 290 2846 sutem
307 2797 361 2846 Rex
381 2796 491 2858 addite
509 2798 631 2848 Romanis
649 2798 816 2848 Pontificibus
835 2812 978 2861 supremum
993 2797 1021 2846 in
1036 2795 1117 2859 Reges
1135 2794 1185 2844 sibi

147 2879 324 2928 auctoritatem
347 2880 488 2936 vindicem
513 2880 534 2928 si
557 2895 603 2943 per
619 2880 768 2931 ‘vindicare’
789 2880 931 2943 significare
953 2879 1016 2930 velit.
1034 2881 1185 2941 ‘usurpare’

146 2961 251 3010 omnino
267 2975 402 3023 negemus:
420 2962 459 3010 sin
476 2966 561 3012 eutem
580 2961 737 3012 ‘vindicare'
749 2963 790 3020 eit,
802 2960 869 3025 quod
887 2960 987 3010 ‘suum’
998 2964 1037 3010 est
1048 2959 1187 3018 ‘asserere’

146 3042 256 3092 libenter
272 3041 446 3092 admittimus:
472 3044 507 3092 sic
527 3048 620 3104 lumen,
643 3048 673 3092 ut
691 3058 736 3107 per
756 3044 940 3105 auctoritatem,
959 3057 1011 3091 nun
1029 3042 1186 3105 despotieum

146 3124 290 3187 imperium,
301 3124 344 3173 serl
357 3129 489 3188 paternum
504 3140 547 3175 sou
561 3126 714 3188 pastoralem
729 3129 880 3188 potestatem
894 3123 1188 3188 intelligemus-[Bell.

145 3205 221 3268 Apol.
233 3220 279 3268 pro
291 3204 376 3270 Resp]
389 3220 413 3269 p.
423 3207 461 3256 40.
475 3207 542 3273 [Op.
555 3211 615 3256 tom.
624 3208 669 3257 vii
680 3206 727 3255 col.
739 3207 796 3258 727.
809 3205 850 3268 B.]

124 3311 339 3375 deserendone
372 3312 597 3377 auctoritatem
623 3314 711 3396 Papa
739 3312 775 3376 in
804 3313 907 3394 Reges
943 3332 1113 3387 summam,
1144 3331 1185 3373 en
1199 3319 1346 3388 [Pontifices

1198 3400 1341 3449 supremam

81 3415 260 3494 usurpando
276 3415 421 3491 vindicet,
433 3414 473 3477 lis
488 3415 592 3479 adhuc
608 3416 714 3497 alique
730 3414 888 3492 Pontifici,
902 3412 1045 3496 Regibus
1065 3412 1183 3494 (credo)
1199 3451 1226 3500 in
1238 3465 1309 3512 ψ

82 3515 194 3580 nulle:
218 3518 406 3600 praesertim,
423 3519 451 3580 si
466 3518 583 3600 migret
604 3517 643 3581 dc
657 3522 816 3599 potestate
831 3537 889 3578 sua
904 3516 1075 3597 spirit-uati,
1091 3534 1185 3577 seecu-
1199 3518 1350 3593 potantem

83 3621 180 3682 tarem
195 3642 308 3684 eorum
326 3620 465 3686 invadat.
493 3622 641 3685 libenter
655 3622 822 3684 admittere
836 3642 878 3697 ee,
896 3620 972 3684 dicit
988 3617 1187 3684 cardinalis:
1199 3580 1318 3709 iiiiii

82 3722 181 3785 atilli
200 3744 267 3786 non
288 3723 352 3786 nisi
374 3724 529 3786 illibenter
544 3726 699 3788 dimittere
708 3751 719 3797 ,·
742 3745 802 3787 ncc
823 3723 950 3787 deliniri
966 3744 999 3786 se
1015 3721 1189 3806 patiuntur

82 3824 212 3888 vocibus
232 3832 376 3906 paterne
396 3831 429 3889 et
449 3829 644 3907 pmtoram:
668 3849 770 3890 rocem
795 3827 893 3890 Jacob
916 3828 1057 3906 audiant,
1079 3848 1190 3890 manen

82 3926 171 3989 Esau
200 3935 393 3991 senserunt&
440 3929 527 3992 Olim
555 3931 662 3993 Caesar
691 3930 832 3994 calcatus
842 3941 864 4009 5,
891 3931 1053 3996 chrieus
1078 3939 1189 3995 nostor

82 4030 235 4112 vapulans
245 4041 266 4109 ²,
291 4032 496 4114 Arragonum
521 4033 591 4095 Rex
610 4032 726 4115 laqueo
748 4033 867 4098 collum
887 4035 1052 4099 inserens:
1084 4055 1190 4119 nuper

115 4225 279 4290 1[Αιιιεὰειιι
295 4244 328 4278 so.
352 4228 485 4278 Subaudiee
507 4227 575 4288 Dux,
597 4244 613 4278 a
687 4229 796 4294 ¹[l‘rid.
814 4230 833 4280 l.
856 4231 914 4282 ride
937 4232 1027 4282 Boron.
1049 4233 1100 4281 An.
1119 4231 1187 4281 Rocl.

83 4288 177 4339 Concll.
191 4291 267 4340 Besil.
279 4293 379 4349 electus,
392 4308 441 4343 un.
452 4293 534 4357 11311]
656 4293 688 4344 nd
710 4308 769 4345 eun.
791 4298 860 4347 1177.
878 4297 904 4344 N
906 4312 956 4345 um.
969 4297 1067 4346 lxxxvi.
1078 4296 1187 4346 lxxxvii.

116 4362 127 4384 ‘¹
144 4354 223 4417 [Vide
243 4355 334 4406 Pletim
352 4360 380 4407 in
398 4358 461 4409 Vite
479 4358 539 4407 Urb.
558 4356 615 4417 VL,
657 4364 719 4408 tom.
731 4361 775 4408 xii.
789 4361 833 4409 ool.
846 4360 913 4423 732]

82 4418 110 4467 in
123 4417 193 4467 Vitis
205 4418 298 4468 Pontii.
316 4436 339 4484 p.
348 4422 414 4486 267]
691 4432 700 4454 “
717 4424 819 4486 [Metui.
834 4424 910 4473 Paris.
920 4424 987 4473 Hisl.
997 4424 1057 4488 nloj.
1067 4423 1096 4473 in
1107 4422 1188 4474 Henr.

115 4489 126 4512 ¹
144 4482 216 4546 [Gen.
230 4485 308 4533 xxvii.
321 4485 371 4548 22]
661 4487 695 4535 11.
707 4489 733 4536 in
745 4503 801 4537 nun
815 4490 885 4540 1174.
898 4504 923 4552 p.
934 4488 1000 4552 126]
