2910 4926
260 270 326 332 496
575 286 616 332 an
639 284 829 334 eunomiam
850 285 1049 333 annuarum

242 429 243 432 '
262 437 399 514 dubitat,
416 438 493 519 quin
510 439 604 522 Papae
618 439 747 503 faveant
755 450 778 503 5.
811 441 855 503 Et
870 440 905 502 hi
919 447 1040 519 tamen,
1061 441 1172 502 Omnes
1187 460 1257 503 non
1278 446 1365 502 sunt.

262 539 385 603 Verum
404 541 517 604 Omma
526 547 608 621 cunt,
623 543 707 604 iuter
721 563 797 624 quoa
812 543 961 606 convenit.

295 726 426 789 Nusquam
434 728 502 777 dixit
509 729 676 778 Bellarminua
684 746 733 790 eoa,
741 731 785 793 qui
796 731 1005 795 perbaptiamum
1016 733 1206 788 renascuntur..
1219 766 1225 778 .
1240 766 1246 777 .
1258 730 1286 777 in
1294 728 1365 778 aliud

326 823 402 871 quam
417 811 445 859 in
456 809 553 859 Christi
570 826 663 861 nomen
680 812 810 874 baptizari
846 812 960 874 Obligati
978 816 1063 860 autom
1079 826 1128 870 coa,
1144 811 1190 874 qui
1206 809 1365 872 baptismum

326 926 332 938 .
345 927 351 938 .
363 925 371 940 .
381 891 529 955 succipiunt,
541 891 572 940 ad
580 891 750 942 obedientiam
759 892 861 943 Vioario
868 892 964 942 carim
971 890 1150 957 praestandam,
1162 890 1256 941 docent
1268 905 1365 951 omncs,

325 970 370 1032 qui
392 971 503 1021 fitentur
523 986 568 1034 por
587 972 742 1036 baptismum
759 972 863 1023 admitti
880 973 998 1023 hominos
1016 972 1049 1023 ad
1068 971 1192 1022 familiam
1212 970 1320 1028 Christi,
1340 975 1366 1021 ct

326 1049 422 1100 Christi
430 1051 560 1101 Vioarium
571 1067 623 1102 cose
634 1053 716 1113 illum,
728 1068 803 1116 quem
814 1053 948 1103 constituit
959 1053 1084 1102 Dominae
1094 1067 1169 1115 super
1179 1050 1315 1101 familiam.
1327 1086 1365 1100 ...

325 1131 376 1181 Sed
391 1132 486 1181 mirum
497 1137 543 1192 eat,
560 1149 605 1181 cur
616 1171 622 1183 .
636 1170 642 1182 .
655 1170 661 1183 .
673 1136 787 1194 miretur,
799 1133 866 1184 unde
883 1135 938 1184 haec
949 1133 1086 1196 'lheologia
1096 1140 1157 1183 nata
1167 1132 1210 1194 sit,
1226 1147 1285 1182 cnm
1302 1133 1365 1181 uam

325 1213 397 1262 faedo
414 1213 499 1276 colligi
513 1215 624 1278 potuerit
640 1217 767 1266 exverbia
783 1217 862 1280 ipsine
874 1216 903 1266 in
914 1215 1047 1279 Apologia
1059 1250 1159 1264 ......
1172 1213 1275 1277 lixqua
1284 1213 1365 1264 admi·

325 1293 404 1343 randa
412 1293 488 1356 Regia
500 1294 615 1344 doctrina
622 1296 774 1359 aequitanai
784 1296 813 1346 in
823 1301 880 1345 ortu
889 1295 1000 1345 naturali
1008 1295 1097 1345 debeat
1107 1295 1222 1355 intelligi
1232 1293 1365 1344 Juramen

325 1379 382 1424 tum
401 1375 516 1435 tacitum,
533 1381 560 1425 et
578 1378 741 1439 congenitum
758 1376 792 1426 ad
809 1375 978 1426 obediendum
998 1375 1110 1439 Principi
1127 1374 1241 1438 politico,
1259 1376 1288 1424 in
1305 1379 1364 1424 ortu

324 1469 422 1518 quoque
429 1458 612 1521 supernaturali
624 1495 630 1506 .
644 1496 650 1508 .
664 1494 670 1507 .
681 1457 714 1507 ad
722 1456 891 1507 obediendum
898 1456 1012 1520 Principi
1020 1456 1154 1519 spirituali,
1164 1457 1209 1518 qui
1217 1460 1257 1505 eat
1266 1455 1364 1504 Christi

325 1536 562 1602 Vicariua-[Bcll
575 1538 649 1602 Apol
662 1552 708 1602 pro
719 1537 803 1602 Resp]
819 1552 843 1600 p.
855 1538 910 1588 217.
929 1537 998 1602 [ορ.,
1010 1536 1127 1586 tomuli
1137 1536 1182 1586 col.
1194 1539 1252 1586 826.
1265 1536 1294 1586 C.
1302 1535 1347 1600 D]

95 1657 151 1772 ψ)
169 1657 207 1708 Da
302 1651 356 1715 Ad
373 1654 581 1717 Secundum.²
621 1654 740 1718 Nullos
755 1654 808 1717 hio
822 1652 915 1717 nobis
929 1655 1088 1717 Auctores
1103 1658 1285 1730 enumerat,
1307 1652 1362 1735 qui

95 1726 268 1863 duffii-ilo&
259 1775 294 1816 1n
310 1756 400 1817 aliud
412 1777 471 1819 nos
485 1777 594 1819 nomeu
605 1757 764 1838 baptizari
778 1764 921 1833 teneant,
938 1776 1034 1837 quam
1052 1755 1179 1817 camai.
1226 1756 1273 1817 at
1291 1754 1362 1817 haec

94 1865 200 1978 {¹¹⁰
157 1866 214 1913 ‘1⁰¹⁸
260 1858 362 1921 duo
352 1881 388 1922 in
416 1858 503 1922 idem
532 1859 691 1937 recidunt,
723 1859 819 1941 (quod
848 1880 907 1921 nos
937 1857 1045 1922 docuit
1075 1857 1272 1941 Apostolua)
1322 1858 1361 1919 In

94 1916 214 2043 algidi
258 1961 339 2021 mine
364 1961 460 2022 Poma
435 1960 529 2042 tlficio
552 1962 718 2042 baptizari,
741 1968 775 2023 et
788 1960 910 2038 dicere,
925 1961 995 2040 Epo
1017 1960 1139 2041 quidem
1158 1980 1227 2022 cam
1248 1961 1361 2022 Ponti-

252 2061 347 2142 ficio;
378 2064 428 2126 vel
458 2064 485 2127 si
513 2064 617 2141 malie,
642 2063 712 2145 Epo
742 2063 865 2144 quidem
892 2084 960 2125 cum
989 2063 1129 2143 cquae
1163 2062 1229 2125 Sed
1254 2083 1360 2146 neque

258 2167 417 2229 Auctores
441 2167 533 2244 ullos,
558 2167 612 2249 qui
636 2166 717 2229 illud
740 2166 885 2243 doceant,
908 2167 1032 2247 Papam
1056 2185 1122 2227 ecce
1144 2165 1244 2243 illum,
1270 2186 1359 2246 quaem

259 2270 420 2330 constituit
441 2270 592 2332 Dominae
613 2288 706 2349 cuper
719 2266 879 2349 familiam
900 2288 997 2344 mmm,
1018 2267 1116 2329 Matr.
1131 2267 1218 2330 caio.
1235 2272 1266 2329 et
1279 2267 1357 2330 Lac.

205 2376 208 2383 '
257 2371 315 2435 mi.
353 2370 452 2434 Illum
467 2371 573 2454 potius
588 2370 660 2452 quis
673 2369 789 2433 dixerit
799 2390 929 2447 cerrum,
943 2369 998 2452 qui
1012 2367 1058 2432 ibi
1073 2369 1227 2452 sequitur,
1244 2375 1275 2431 et
1282 2389 1359 2449 per·

255 2478 360 2535 catere
375 2475 466 2554 coepit
481 2494 641 2537 commum
656 2493 736 2537 racc.
782 2474 863 2550 Nec,
887 2473 913 2535 si
927 2493 966 2535 ex
979 2472 1120 2535 unanimi
1135 2472 1271 2534 Patmm
1286 2492 1358 2533 con-

256 2596 348 2638 seram
371 2577 550 2658 Scripturas
574 2576 806 2658 interpretetur
824 2575 875 2656 (ad
890 2582 1032 2637 mentem
1053 2573 1103 2636 Pii
1119 2573 1261 2655 Quarti),
1281 2595 1358 2636 con·

258 2679 377 2741 sentire
396 2700 460 2753 eos,
481 2688 519 2740 ut
542 2680 576 2740 in
595 2699 683 2740 cervo
704 2678 759 2741 illo
780 2678 832 2740 vel
850 2678 983 2740 Petrum
1004 2676 1196 2757 intelligant
1245 2677 1359 2738 Restat

257 2802 343 2862 ergo,
359 2787 396 2842 ut
413 2802 486 2842 cum
507 2780 635 2842 aliunde
655 2787 803 2861 nequeat,
821 2800 859 2842 ex
879 2779 965 2860 regis
985 2779 1084 2859 ipsius
1100 2776 1204 2840 verbis
1228 2779 1358 2842 Theolo-

254 2885 340 2963 piam
355 2903 443 2943 ccam
458 2881 596 2963 colligat,
610 2902 680 2963 quae
696 2881 742 2944 ibi
756 2888 867 2944 tamen
882 2902 947 2942 non
963 2879 1113 2941 nascitur.
1155 2877 1221 2940 Sed
1235 2885 1356 2955 tamen,

257 3007 314 3048 cur
329 2985 546 3046 admirandam
559 2984 611 3046 hic
626 2984 704 3046 dicit
716 2985 810 3065 Rapio
826 2983 999 3045 doctrinam
1011 2981 1050 3043 de
1062 3001 1143 3042 cecc
1155 2980 1358 3061 conponam?

257 3090 380 3166 Nerua,
401 3110 463 3170 quo
478 3089 550 3169 quis
573 3088 693 3169 patriae,
714 3108 777 3168 quo
795 3085 937 3167 Principi
958 3092 1098 3160 tenetur,
1121 3091 1238 3164 praeter
1261 3089 1357 3146 natu·

256 3214 325 3254 ram
355 3213 420 3254 non
447 3199 504 3253 est.
561 3191 632 3253 Nec
658 3189 807 3249 miraculo
831 3188 930 3264 locus,
961 3186 1059 3248 iniis
1084 3206 1155 3267 quae
1179 3186 1357 3248 secundum

256 3300 406 3355 naturam
433 3301 517 3354 aunt.
564 3292 642 3354 Non
665 3290 728 3352 suit
754 3310 830 3370 ergo
856 3290 917 3352 hoc
943 3290 1126 3351 miraculum
1152 3287 1277 3363 dicere,
1302 3288 1357 3350 sed

256 3401 435 3470 momtrum,
466 3393 694 3455 contradicere.
752 3392 813 3454 Cui
850 3391 979 3473 quidem
1012 3391 1199 3453 admiranda
1230 3389 1357 3452 videtur

256 3497 411 3574 doctrina,
437 3518 507 3578 quae
530 3505 598 3559 tam
622 3504 746 3559 naturae
772 3503 996 3571 consentanca,
1023 3495 1097 3576 jure
1123 3493 1260 3556 miretur
1282 3513 1356 3555 eum

255 3600 338 3682 quia,
369 3607 512 3662 moretur
541 3619 645 3661 nemo.
691 3599 770 3660 Esto
797 3604 914 3674 autem,
943 3605 992 3659 est
1021 3597 1182 3678 componito
1208 3595 1356 3677 quaedam

256 3702 418 3782 obligati0,
441 3702 582 3784 adeoque
597 3702 812 3762 Jcrameatcm
825 3701 861 3762 in
877 3706 948 3761 ortu
963 3700 1112 3776 naturali,
1130 3719 1202 3780 quo,
1219 3699 1274 3779 qui
1297 3698 1355 3761 sub

255 3803 398 3867 dominio
413 3806 483 3886 ejus
498 3804 650 3880 nascitur,
669 3804 814 3883 Principi
826 3803 959 3882 politico
974 3809 1113 3864 tenetur.
1160 3802 1252 3877 Esto,
1269 3809 1307 3862 ut
1324 3809 1356 3863 et

255 3904 342 3966 aliud
359 3906 401 3967 sit
416 3905 445 3967 ei
460 3927 526 3987 par,
543 3906 578 3967 in
593 3911 663 3966 ortu
682 3903 944 3985 Supmiamralib
968 3925 1031 3985 quo
1045 3911 1196 3966 teneatur
1212 3903 1355 3985 Principi

254 4009 422 4090 spirituali.
461 4011 507 4071 at
518 4009 545 4070 is
561 4010 721 4088 Princeps,
741 4010 883 4070 Gloriatur
898 4014 946 4069 est
957 4007 1064 4090 (cujus
1079 4008 1115 4069 in
1130 4006 1263 4069 nominc
1277 4005 1355 4089 bap-

288 4185 783 4248 y[Videnominaauctomm,quihanc
828 4185 918 4240 Polit.;
947 4189 973 4232 et
997 4184 1059 4233 Bell.
1088 4182 1144 4247 Op,
1167 4184 1285 4233 tomuli
1309 4184 1355 4234 ool

254 4248 394 4298 defendunt
402 4251 561 4305 sententiam,
568 4247 635 4311 apud
644 4248 782 4311 Belldpol.
824 4252 880 4300 661.
892 4246 935 4310 Β]

254 4313 492 4376 prollca.p.216.
504 4317 530 4361 et
543 4312 597 4375 Op
610 4313 723 4362 tomuli
735 4312 780 4361 col.
856 4312 1005 4361 *leoni
1019 4311 1073 4374 12]

254 4378 311 4424 826.
323 4329 383 4439 ,tf
856 4375 867 4406 a
898 4376 963 4425 lida
986 4376 1060 4438 Apol.
1085 4390 1132 4439 pro
1152 4374 1306 4427 Juramento
1330 4391 1354 4441 p

287 4440 392 4503 ¹[Vide
414 4439 486 4503 Roap
510 4440 581 4488 'Porti
607 4454 630 4502 p
650 4438 1063 4502 51.Edit.acl.adit.161o]
