2910 4926
262 265 327 327 242
578 278 621 327 sn
643 279 835 328 cmummrs
857 277 1057 327 anninunu

263 440 300 497 ut
318 440 406 499 recte
428 455 506 517 ergo
528 435 708 518 suspicatus
730 435 772 499 sit
797 434 990 500 scholiastes
1014 433 1168 517 bangius,
1189 429 1368 517 posteriore

263 535 335 601 loco
349 536 396 619 Τῇ
411 536 567 619 scriptum
582 558 641 621 pro
655 537 709 623 Τῷ
718 538 840 602 librarii
853 537 943 617 vitio,
959 559 1022 622 qua
1032 557 1118 615 vocs,
1134 536 1283 602 Christus
1296 534 1368 618 ipse

264 638 461 722 designatur,
483 660 551 703 non
574 639 719 703 Materi:
743 661 803 704 nec
825 641 887 704 erit
907 641 955 704 ita
976 640 1179 724 Nicephorus
1200 638 1263 703 sibi
1287 658 1367 702 con·

264 741 392 820 trarius,
408 740 459 807 vel
472 741 559 805 illius
570 749 682 807 octavo
696 742 780 807 libro
794 744 973 822 immemor,
984 743 1069 827 quod
1084 741 1254 826 scripserat
1267 740 1367 824 paulo

264 849 340 907 ante
358 844 394 907 in
423 843 567 926 septimo.
627 845 720 924 llrm,
744 845 772 908 si
792 866 904 910 verum
926 844 1074 928 denique,
1097 843 1175 928 quid
1205 843 1247 907 ad
1268 841 1367 907 remi

148 984 153 989 -
265 945 433 1010 Dedicavit
448 945 596 1029 Dciparae
611 947 725 1011 urbem
741 947 992 1027 Constantinus,
1016 970 1083 1012 nou
1098 947 1286 1024 dedicasset,
1302 944 1368 1010 nisi

146 2137 209 2202 179

264 1046 469 1131 prostitutum
486 1047 516 1111 ei
531 1047 674 1131 Virginis
698 1050 912 1132 patrocinium
927 1056 1079 1133 putasset.
1125 1047 1213 1116 Quid
1232 1047 1275 1111 ad
1294 1068 1368 1113 rem

264 1149 350 1212 ista?
396 1150 498 1214 Nulla
512 1149 599 1213 enim
614 1150 675 1229 hio,
698 1152 749 1214 vel
771 1153 940 1233 apparitio,
954 1152 1005 1216 vel
1019 1153 1183 1230 invocatio,
1199 1171 1271 1235 quae
1284 1171 1369 1235 prae·

265 1252 366 1316 sentis
381 1260 473 1315 erant
488 1251 640 1331 instituti,
655 1259 689 1316 et
704 1252 744 1316 de
760 1253 876 1336 quibus
888 1254 1060 1319 dicendum
1076 1254 1251 1319 cardinali.

297 1386 347 1437 Sed
358 1423 365 1437 .
377 1424 384 1436 .
395 1422 402 1435 .
415 1387 462 1436 hoc
478 1387 533 1437 loco
551 1387 737 1438 Controversias
753 1388 918 1453 disputandos
937 1404 989 1440 non
1007 1386 1280 1454 suscepimus-[Bell
1290 1386 1368 1452 Apol.

329 1483 375 1533 pro
386 1468 473 1534 Resp]
485 1483 510 1533 p.
523 1472 561 1519 96.
574 1469 641 1534 [Op.,
652 1470 763 1521 tomvii.
775 1471 821 1520 ool.
833 1471 888 1522 7⁶8.
901 1470 943 1535 c]

310 1579 543 1642 controversias
561 1580 612 1642 lic
631 1578 838 1661 disputandos
859 1580 1015 1660 crescipcrc
1029 1600 1062 1643 sc
1076 1586 1179 1662 nepot.
1224 1577 1368 1662 Suscipit

264 1686 395 1745 tamen:
418 1681 516 1760 Nam,
533 1702 604 1765 quac
620 1682 658 1744 dc
676 1682 901 1745 Intercescionc
923 1682 1109 1745 sanctorem
1129 1680 1275 1767 superius
1290 1701 1368 1745 oon·

264 1783 374 1866 gessit,
389 1791 507 1868 praeter
520 1804 589 1847 rem
604 1784 720 1848 omnia.
766 1785 844 1848 Non
859 1783 956 1862 enim,
973 1784 1013 1848 de
1032 1784 1175 1868 ipsorum
1194 1804 1253 1867 pro
1271 1782 1368 1847 nobis

265 1885 382 1969 agitur,
399 1886 455 1951 sed
470 1886 510 1950 de
525 1892 645 1965 nostra,
661 1886 746 1970 apud
761 1885 853 1949 illos:
878 1887 964 1969 prior
979 1886 1089 1949 audita
1104 1886 1230 1950 forsan:
1252 1892 1285 1949 at
1298 1907 1368 1951 uon

266 1988 423 2071 posterior
437 1988 508 2051 ista.

298 2123 341 2174 Ad
353 2122 482 2175 christum
494 2138 539 2174 nos
550 2125 643 2184 venire,
655 2125 708 2174 sive
719 2160 726 2174 .
738 2161 745 2173 .
757 2160 763 2172 .
775 2138 821 2188 per
830 2139 876 2174 nos
887 2124 938 2173 sive
949 2137 995 2187 per
1004 2123 1068 2173 alios
1078 2123 1204 2174 adeamm.
1239 2123 1307 2173 Nam
1320 2160 1327 2172 .
1340 2160 1347 2174 .
1360 2160 1366 2173 .

330 2204 470 2256 Mattheus
478 2205 612 2270 [cap.viii.]
620 2205 728 2269 scripsit,
740 2205 861 2267 ‘Accessit
870 2204 903 2255 sd
914 2219 972 2254 eum
984 2204 1119 2264 centurio,'
1130 2219 1188 2254 oum
1197 2208 1284 2254 tamen
1292 2203 1367 2269 (lpse)

330 2299 382 2335 non
400 2320 408 2335 .
425 2322 432 2335 .
453 2286 592 2346 accesserit,
602 2285 647 2336 scd
659 2301 705 2349 per
714 2285 786 2346 alios,
798 2285 897 2336 dicente
908 2284 996 2335 eodem
1009 2284 1170 2346 centurione,
1184 2284 1252 2348 apud
1265 2283 1369 2346 Lucem,

330 2381 384 2431 esp.
395 2367 439 2416 vii.
457 2365 601 2430 ‘Meipsam
613 2381 666 2416 uon
675 2380 732 2415 sum
743 2365 851 2429 dignum
862 2364 1123 2430 arbitratur-[Bell.
1139 2365 1214 2429 Apol.
1230 2380 1276 2429 pro
1291 2364 1367 2430 Resp.

281 2517 284 2523 Ι
332 2447 387 2510 Op,
399 2447 512 2497 tonarii.
523 2447 633 2498 ool'ltiss.
646 2445 688 2511 Ι).]

104 2575 157 2643 [Ad
171 2574 254 2626 Chris
310 2554 381 2617 Nec
410 2552 466 2615 illa
495 2552 604 2634 Regis,
634 2573 652 2614 e
681 2551 786 2615 verbis
813 2551 932 2615 Christi
957 2551 1063 2614 Venite
1085 2552 1130 2614 cd
1151 2552 1207 2614 Mc
1231 2550 1367 2630 ommi,

103 2647 160 2691 tum
171 2640 206 2690 di·

145 2711 171 2755 te
181 2719 234 2755 non

267 2655 490 2737 od7'ectiuoculo
513 2660 558 2717 est
567 2653 587 2716 ¹:
611 2653 792 2718 cardinalis
811 2653 852 2717 ad
874 2654 973 2731 illam,
994 2654 1215 2735 rejectiucculc
1239 2655 1367 2737 potius:

104 2773 255 2832 peronem
268 2766 310 2839 et,
326 2757 435 2837 miror,
451 2778 494 2820 an
509 2757 601 2834 seria,
619 2757 726 2819 Venite
742 2757 787 2818 od
804 2757 871 2833 Me,
888 2757 933 2818 ait
950 2757 1101 2819 Servator
1110 2781 1119 2831 3
1149 2756 1270 2839 (idest)
1290 2758 1367 2822 car-

104 2836 143 2884 sst
157 2833 257 2882 venien·

106 2897 189 2962 dm]

269 2860 375 2924 dinale
393 2860 578 2942 interprete,
595 2858 731 2922 Manete
750 2879 816 2935 vos,
840 2858 961 2921 mittite
983 2857 1228 2922 internuncium
1248 2858 1290 2921 ad
1310 2861 1368 2923 Me

269 2963 427 3046 aliquem:
460 2960 501 3025 Id
517 2966 566 3024 sat
582 2961 644 3024 erit
662 2960 703 3023 ad
717 2981 796 3040 rem,
812 2961 942 3024 tametsi
957 2982 1012 3024 vos
1026 2981 1093 3024 non
1108 2960 1268 3024 veneritis.
1314 2961 1370 3025 Ita

275 3066 391 3140 Venite,
409 3065 478 3148 jam
500 3064 570 3141 erit,
595 3063 645 3126 Ne
664 3064 765 3126 venite
790 3084 853 3139 vos,
877 3062 1010 3126 veniant
1033 3062 1096 3124 alii.
1141 3063 1257 3145 Neque
1275 3064 1370 3147 juvat

267 3167 321 3230 hic
351 3166 556 3232 cardinalem
599 3165 770 3249 quicquam
802 3164 945 3228 narratio
982 3165 1051 3247 ejus
1089 3164 1128 3227 de
1159 3165 1368 3229 centurione.

270 3268 431 3332 Praemisit
445 3268 499 3332 ille
515 3268 645 3352 quidem
657 3268 806 3333 Seniores
818 3269 839 3330 J
840 3266 1013 3344 udaeorum,
1029 3268 1077 3347 (ut
1087 3265 1185 3329 habet
1202 3268 1305 3331 Lucas
1314 3277 1335 3306 ¹¹¹
1347 3269 1367 3348 :l

270 3370 327 3434 sed
350 3377 383 3434 et
409 3370 479 3455 ipse
504 3377 578 3454 post
600 3371 743 3448 accessit,
763 3371 812 3452 (ut
833 3369 931 3433 habet
954 3370 1131 3432 Matthaeus
1140 3371 1177 3450 ¹¹.)
1225 3370 1370 3433 Accessit

273 3474 426 3557 (inquam)
442 3474 519 3557 ipse.
564 3473 653 3537 Nam
667 3472 703 3535 ni
718 3472 911 3548 accessisset,
926 3472 1083 3554 quomodo
1099 3471 1293 3535 constabunt
1308 3471 1369 3535 sibi

267 3575 387 3640 verba?
432 3577 527 3638 Dicit
545 3576 637 3638 Jecur
652 3574 698 3637 od
719 3575 942 3652 Centurioccm,
958 3575 1031 3652 Abi,
1047 3580 1077 3636 et
1091 3574 1256 3637 secundum
1268 3573 1370 3654 fidem

267 3683 353 3740 tuom
361 3676 425 3759 fiat
440 3677 497 3739 lidi
505 3689 527 3739 ⁰.
562 3677 737 3741 Poteratne
752 3676 850 3756 abire,
867 3677 921 3759 qui
936 3698 1002 3739 non
1017 3678 1171 3739 venerat?
1197 3677 1369 3739 Poteratne

267 3780 434 3843 absentem
458 3781 504 3843 sic
519 3779 609 3843 affari
625 3779 783 3857 Christus,
800 3780 872 3856 Abi,
888 3786 921 3842 et
939 3779 1017 3856 Tibi,
1039 3786 1071 3841 et
1091 3780 1257 3842 accendam
1269 3778 1369 3860 fidem

268 3883 380 3945 tuam?
423 3883 533 3945 Nimis
557 3883 644 3946 euim
659 3882 776 3965 frigide
792 3883 965 3967 cajetanus
976 3895 1001 3959 Ρ,
1017 3889 1104 3945 etex
1120 3882 1275 3964 cnjetano
1291 3882 1369 3945 car·

268 3983 393 4062 dinalis,
410 3984 501 4047 Dixit
517 3984 558 4048 ad
574 3983 813 4059 centurionem,
836 3983 931 4061 Vade,
950 4005 1011 4046 non
1026 3984 1059 4045 in
1071 3985 1205 4064 proprio
1220 4004 1368 4065 persons

297 4151 305 4191 t
330 4151 357 4216 [⁴‘
366 4151 495 4202 Librarius
512 4152 540 4201 in
557 4151 644 4200 Graeco
656 4150 794 4213 exemplari
871 4159 888 4181 Μ
913 4150 971 4200 Luc.
982 4151 1026 4201 vii.
1039 4151 1073 4215 3.]

267 4217 300 4280 τῇ
322 4215 426 4278 ceordaic
441 4215 549 4278 scripsit,
566 4229 623 4264 oum
640 4214 744 4264 somnae
760 4216 796 4277 τῷ
872 4224 882 4246 ¹¹
900 4152 985 4328 llum
997 4217 1050 4265 viii.
1064 4216 1101 4278 6.]

269 4278 485 4342 smtsascribere
499 4276 794 4328 debuerat’¹-Schol.ad
871 4288 883 4311 ⁰

268 4344 312 4392 tu.
324 4345 369 4394 lib.
376 4345 431 4394 viii.
442 4357 494 4407 esp.
504 4344 543 4393 26.
556 4341 617 4392 ibid
630 4356 655 4406 p.
664 4345 718 4393 589.
730 4342 773 4407 A]
871 4352 882 4383 Ρ
899 4343 998 4409 [chem.
1021 4345 1052 4393 do
1072 4344 1120 4394 Vio
1143 4345 1214 4395 Card.
1239 4345 1317 4410 cajet
1339 4348 1367 4397 iu

255 4442 258 4446 ·
294 4406 312 4471 ,¹¹
346 4408 419 4458 Mate
428 4405 527 4470 xi.28.]
839 4407 931 4458 Matth.
948 4409 1048 4459 vium.
1067 4410 1134 4472 apud
1155 4410 1251 4459 Comm.
1274 4412 1302 4460 in
1321 4412 1365 4463 SS.

302 4470 308 4503 ¹
355 4470 426 4523 'orbs
435 4464 553 4521 Bellsrm.
567 4472 595 4522 in
605 4470 795 4536 merendus]
839 4477 901 4523 tom.
910 4473 942 4523 ir.
954 4488 979 4537 p.
992 4474 1030 4522 44.
1043 4473 1076 4538 a]

928 4285 974 4329 att
984 4281 1038 4330 viii.
1052 4283 1091 4329 13.
