2910 4926
480 295 662 344 immunis
683 296 854 346 usssorsio
1156 292 1224 354 375

125 452 174 532 (ut
192 451 260 534 ipse
281 451 338 534 ait)
358 473 441 531 usus,
456 473 552 535 nsque
574 455 619 516 ad
639 460 708 517 octo
727 454 828 517 mictu
850 455 894 517 su·
916 456 985 519 loca
1005 458 1177 522 emendavit
1187 470 1218 523 ¹¹¹.

121 554 174 617 Ad
188 562 261 617 octo
275 554 402 618 millis?
447 555 602 619 Peneiora
621 555 738 640 (credo)
764 556 900 621 liutheri
914 563 1020 622 errata
1034 566 1121 623 sunt.
1165 562 1218 625 En

118 656 259 721 hominis
283 664 394 722 tamen
419 657 454 721 in
479 679 585 722 sacros
605 658 704 722 libros
719 659 950 723 reverentiam:
978 660 1055 723 Octo
1080 663 1219 727 millibus

118 761 196 824 iocis
211 761 403 840 emendavit,
424 782 485 826 nec
499 761 664 825 damnavit
688 761 729 824 ad
743 761 901 826 flammas.
949 763 1093 828 Pessime
1107 765 1217 848 itaque

119 865 265 947 exemplo
282 864 317 928 id
338 864 459 930 iactum
475 864 615 929 avohis:
639 865 711 928 Nec
726 885 781 928 vos
795 864 830 927 id
845 884 936 948 aequo
950 865 1077 929 ferretis
1097 866 1216 947 anime,

120 967 146 1029 si
168 967 326 1051 imagines
351 976 475 1045 vestrae,
506 968 616 1032 statim
644 967 702 1032 ubi
727 969 872 1048 Sanetus,
896 990 1033 1052 quorum
1058 970 1217 1054 imagines

119 1077 205 1149 sunt,
230 1071 272 1135 ad
285 1072 394 1136 vivum
414 1093 483 1136 non
507 1070 659 1149 referant,
674 1070 725 1134 vel
747 1070 774 1134 si
795 1071 880 1135 maie
902 1077 1039 1137 tornatae
1061 1073 1217 1139 dolataeve

118 1175 194 1253 sint,
209 1174 243 1237 in
259 1196 372 1261 pyram
389 1175 558 1239 ardentem
573 1174 797 1257 abjicerentur.
843 1173 960 1238 Multae
983 1175 1143 1254 feruntur,
1158 1194 1217 1259 per

119 1278 320 1362 Hispaniam,
337 1277 521 1362 B.Virginis
535 1278 644 1341 icones
659 1277 739 1341 facie
753 1277 846 1359 nigra
860 1278 944 1360 (quse
958 1285 1069 1342 tamen
1083 1278 1216 1342 AEthio-

117 1381 201 1463 pisse
223 1402 291 1446 non
315 1380 403 1463 fuit),
429 1380 517 1444 haud
546 1380 665 1463 (credo)
690 1380 823 1463 impune
846 1379 954 1459 ferret,
985 1381 1041 1463 qui
1065 1382 1215 1446 Vulcano

116 1491 228 1548 tamen
253 1485 406 1548 traderet.
450 1483 525 1548 Pari
553 1481 684 1567 (credo),
710 1483 777 1547 imo
802 1483 918 1567 majori
946 1485 1080 1564 ratione,
1114 1485 1213 1550 etiem

116 1690 349 1768 bscchaudum,
374 1691 402 1755 si
423 1690 502 1755 vitio
523 1690 716 1773 interpretis,
736 1689 772 1752 in
792 1689 867 1768 illis,
885 1690 962 1773 (uon
984 1691 1092 1755 minus
1117 1713 1215 1774 quam

116 1794 246 1858 artificis
260 1794 297 1858 in
310 1792 528 1878 imaginibus)
547 1792 722 1856 admissum
736 1792 853 1870 isserat,
869 1792 954 1875 quod
969 1813 1036 1858 non
1050 1794 1212 1877 oportuit;

115 1920 177 1964 nec
198 1907 267 1963 tam
287 1898 401 1962 infami
422 1919 518 1982 poena
539 1897 694 1962 luendum
714 1897 778 1960 iliis
801 1896 913 1961 vitium
936 1919 1003 1978 non
1027 1918 1131 1978 suum,
1157 1898 1213 1962 sed

114 2002 300 2087 interpretis
316 2002 376 2065 sui.
424 2000 488 2065 Sed
503 1999 611 2077 etism,
627 1998 787 2083 quomodo
801 2000 899 2064 verbo
914 2000 1048 2079 Christi,
1059 1999 1214 2064 membris

116 2113 237 2177 Christi
252 2110 425 2196 parceretis
439 2131 507 2189 vos,
529 2109 583 2194 qui
597 2109 727 2174 Christo
746 2109 808 2193 ipsi
830 2117 936 2174 vestro
952 2131 1105 2192 panacen,
1126 2119 1215 2195 post-

116 2236 213 2297 quam
227 2234 409 2278 mucescere
421 2214 518 2296 paulo
532 2212 655 2295 incipit,
671 2212 721 2276 vel
736 2218 858 2276 scatere
873 2213 1044 2293 vermibus,
1059 2236 1125 2278 non
1140 2236 1214 2298 par·

115 2316 206 2380 citis:
231 2315 287 2380 sed
302 2315 427 2394 iisdem,
443 2313 559 2397 quibus
575 2313 687 2399 librum
703 2313 781 2396 ejus,
791 2313 932 2396 flammis
946 2313 1105 2397 expiatis?

146 2469 174 2518 Si
193 2483 223 2518 ea
240 2468 367 2518 sententis
378 2480 436 2517 vers
453 2466 495 2526 sit,
507 2466 558 2515 tris
574 2470 710 2529 sequentur
711 2500 793 2516 .....
805 2465 944 2527 Primum,¹
959 2466 1003 2515 .in
1014 2465 1125 2516 Ecclesia
1136 2465 1216 2516 veteri

179 2549 270 2613 primis
280 2549 435 2612 quingentis,
447 2547 487 2596 vei
498 2547 625 2597 sexcentis
642 2547 716 2597 cunis
733 2547 816 2597 nullos
832 2547 909 2598 inisse
926 2547 1063 2611 Scriptura
1075 2583 1097 2597 ..
1110 2583 1116 2596 .
1127 2547 1215 2597 libros.

178 2629 310 2692 Siquidem
321 2629 371 2678 duo
382 2629 422 2678 illi
434 2626 568 2691 Prophetae
580 2664 586 2676 .
599 2664 605 2678 .
619 2642 688 2677 ‚non
700 2628 871 2691 apparuerint,
882 2628 933 2677 nisi
945 2632 1002 2691 post
1013 2632 1130 2676 exortum
1141 2627 1216 2678 snti-

178 2709 309 2770 christnm,
321 2746 328 2760 .
340 2747 346 2758 .
358 2744 365 2759 .
378 2708 552 2759 Antichristus
568 2712 671 2758 exortus
688 2723 740 2758 non
761 2712 809 2769 est,
824 2708 876 2759 nisi
887 2712 945 2772 post
955 2722 1052 2758 annum
1064 2745 1070 2757 .
1082 2745 1089 2758 .
1099 2745 1105 2757 .
1114 2722 1215 2758 sexcen-

177 2789 412 2855 tesimum-[Beli.
421 2789 496 2855 Apol.
508 2804 553 2853 pro
561 2788 649 2853 Resp]
659 2804 701 2853 pp.
710 2791 766 2850 149,
775 2792 829 2840 150.
843 2787 914 2853 [Op.,
925 2793 986 2838 tom.
994 2788 1038 2838 sii.
1049 2789 1096 2839 col.
1105 2788 1212 2851 issu]

155 2905 332 2970 Videamus
351 2906 430 2988 jam,
455 2904 533 2988 quid
554 2910 624 2968 tota
648 2904 712 2968 ista
735 2904 775 2968 de
800 2925 835 2969 re
859 2903 1006 2968 videatur
1028 2902 1212 2982 Cardinali3
1225 2920 1377 3035 p’gpintum
1441 2898 1444 2902 ⁵

113 3015 147 3071 et
169 3007 374 3072 incommode
397 3005 453 3069 ilia
473 3007 547 3082 tria,
574 3025 647 3088 quoe
668 3003 796 3068 ruitura
819 3005 855 3067 in
878 3004 1002 3086 Regem
1026 3004 1166 3082 nuntiat,
1184 3025 1213 3067 s1
1225 3049 1313 3099 christi
1325 3065 1378 3114 isg-

116 3113 313 3175 Testamenta
328 3110 388 3173 dnc
406 3112 510 3173 Testes
524 3108 559 3172 hi
574 3109 634 3170 duo
657 3107 734 3170 sint.
766 3108 920 3184 Primam,
935 3108 1089 3169 sescentis
1096 3107 1213 3187 primis
1225 3126 1286 3161 num
1303 3116 1379 3165 exsu-

113 3215 204 3276 annis
224 3216 325 3276 nullm
341 3212 446 3293 fnisse
470 3212 504 3275 S.
518 3211 689 3290 Scriptum
709 3208 815 3270 libros.
860 3209 1021 3290 Magnum
1035 3207 1212 3272 incommo·
1225 3180 1312 3303 {w

113 3313 210 3377 dum!
235 3315 451 3377 Antichristus
465 3318 592 3375 cncrtns
606 3332 667 3375 non
678 3316 724 3373 cst
739 3315 811 3373 ante
820 3329 934 3373 annuns
948 3310 1211 3374 sescentesimum.
1224 3305 1311 3369 tura]

112 3415 202 3479 Esto.
248 3416 321 3479 Non
342 3420 555 3496 apparuerunt
580 3414 613 3476 ni
642 3414 756 3491 Testes,
775 3413 838 3474 nisi
857 3417 932 3493 post
956 3417 1097 3473 scortum
1118 3411 1212 3474 Anti-

113 3519 271 3580 chn‘stunu
319 3518 435 3599 igitur,
459 3518 577 3598 punis
598 3515 762 3594 sescentis,
787 3514 918 3576 ducrum
951 3514 1213 3577 Testamentcruns
1268 3519 1330 3583 271

112 3619 186 3682 libri
215 3640 277 3682 non
305 3626 528 3701 apparuerunt.
581 3618 695 3697 Mitto,
717 3616 803 3700 quod
830 3636 892 3679 non
914 3614 1018 3695 fnisse
1042 3617 1212 3698 proponit:

112 3722 238 3806 probat,
252 3743 314 3785 non
328 3723 520 3803 apparuisse,
536 3740 611 3783 cum
626 3738 691 3782 esse
701 3716 835 3801 possint,
851 3736 911 3780 nec
926 3736 1087 3797 apparere.
1133 3717 1213 3781 Res-

111 3825 247 3907 pondeo.
281 3824 391 3887 Vestri
405 3822 609 3888 hominessic
625 3826 832 3884 annotarunt.
877 3818 958 3882 Nou
969 3816 1056 3896 dicit,
1071 3818 1119 3882 Et
1133 3819 1212 3883 dubo

112 3926 189 3989 dnos
206 3927 319 4004 Testes,
336 3924 402 4003 sed,
417 3925 464 3988 Et
481 3922 561 3986 dabo
584 3921 701 3984 duobus
719 3919 868 3983 Testibus.
913 3919 983 4002 Ipsi
1001 3920 1210 4000 nunciantur,

112 4028 207 4090 datur
221 4027 309 4111 ipsis.
355 4027 426 4090 Sint
442 4033 552 4090 autem
566 4030 701 4108 oportet,
712 4021 827 4104 quibus
842 4021 943 4099 detur,
960 4041 1023 4104 qno
1038 4021 1130 4084 detur
1144 4022 1209 4100 eis,

112 4130 254 4214 uiioquin
276 4130 348 4193 dari
363 4130 419 4209 eis,
443 4129 498 4212 qui
520 4149 588 4192 non
605 4133 693 4205 sunt,
716 4126 798 4190 nihii
821 4131 937 4208 potest.
980 4125 1120 4189 innunt
1134 4146 1211 4208 ergo

111 4233 200 4315 prius
212 4234 316 4312 Testes
329 4233 401 4295 illi:
425 4252 538 4295 verum
549 4230 612 4294 etsi
618 4227 761 4310 sanant
776 4249 845 4292 non
859 4227 923 4290 iliis
938 4227 1011 4290 dari
1024 4233 1160 4310 poterat,
1173 4235 1210 4291 ut

112 4334 200 4417 prius
221 4341 334 4399 contra
351 4334 591 4399 Antichristum
612 4332 851 4416 prophetarent,
875 4351 971 4413 quam
991 4329 1210 4393 Antichristus

187 4479 1123 4549 ψνὶᾱοοιπιῑωωιιιιιωιιηῳιαοιιωωωωι]
