2910 4926
650 994 703 1058 Ao
726 994 835 1060 Cueuu
858 996 997 1062 Nouuu.

302 1240 383 1295 Nullo
404 1245 581 1310 probabilitate
603 1263 635 1298 cx
654 1249 712 1314 Cup.
731 1250 758 1302 ii.
778 1251 858 1316 Epicu
876 1253 992 1302 secundo·
1009 1253 1041 1303 cd
1060 1253 1170 1304 Themi.
1191 1255 1279 1318 colligi
1302 1269 1374 1319 posce

336 1327 477 1378 Romanum
497 1329 646 1380 Pontificem
664 1347 716 1382 cuae
734 1332 1038 1398 Autumnum—[Bell.
1058 1336 1132 1398 Apol.
1152 1351 1198 1400 pro
1218 1336 1291 1401 Roop.
1317 1336 1373 1400 Op„

335 1413 395 1458 boui.
408 1411 451 1459 vii.
468 1410 514 1460 col.
528 1412 583 1464 775.
595 1412 638 1477 D.]

268 1522 324 1585 Ec
346 1527 478 1589 occucudo
504 1528 613 1609 Capite
635 1531 774 1593 secunde
796 1532 841 1593 cd
864 1533 1000 1594 Tbcccct.
1021 1532 1231 1615 probabiliter
1255 1535 1372 1616 celtici,

464 1630 637 1695 Romanum
653 1633 835 1709 Pontificem
851 1656 916 1697 ecce
930 1636 1169 1698 Antichristum.

674 1891 946 1902 ——---

299 2067 468 2119 Belloi-miuus
491 2108 545 2119 ...
569 2072 690 2122 intactam
709 2072 849 2136 relinquere
867 2075 992 2137 potuiooct
1012 2074 1219 2138 (disputationem
1241 2075 1273 2125 de
1295 2078 1372 2127 Auu-

329 2150 441 2213 chrislo)
455 2152 481 2200 iu
491 2167 541 2214 quo
553 2152 616 2200 nihil
628 2153 676 2202 scre
683 2152 736 2202 Rex
746 2155 860 2216 attingit,
869 2155 936 2217 quod
948 2156 1037 2218 ipsein
1050 2155 1093 2204 lib.
1102 2156 1138 2204 iii.
1151 2154 1182 2204 dc
1192 2156 1330 2206 Pontifico.
1343 2194 1349 2206 .
1363 2195 1368 2206 .

329 2246 380 2281 non
393 2231 544 2282 refutaverit.
579 2232 676 2283 Deinde
688 2235 769 2283 multu
780 2233 834 2285 Rex
846 2250 878 2284 cx
890 2235 951 2285 uou
965 2236 1066 2285 Abbuto
1083 2273 1089 2286 .
1107 2272 1114 2285 .
1133 2274 1138 2285 .
1156 2274 1162 2286 .
1179 2241 1311 2287 mutuatus
1322 2246 1368 2299 eet,

328 2312 451 2375 adquae.
470 2350 475 2361 .
494 2350 500 2362 .
519 2314 671 2377 respondit.
691 2352 696 2363 .
715 2351 720 2363 .
739 2314 996 2381 Eudemum-[Bell.
1013 2317 1087 2382 Apol.
1108 2332 1153 2380 pro
1172 2316 1367 2381 Recp.]p.127.

330 2395 396 2459 [Op.,
413 2399 473 2443 tom.
487 2396 528 2443 vii.
546 2396 602 2444 coll.
617 2396 672 2447 775.
682 2395 712 2444 D.
726 2396 780 2446 776.
790 2397 837 2460 A.]

101 2508 147 2623 He
158 2508 204 2559 hac
265 2496 388 2558 Potuit
406 2497 557 2558 intactam
574 2497 747 2578 relinquere
770 2502 867 2559 totam
883 2498 977 2578 Recio
993 2498 1030 2560 de
1045 2498 1242 2561 Antichristo
1258 2500 1366 2582 dielni-

100 2576 250 2688 figssssuffi'hss
264 2600 411 2660 tutionem
438 2599 626 2661 cardinalis,
677 2598 797 2676 Potuit,
827 2599 884 2661 sed
909 2601 1024 2662 uoluit.
1078 2600 1189 2663 Potuit
1213 2602 1365 2683 primum,

99 2704 244 2817 albicio
267 2704 347 2773 Quia
370 2704 402 2763 in
421 2703 645 2764 controversiis
664 2723 732 2764 eum
749 2701 821 2783 fere
841 2701 998 2781 refutauit,
1018 2703 1083 2780 ubi,
1104 2705 1174 2781 etsi,
1197 2707 1280 2786 quod
1294 2705 1366 2787 sere

99 2783 248 2898 conbibit]
256 2805 309 2886 fit,
326 2828 386 2868 uoci
402 2807 444 2887 fit
455 2833 469 2885 ;
492 2814 601 2870 tamon
622 2828 681 2870 nec
697 2805 769 2887 fere
783 2808 865 2869 illud
880 2828 950 2870 cere
965 2808 1005 2871 ab
1021 2808 1208 2872 ecdicium.
1254 2809 1364 2872 Pleru-

263 2931 324 2991 que
349 2911 435 2973 euim
455 2913 551 2992 plena
575 2911 619 2974 ibi
643 2922 754 2973 ciccum
768 2913 929 2994 congessit
953 2913 1030 2988 Rex,
1048 2933 1118 2995 quae
1141 2932 1200 2974 uec
1218 2913 1367 2976 extremis

261 3012 388 3094 diqiticl
404 3014 583 3076 Cardiuulis
598 3014 716 3095 attigit,
731 3013 814 3076 forte
830 3021 947 3090 autem,
963 3036 1004 3076 ue
1013 3019 1196 3096 pucnqereut.
1242 3015 1364 3092 Potuit,

264 3117 345 3188 Quia
359 3118 457 3178 inulto
473 3117 516 3178 ibi
532 3123 690 3178 ncutuutuc
705 3117 774 3178 Rex
794 3116 834 3177 cb
849 3117 982 3195 Abbium,
999 3138 1087 3199 quem
1104 3119 1176 3198 jam
1199 3117 1364 3182 debellauit

259 3218 456 3281 Eudemum.
504 3220 553 3282 Sit
568 3218 697 3282 Abbato
718 3240 775 3281 sua
797 3218 877 3295 laus,
900 3219 996 3282 silet
1019 3241 1105 3296 curu,
1127 3241 1167 3282 ne
1182 3218 1363 3282 Eudaemon

259 3323 312 3386 ille
334 3322 389 3385 diu
404 3322 583 3386 Eudaemou
599 3322 649 3384 sit.
695 3323 740 3384 At
756 3323 870 3403 liccem
890 3323 929 3383 ub
950 3324 1072 3385 Abbcto
1095 3344 1153 3385 cua
1176 3328 1361 3400 niutuctum,

259 3426 314 3508 qui
330 3427 389 3489 scit
405 3425 608 3489 Cardiuulis?
636 3425 689 3507 qui
712 3425 791 3487 scire
811 3426 940 3507 potuit?
986 3425 1111 3492 Quodsi
1133 3445 1193 3487 nec
1213 3424 1284 3500 scit,
1301 3447 1362 3488 nec

258 3529 338 3591 scire
353 3528 468 3611 potuit,
484 3536 698 3610 praetcrquom
722 3526 808 3609 quod
826 3527 1004 3590 inurbanus
1026 3527 1061 3590 in
1083 3549 1121 3590 eo
1144 3535 1202 3603 est,
1219 3536 1253 3590 et
1272 3548 1361 3590 com-

258 3631 360 3694 mittit
379 3631 414 3692 in
435 3629 537 3692 bonos
558 3650 674 3705 moreS,
691 3650 798 3691 annon
819 3630 977 3693 intereos
997 3630 1165 3713 ponendus
1184 3630 1224 3692 do
1245 3630 1362 3712 quibus

257 3734 400 3815 loquitur
424 3731 608 3814 Apostolus,
632 3733 682 3793 De
707 3733 817 3813 quibus
839 3734 978 3795 nesciunt
1003 3732 1207 3817 affirmantd?
1245 3733 1361 3814 Reqem

258 3837 455 3898 cantualem?
497 3836 569 3897 Imo
599 3835 680 3918 Regi
707 3835 775 3897 haec
801 3836 888 3899 domi
915 3847 1102 3912 nascuntur,
1131 3836 1286 3898 meditata
1311 3835 1361 3898 illi

257 3949 342 4018 cunt,
359 3963 377 4002 a
392 3940 503 4003 multis
515 3941 581 4022 jam
600 3941 701 4002 aunis.
749 3941 799 4002 Ab
814 3941 931 4003 Abbati
954 3952 1061 4004 autem
1078 3941 1187 4003 libro‘!
1215 3940 1271 4003 illo
1288 3940 1359 4021 qui-

256 4045 329 4108 dem
353 4045 416 4128 legi
438 4045 544 4126 digno,
561 4044 616 4107 sed
639 4066 735 4126 quam
760 4044 898 4108 necdum
921 4046 1001 4127 Regi
1017 4045 1139 4108 vucavit
1163 4044 1280 4126 legere,
1296 4065 1358 4107 nec

286 4209 297 4231 ¹
325 4199 402 4249 Cicer.
415 4199 447 4249 ud
460 4200 512 4248 Au.
526 4199 552 4247 ii.
566 4197 617 4260 25]
824 4197 918 4245 clirieto
935 4196 1089 4260 sophismate
1101 4196 1282 4259 disputationis
1294 4196 1355 4245 libri

286 4264 297 4295 ¹²
326 4260 692 4328 Cicer.proCcelio,cup.xii.]
824 4268 881 4320 tice,
902 4261 1005 4323 lngolol.
1020 4261 1101 4324 lube]

285 4338 295 4361 ⁶
329 4330 438 4379 Andreae
462 4326 717 4377 Eudemouboenuis
735 4324 779 4386 Cy·
855 4324 1006 4374 ‘'lilimi
1020 4327 1042 4376 7.

252 4388 779 4453 donli,cSocietcthccu,udvc1uusRo
856 4399 866 4423 ²
893 4390 1058 4454 [Antichristi
1091 4390 1286 4450 Demonstratio,
1311 4391 1355 4440 &c

248 4459 315 4511 betti
343 4459 441 4510 Abbcti
470 4456 619 4507 Oxouieuois
649 4455 681 4505 dc
706 4455 779 4508 Auti-
823 4458 932 4506 Auctore
944 4455 1052 4505 llobcrtc
1061 4454 1170 4514 Abboto,
1183 4455 1261 4504 houd.
1274 4455 1356 4520 1608]
