2910 4926
476 287 659 336 morconis
680 284 860 335 nrsrorsro.
1154 272 1215 335 201

117 459 166 530 ut,
187 452 261 536 jure
284 448 443 526 devoluto,
469 446 684 530 Episcopatus
708 443 851 507 conferre
875 450 1001 525 posset,
1027 441 1124 525 paulo
1144 464 1220 507 vero

118 562 192 640 post
211 555 449 619 concessionem
470 552 554 615 hanc
578 573 669 614 suam
691 549 859 613 revocavit.
904 549 1047 611 Actum
1068 547 1219 630 primum,

119 658 311 723 Edmundus
334 658 374 721 de
396 658 491 721 etalio
512 655 688 720 voluntario
711 653 873 737 cogitavit,
890 660 1061 736 postquam
1083 650 1130 714 ita
1146 671 1221 714 eum

119 761 305 825 ludificatus
321 759 483 823 Pontifex.

153 891 178 942 S.
190 891 336 941 Donatanus
353 927 358 941 .
371 927 378 940 .
392 891 441 941 ‚ab
453 891 560 952 Edvino,
572 890 709 940 mulierum
721 903 806 939 smore
816 891 941 952 corrupto,
954 887 982 937 in
993 888 1099 938 exilium
1110 887 1222 952 pellitur.

184 974 292 1040 -[Bell.
306 974 380 1038 Apol.
392 989 438 1038 pro
449 973 534 1038 Resp]
546 988 570 1038 p.
579 973 618 1024 71.
631 973 697 1037 [Op.,
709 972 820 1021 tomuli
833 971 877 1020 eol
888 972 943 1024 744.
956 970 999 1034 B.]

165 1075 355 1138 Dunstanus
386 1074 464 1157 quid
493 1074 560 1156 agit
586 1073 672 1136 inter
696 1072 765 1151 hos,
790 1072 883 1155 eujus
906 1071 989 1134 nihil
1012 1072 1112 1136 habet
1137 1093 1224 1137 com·
1237 1075 1356 1142 [snou-

122 1199 219 1242 mune
235 1199 330 1241 causa
345 1198 418 1240 cum
432 1177 589 1260 reliquis?
635 1177 723 1239 Nam
739 1175 904 1239 Dunstani
920 1175 1037 1239 saeculo
1052 1176 1224 1240 Pontifices
1236 1138 1361 1202 mm]

120 1282 183 1365 ipsi
205 1303 225 1344 a
248 1281 370 1343 Caesare
393 1280 594 1342 investituras
616 1278 811 1342 habuerunt.
866 1277 943 1341 Iseo
959 1278 1080 1342 scilicet
1095 1277 1224 1358 VIIIl’,

124 1386 269 1470 deposito
293 1386 425 1474 *Joanne
457 1385 561 1463 XII.⁰,
588 1406 608 1448 a
638 1406 701 1466 quo
731 1383 867 1447 donatus
897 1382 995 1465 pallio
1024 1383 1224 1447 Dunstsnus.

123 1490 171 1552 At
191 1491 266 1570 (pro
289 1510 347 1569 qao
365 1508 481 1569 possess
496 1487 702 1569 Daastanas,)
721 1487 883 1549 molieram
903 1507 1037 1549 ammam
1058 1488 1168 1551 ferunt
1190 1488 1227 1552 in

103 1591 269 1674 ¹Regibus
300 1591 497 1655 Pontifices:
535 1610 596 1653 nec
626 1590 815 1653 Dunstanos
845 1596 955 1671 agunt,
990 1599 1100 1654 ament
1130 1613 1227 1674 quam

125 1694 248 1773 volunt,
273 1706 351 1778 quot
368 1696 481 1759 volunt
503 1695 664 1771 mulieres,
688 1693 765 1756 dum
788 1702 904 1757 eaetera
927 1694 1077 1776 morigeri
1099 1695 1173 1772 sint,
1193 1701 1227 1758 et

126 1800 369 1864 Ecclesiasticus
384 1800 543 1863 libertates
558 1820 624 1862 non
638 1798 768 1861 violent.

159 1936 184 1986 s,
196 1935 274 1998 nugo
292 1975 297 1987 .
316 1972 323 1985 .
339 1971 347 1986 .
365 1973 372 1985 .
390 1935 574 1986 nincoinsenss
590 1949 642 1984 non
657 1949 735 1997 pausa
751 1935 872 1983 sustinuit
887 1949 903 1984 s
919 1935 987 1999 nege
1003 1935 1227 2002 araxos-[sen.
1285 1919 1345 1981 151

192 2017 266 2081 Apol.
278 2032 323 2080 pro
335 2016 419 2082 Resp]
431 2033 455 2081 p.
467 2018 481 2068 t
485 2021 506 2066 1.
525 2016 591 2082 [Op.,
602 2017 714 2066 tomuli.
727 2016 773 2066 col.
783 2017 837 2067 tlt.
851 2015 889 2080 0.]
1273 2041 1277 2049 ·

173 2114 272 2198 Hugo
286 2137 371 2194 vero,
396 2116 450 2199 qui
474 2116 556 2198 Regi
578 2115 701 2179 bellum
724 2116 859 2198 gerenti,
883 2123 916 2179 et
937 2118 1020 2199 (quse
1041 2116 1118 2180 belli
1140 2117 1230 2181 nervi
1244 2120 1283 2184 [s.
1296 2119 1382 2183 11⁰3*

129 2219 216 2301 sunt)
237 2219 380 2302 pecuniis
398 2218 567 2301 indigenti,
585 2218 754 2281 subvenire
768 2219 884 2296 noluit,
900 2240 942 2282 an
958 2227 990 2282 et
1005 2220 1032 2282 is
1047 2220 1083 2284 in
1099 2222 1230 2285 Sancto·
1242 2184 1372 2313 ffi,‚¹]¹¹n'

128 2342 198 2384 rasa
213 2343 348 2385 numero
363 2321 577 2385 inserendus?
624 2321 699 2399 Qui,
718 2343 813 2404 quem
825 2322 974 2386 Christus
988 2323 1065 2407 ipse,
1075 2346 1137 2406 pro
1152 2346 1185 2388 se
1200 2331 1231 2389 et

130 2426 237 2504 Petro,
250 2427 341 2488 solvit
353 2423 492 2489 cerssram‘¹
498 2452 508 2497 ;
534 2425 597 2507 qui,
612 2446 707 2508 quem
720 2426 837 2488 Caesari
852 2427 942 2489 reddi
948 2428 1049 2508 jussit
1061 2430 1203 2493 Christus
1208 2439 1231 2509 ⁶,

131 2528 222 2593 reddi
245 2530 384 2612 negavit,
401 2551 443 2591 an
465 2529 551 2592 inter
567 2530 700 2592 Sanctae
722 2551 794 2593 suos
810 2531 960 2594 Christus
975 2533 1132 2597 haberet?
1176 2538 1232 2599 An

132 2632 275 2695 Domina
289 2633 358 2715 ejus
376 2633 496 2694 Sancta
511 2631 627 2710 Maria,
645 2653 716 2715 quae
737 2633 772 2695 in
795 2632 1007 2718 descriptione
1022 2636 1176 2719 Augusti,
1192 2646 1230 2700 ut

129 2735 344 2818 profiteretur,
360 2755 530 2818 praegnans
546 2742 614 2796 tam
628 2735 761 2818 longum
778 2736 840 2800 iter
856 2759 985 2801 emensa
999 2738 1089 2802 ests?

164 2867 215 2917 Hie
226 2884 272 2917 nos
288 2882 386 2931 quoque
398 2867 602 2917 Ecclesiasticum
616 2868 746 2918 hominem
761 2874 884 2932 tenemus,
896 2873 936 2921 eui
948 2877 1009 2922 nota
1023 2878 1077 2924 erat
1088 2874 1233 2940 theologis,

197 2964 272 3013 quam
292 2950 398 3000 lesuitse
415 2949 490 2999 hodic
505 2950 604 3010 docent,
621 2965 672 3000 non
689 2966 742 3002 esse
758 2952 926 3003 obediendum
938 2955 1002 3018 Regi
1019 2957 1047 3005 in
1058 2958 1235 3021 prejudicium

197 3032 378 3081 Ecclesiasticus
398 3031 653 3097 libertatis—[Bell.
672 3033 745 3097 Apol.
763 3048 809 3096 pro
827 3034 912 3100 Resp.]
931 3051 956 3100 p.
972 3039 1012 3091 72.
1031 3038 1097 3103 [Op.,
1115 3046 1177 3091 tom.
1190 3042 1234 3093 vii.

199 3113 246 3164 col.
258 3115 313 3165 tat.
326 3113 369 3177 A]

180 3214 244 3279 Qui
256 3213 361 3276 necin
373 3234 407 3277 re
421 3214 558 3297 quadam
569 3215 659 3297 parvi
673 3216 829 3280 momenti
845 3219 1018 3299 gratificari
1030 3222 1112 3305 Regi
1123 3223 1234 3304 voluit,

133 3317 263 3380 huncne
275 3316 531 3379 Ecclesiasticum
546 3318 696 3379 homiaem
710 3323 791 3381 tenet
804 3318 1007 3384 Cardinalis?
1030 3323 1127 3406 hujus
1139 3326 1237 3390 verba

136 3415 297 3494 adscribit,
324 3437 395 3498 quae
421 3415 556 3479 doceant
581 3415 736 3496 subditos,
764 3418 847 3500 Regi
870 3417 1030 3484 bellorum
1056 3426 1237 3507 sumptibus

138 3519 304 3597 exhausto,
327 3540 366 3581 ex
388 3519 496 3602 inopia
517 3518 688 3598 laboranti,
712 3520 888 3585 subsidium
904 3524 945 3587 ab
961 3526 1006 3587 eis
1020 3529 1237 3595 necessarium

138 3621 382 3703 denegandum,
416 3629 571 3704 tanquam
595 3623 644 3685 sui
675 3624 784 3686 saeculi
810 3625 966 3689 Jesuitae?
1013 3630 1078 3692 Hic
1108 3632 1238 3713 quidem

136 3724 393 3787 Ecclesiasticam
423 3725 574 3785 lacertosos
604 3727 725 3803 tenetis,
750 3727 841 3810 cujus
867 3749 923 3791 vos
952 3730 1074 3812 pudere
1104 3734 1237 3799 debeat:

138 3827 264 3889 Patella
281 3827 436 3890 Jesaitica
461 3828 588 3908 stipatam
612 3830 815 3908 operculum&
861 3831 924 3894 Hie
947 3854 1003 3896 atos
1025 3858 1143 3919 qaoque
1161 3840 1238 3902 Car-

139 3931 273 3993 diaalem
295 3937 441 4007 tentaras,
463 3931 551 4011 majas
573 3932 636 3992 trec
655 3933 764 4012 prinae
786 3934 960 4016 Theolopia,
984 3938 1105 4022 Regem
1127 3952 1240 4006 contra

138 4033 247 4097 hostes
263 4033 479 4112 dimicantem,
495 4033 632 4116 pccrmia
646 4056 726 4116 opus
742 4035 926 4116 habentem,
942 4061 1008 4103 non
1024 4041 1240 4126 adjuvandum

139 4159 159 4199 a
174 4136 322 4199 subditis.

171 4306 183 4338 l
203 4308 282 4372 [Vide
303 4308 400 4358 Decrct.
422 4309 477 4357 Par.
490 4310 505 4357 i.
523 4308 589 4356 Dist.
602 4309 668 4357 lxiii.
747 4308 757 4339 ‘¹
788 4310 859 4360 Matt.
872 4313 932 4361 xvii.
947 4314 984 4363 27.

140 4388 194 4436 cip.
212 4375 285 4422 xxiii.
305 4373 351 4422 ‘ln
370 4373 594 4436 SynodoJ—Corp
614 4373 669 4423 Jnr.
747 4382 757 4406 ⁸
786 4375 859 4425 llatt.
873 4379 934 4425 xxii.
948 4312 997 4442 tld

142 4439 202 4488 Cau.
219 4438 309 4487 tomi.
328 4437 453 4503 colata]
747 4437 755 4469 ¹
790 4440 921 4491 bucata.

174 4501 412 4567 ‘[l‘lat.inlseou
427 4501 621 4566 villalta]
746 4512 758 4544 ¹
787 4504 917 4555 masma
969 4504 1096 4573 pala]
