2910 4926
264 267 329 329 380
580 276 622 324 ln
644 276 835 325 cincinnus
856 278 1055 327 emmunim

265 437 491 501 Mahometum
500 432 523 514 l,
539 433 729 517 interrogati
743 434 835 499 facile
850 436 1092 519 responderent.
1139 437 1181 501 Se
1196 437 1367 502 sententiae

266 561 332 603 suae
346 540 500 603 Auctores
520 537 620 600 fuisse
633 537 793 620 intrepide
808 537 927 613 dicent,
942 539 977 601 in
992 544 1060 602 tam
1075 539 1185 603 multis
1207 547 1275 603 tam
1299 562 1368 605 non

266 643 362 708 modo
377 641 509 706 diversis
521 640 608 704 inter
622 660 666 717 se,
685 639 741 703 sed
763 639 861 704 etiam
880 640 1018 705 adversis
1039 642 1217 720 sententiis,
1232 640 1282 705 fas
1305 641 1367 706 sihi

267 745 367 809 fuisse
389 766 462 808 sues
478 764 604 827 quoque
618 742 834 825 interponere.
878 742 951 807 Nec
969 743 1055 828 quod
1075 744 1146 808 istis
1164 744 1266 823 licuit,
1283 745 1367 829 Regi

267 847 380 912 debuit
393 868 459 911 non
474 847 578 910 licere.
617 844 681 908 Sed
695 845 754 908 ubi
770 845 924 909 memorie
938 846 1129 926 cardinalis,
1145 846 1223 911 dum
1238 848 1365 931 quaerit,

267 972 330 1035 quo
356 951 510 1014 auctore?
554 949 677 1012 Annon
703 948 790 1012 enim
818 969 858 1012 ex
883 948 1037 1015 Ahbeto?
1083 950 1149 1016 Qui
1171 951 1269 1014 toties
1294 952 1365 1036 jam

265 1053 347 1117 nihil
371 1053 484 1116 afferre
507 1053 630 1134 Regem
649 1050 740 1130 dixit,
756 1051 818 1114 nisi
839 1072 878 1114 er
897 1053 947 1115 vel
969 1052 1036 1131 illo,
1050 1052 1101 1116 vel
1116 1052 1364 1136 Brightmanno,

270 1155 415 1238 (scilicet)
439 1162 508 1218 tam
534 1153 641 1218 subito
667 1153 717 1217 sui
740 1154 919 1232 immemor,
939 1161 977 1218 ut
991 1155 1060 1238 jem
1085 1154 1237 1218 exciderit
1259 1155 1290 1219 ei
1313 1157 1366 1220 vel

264 1264 400 1341 uterque
422 1258 472 1321 vel
496 1257 587 1334 alter,
604 1276 699 1339 quem
721 1255 768 1319 its
793 1276 877 1339 saepe
902 1256 983 1340 Regi
998 1257 1166 1321 Auctorem
1187 1258 1364 1323 effinxerat.

265 1362 314 1425 Ut
342 1368 453 1424 tamen
482 1360 522 1423 de
551 1359 690 1423 Auctore
714 1357 914 1443 respondent.
960 1360 1032 1424 Nec
1062 1360 1102 1424 ab
1133 1381 1244 1424 eorum
1267 1383 1366 1426 sensu

262 1464 359 1548 longe
389 1463 524 1527 discedit
551 1463 632 1540 Rex,
662 1483 742 1546 quos
768 1462 814 1525 ibi
837 1462 1018 1527 cardinalis
1046 1464 1150 1543 affert,
1165 1465 1366 1548 Augustini‘

262 1566 394 1644 scilicet,
405 1573 448 1645 et,
461 1565 517 1650 qui
526 1572 601 1628 ante
611 1565 715 1643 illum,
721 1564 882 1629 Victorini
888 1563 907 1643 f,
918 1571 952 1628 et
961 1565 1016 1649 qui
1029 1574 1111 1649 post,
1124 1565 1241 1630 Bedaet
1250 1567 1366 1646 nostri,

262 1669 318 1752 qui
346 1669 382 1731 in
409 1669 516 1732 tribus
539 1669 651 1750 Equis,
681 1666 776 1749 Rufe,
809 1667 920 1750 Nipro,
949 1668 1087 1746 Pallido,
1119 1667 1204 1750 Rufo
1229 1669 1364 1749 bellum,

263 1772 364 1854 Nigro
379 1771 508 1848 famem,
524 1771 652 1834 Pallido
667 1778 790 1854 pestem
804 1769 1003 1853 intelligunt.
1047 1772 1119 1835 Nec
1133 1770 1203 1834 haec
1217 1794 1364 1855 unquam

261 1894 380 1957 negare
410 1873 493 1955 Regi
522 1873 659 1936 animus.
706 1873 773 1936 Sed
802 1872 859 1936 ubi
883 1873 1015 1952 bellum,
1041 1873 1087 1937 ibi
1110 1876 1229 1937 hortis:
1253 1877 1364 1954 hostis,

263 1997 358 2059 quem
384 1976 492 2058 gladio
521 1976 620 2059 petet
640 1976 786 2054 bellator,
817 1997 911 2059 quem
938 1977 1029 2058 Equo
1052 1977 1249 2060 insequetur.
1296 1979 1364 2046 Qui

261 2078 386 2161 Equum
408 2078 604 2157 conscendit,
631 2079 773 2161 gladium
802 2079 923 2157 eduxit,
951 2079 1090 2162 aliquem
1116 2079 1177 2143 sibi
1202 2082 1363 2165 proponit,

262 2202 356 2265 quem
372 2186 590 2265 persequatur,
602 2181 664 2243 nisi
676 2180 703 2243 si
715 2182 944 2244 Sciamoclriam
959 2180 1012 2245 hic
1022 2181 1201 2244 cardinalis
1211 2183 1363 2248 somniet.

262 2287 293 2347 1.
317 2286 359 2349 In
372 2286 464 2368 Equo
479 2285 560 2348 Ano
582 2287 714 2369 ejusque
737 2287 871 2364 Sessore,
888 2285 1100 2369 Triumphum
1123 2286 1244 2350 Christi
1265 2287 1363 2353 intel-

260 2389 348 2467 lexit,
366 2389 421 2471 qui
444 2410 502 2472 per
519 2390 694 2472 Apostolos
721 2389 830 2472 (etism
854 2388 932 2452 dum
953 2387 989 2450 in
1009 2388 1087 2451 vivis
1111 2390 1228 2471 esseut)
1255 2389 1364 2454 Even-

260 2491 381 2573 gelium
401 2491 443 2554 ad
462 2491 582 2555 multos
603 2492 669 2555 late
690 2497 890 2575 propageret.
936 2494 968 2555 2.
991 2491 1033 2554 In
1054 2489 1136 2572 Ruso
1157 2499 1275 2570 autem,
1295 2490 1365 2574 (qui

260 2594 427 2675 sanguinis
457 2596 544 2658 color
573 2596 633 2677 est)
662 2595 716 2677 qui
743 2596 868 2676 Equum
902 2595 1015 2674 album,
1043 2594 1077 2656 id
1106 2602 1165 2672 est,
1192 2593 1364 2658 credentes

260 2697 436 2780 Evangelio
461 2698 672 2776 Christianos,
703 2699 792 2762 omni
822 2698 1022 2762 crudelitatis
1053 2719 1171 2781 genere
1201 2700 1364 2781 persecuti

260 2806 347 2877 sunt,
372 2800 588 2882 Imperatores
605 2802 717 2864 Romae
737 2801 967 2883 sanguinarios.
1013 2802 1057 2864 Et
1080 2801 1150 2883 quis
1175 2801 1240 2864 fere
1260 2801 1363 2866 iuter·

259 2910 388 2984 pretum
411 2902 504 2965 aliter
526 2902 579 2966 hie
595 2903 739 2966 animum
754 2903 875 2966 habet?
920 2906 951 2966 3.
982 2905 1024 2966 In
1039 2904 1141 2985 Nigro
1157 2904 1274 2966 famem
1290 2905 1363 2987 qui-

260 3004 334 3067 dem
346 3011 379 3067 et
389 3005 468 3082 Rex,
479 3027 547 3068 non
562 3007 665 3069 solum
684 3015 792 3069 temen
807 3007 1002 3089 corporalem
1018 3007 1145 3083 ventris,
1156 3026 1219 3088 qua
1233 3027 1363 3087 panem,

260 3104 316 3168 scd
338 3112 371 3169 et
391 3107 590 3189 spiritualem
606 3111 726 3186 mentis,
748 3130 811 3190 que
835 3108 968 3171 verbum
990 3107 1052 3170 Dei
1073 3107 1193 3183 esurit,
1218 3127 1277 3169 nec
1298 3107 1364 3171 hoc

261 3231 379 3272 novum
395 3218 452 3288 est,
475 3232 548 3274 cum
564 3210 680 3274 literali
700 3232 798 3274 sensu
820 3210 1015 3294 spiritualem
1037 3211 1243 3293 conjungere.
1288 3210 1364 3274 Nec

294 3402 305 3433 ‘¹
323 3404 370 3468 [Ut
380 3403 505 3462 Joochim,
522 3405 674 3469 Seraphinus
691 3406 785 3455 Firma·
829 3401 1363 3468 ventursspcstesmsgnss.'‘-S.Victorin.

262 3483 317 3543 nus,
329 3473 355 3517 et
369 3469 421 3545 elii,
434 3485 495 3531 quos
505 3471 568 3519 citet
579 3472 652 3519 Gom.
663 3486 678 3520 u
690 3469 785 3533 lupide
829 3471 857 3518 in
874 3474 951 3546 Apoc.
975 3485 1028 3532 esp.
1043 3469 1076 3517 vi.
1086 3497 1118 3504 -
1128 3468 1192 3517 Gall.
1215 3467 1274 3517 Bib.
1294 3468 1363 3517 Pntr.

262 3532 423 3658 m‘Afffil'ids
434 3533 500 3660 8eigo
512 3599 578 3660 equi,
590 3597 667 3647 fumes
677 3601 703 3647 et
719 3597 786 3647 bello
829 3536 1023 3662 ιοῐῗῖἓὸξὶξέἐ
1035 3534 1118 3660 cddhde
1126 3531 1280 3658 ileldxdhdit
1292 3594 1363 3645 Beda

261 3664 287 3707 et
309 3662 387 3722 pestis
408 3661 597 3722 intelliguntur:
623 3661 787 3724 quodetiam
830 3662 862 3711 od
885 3665 963 3724 Apcc.
981 3677 1033 3724 cop.
1051 3663 1085 3710 ti.
1115 3662 1170 3723 Op,
1188 3665 1283 3709 tomv.
1304 3661 1362 3708 coll.

262 3724 386 3772 Dominus
404 3725 432 3772 iu
447 3725 584 3788 Evangelio
598 3741 643 3775 suo
659 3725 787 3788 praedixtt,
831 3728 887 3785 773,
906 3728 961 3777 774.
981 3726 1097 3776 “Contra
1114 3725 1244 3773 victricem
1261 3724 1365 3773 vincen-

261 3802 318 3849 quae
337 3787 432 3850 etjam
448 3789 560 3846 fiunt,et
577 3791 727 3839 imminente
746 3790 787 3839 die
831 3796 932 3853 temque
948 3791 1085 3839 Ecclesiam
1104 3789 1169 3837 exiit
1188 3802 1265 3851 equus
1283 3788 1362 3848 rusus,

257 3850 349 3912 judicii
361 3852 470 3914 amplius
480 3854 788 3904 futurasunt”-Psoudo
832 3853 859 3902 id
870 3860 909 3903 est
920 3855 1026 3918 populus
1037 3855 1146 3912 sinister,
1157 3868 1190 3901 ex
1206 3866 1299 3901 sessore
1314 3867 1363 3902 sno

262 3916 787 3981 Angust.Hom.v.inApoe.epudS.Aug.
831 3918 1172 3980 diabotosenguinolentus.”
1204 3916 1313 3978 “Equus
1324 3918 1362 3966 ni-

262 3981 788 4107 ,]

260 4121 335 4170 super
348 4060 405 4157 emh
422 4109 516 4159 hebens
530 4061 652 4170 g’ladiurh,
671 4110 736 4159 belle
752 4111 786 4158 fu·
831 4113 909 4160 socios
921 4110 1018 4160 loeduut
1029 4061 1074 4174 phr
1084 4124 1159 4172 opere
1178 4081 1362 4158 tenebrsrdm.”

260 4172 480 4234 turesIgnificsnt.
490 4209 512 4222 ..
525 4172 785 4236 Equusnigerfemcm
830 4175 864 4224 Et
872 4174 903 4224 dc
914 4191 977 4238 equo
989 4175 1093 4237 pallido,
1108 4179 1123 4201 “
1132 4172 1261 4226 Haeretici,
1272 4172 1316 4236 qui
1333 4187 1361 4224 se

258 4235 386 4297 significet
398 4274 403 4285 .
417 4273 423 4286 .
437 4237 538 4300 ,Equus
559 4242 642 4287 nutem
669 4238 785 4301 pallidus,
830 4239 972 4288 Catholicos
993 4240 1107 4302 pullinnt,
1131 4242 1211 4286 morto
1235 4236 1361 4288 inhahite-

257 4301 338 4363 etqui
349 4300 452 4350 sedebat
461 4316 536 4363 super
545 4316 603 4351 eum
614 4316 706 4351 nomen
715 4302 786 4351 hehe·
830 4305 892 4352 trieo
900 4303 980 4365 digni,
988 4303 1143 4366 perdItorum
1155 4305 1211 4365 post
1222 4316 1247 4350 se
1256 4302 1361 4364 rapiunt

257 4362 302 4412 nst
320 4364 398 4413 nors.
433 4364 496 4414 Herc
507 4364 594 4414 eedem
611 4380 708 4428 quoque
719 4368 786 4415 iuter
829 4367 1000 4431 exercitum.'']

257 4431 360 4478 creturus
379 4428 461 4479 clades
483 4431 631 4492 promiserat
662 4431 783 4480 llourinus
