2910 4926
458 272 641 322 leomansi
663 272 846 322 noseorum.
1162 259 1207 324 43

104 430 184 515 quin
199 429 349 514 perierit:
371 427 434 493 nisi
455 451 516 514 ope
537 430 708 514 plusquam
722 430 874 510 humana,
891 429 1010 495 Divina
1031 452 1148 516 nempe
1168 431 1208 496 dc

105 536 198 614 eoelo,
214 556 326 599 semen
343 534 625 619 ejusherbeseens,
648 535 689 598 ad
713 534 861 598 culmum
887 535 1041 618 primum,
1068 543 1142 620 post
1166 537 1208 599 ad

103 639 326 703 maturitatem
354 638 562 722 pervenisset.
617 639 697 703 Nou
724 638 797 703 illos
825 638 1004 702 nominarit
1034 660 1111 723 ergo
1138 640 1208 703 Rex

103 744 288 824 Apostolos:
312 763 374 806 nee
393 750 432 806 tu
447 764 593 826 uuquam
610 742 737 820 Knoxo,
758 741 905 806 Knoxive
920 742 1089 821 similibus,
1104 743 1207 807 bono·

102 867 173 910 rem
187 846 275 911 hune
290 868 310 910 a
324 847 413 929 Rege
427 846 539 911 haberi
553 854 658 930 putes.

149 950 217 1029 Sin,
234 949 385 1034 aquibus
410 957 523 1033 aperta
541 950 588 1014 ibi
608 949 771 1033 Religioni
785 950 897 1033 janua,
914 948 995 1013 seire
1009 949 1079 1013 vult
1096 949 1206 1013 Cardi-

104 1054 195 1132 nalis,
211 1057 285 1137 quio
300 1055 338 1118 de
351 1055 443 1117 rebus
457 1055 517 1118 sibi
531 1056 708 1137 iaeopoitis,
721 1061 751 1118 et
765 1057 831 1117 sine
842 1054 980 1118 Auctore
994 1056 1046 1119 bic
1060 1056 1207 1136 loquitar,

103 1158 253 1222 indicabo
267 1158 366 1223 brevi.
404 1160 551 1224 Fuerunt
566 1159 724 1223 Patricius
736 1159 986 1238 Hamiltonius¹,
1003 1167 1036 1224 et
1049 1159 1207 1242 Georgius

104 1262 318 1342 Wishartusr,
340 1264 505 1349 Martyres
531 1263 636 1342 ambo,
661 1263 725 1346 qui,
748 1285 819 1347 quae
846 1263 1024 1328 deformata
1046 1270 1152 1328 essent
1171 1263 1206 1326 in

103 1366 263 1450 Papismo,
282 1367 398 1431 Scotiae
421 1365 516 1451 primi
537 1375 749 1450 aperuerunt:
773 1380 854 1446 tum,
880 1389 944 1450 qua
961 1366 1086 1431 ratione
1104 1367 1205 1430 refor-

104 1470 186 1533 mari
203 1478 343 1554 possent,
362 1492 438 1536 voce
460 1477 493 1535 et
514 1471 632 1554 scripto
655 1471 840 1535 indicarunt
863 1472 977 1554 primo,
995 1477 1067 1555 post
1086 1471 1153 1534 vita
1171 1478 1205 1535 et

104 1579 260 1658 sanguiue
275 1575 515 1660 consignarunt.
554 1575 635 1653 Viri,
650 1576 685 1639 in
701 1575 817 1659 quibus
831 1596 898 1639 non
912 1574 1009 1639 modo
1022 1575 1204 1655 formasset

68 1665 76 1675 ⁶
103 1679 206 1743 virtus
225 1681 295 1764 ipsa
313 1681 462 1765 pietatis:
485 1701 545 1744 nee
563 1680 631 1744 ulla
644 1680 796 1744 vitiorum
810 1680 883 1744 labe
898 1679 1078 1744 deformati.
1125 1682 1202 1744 Sus-

105 1793 259 1868 eeperunt
273 1794 347 1869 post
362 1807 416 1849 eos
431 1806 500 1848 rem
512 1784 611 1868 Angli
624 1784 753 1868 quidam
769 1785 808 1848 de
822 1784 954 1862 nostris,
966 1783 1022 1868 qui
1036 1806 1204 1850 accensam

104 1887 227 1952 abillis
248 1889 418 1969 faeem,ne
440 1889 585 1972 extingui
611 1889 716 1953 denuo
738 1894 854 1971 posset,
875 1908 935 1971 ope
960 1910 1023 1972 qua
1045 1897 1204 1973 poterant,

104 2000 202 2076 atque
223 2015 321 2078 opera
346 1994 445 2073 omni,
462 1993 601 2076 agebant
623 1993 743 2057 sedulo.
789 1993 873 2056 Cum
896 1992 940 2055 sic
962 1998 1070 2056 autem
1094 1994 1205 2058 sedulo

104 2105 248 2178 agerent,
264 2097 507 2162 intervenerunt
529 2096 577 2159 illi
595 2096 688 2179 (quos
711 2117 808 2178 supra
830 2095 1019 2160 memoravit
1046 2097 1127 2179 Rex)
1145 2097 1205 2160 viri

104 2200 249 2276 factiosi3
272 2201 320 2264 illi
335 2201 427 2265 alteri
443 2200 588 2264 Ministri
602 2200 793 2264 Tribunitii:
819 2200 873 2283 qui
889 2199 1008 2264 mirum
1024 2200 1060 2264 ni
1075 2201 1205 2265 evertis·
1274 2225 1277 2232 ·

105 2311 179 2366 sent
193 2303 311 2367 iterum
330 2325 400 2367 rem
424 2301 613 2387 Religionis.
658 2303 762 2380 Certe,
778 2302 858 2366 adeo
873 2303 902 2366 ei
916 2302 1048 2365 fuerunt
1070 2302 1204 2386 impedi·

103 2413 226 2484 mento,
252 2413 290 2469 ut
315 2408 465 2470 miraculo
488 2428 570 2488 pene
598 2407 705 2470 locum
729 2406 873 2484 feceriut,
899 2405 984 2489 quod
1007 2427 1075 2491 per·
1094 2427 1204 2470 eorum

103 2509 216 2573 turbas
231 2508 495 2575 et'temeritatem
509 2511 632 2574 factum
646 2532 713 2575 non
727 2510 835 2590 fuerit,
847 2518 885 2574 ut
900 2517 1029 2593 recepta
1039 2512 1107 2596 jam
1123 2534 1206 2596 pene

104 2621 202 2697 atque
216 2615 400 2679 introducta
415 2616 629 2680 exterminata
644 2619 685 2679 sit
702 2616 818 2681 denuo.

138 2748 214 2800 Dicet
229 2751 333 2801 fortasse
349 2750 437 2801 divino
454 2752 584 2812 miraculo,
597 2767 641 2815 per
655 2751 772 2802 hominos
789 2752 942 2804 deformatos
957 2753 1027 2803 omni
1041 2768 1133 2817 genere
1148 2754 1207 2804 riti·

171 2845 251 2892 emm,
270 2837 296 2880 et
309 2832 352 2894 qui
368 2833 400 2882 ab
411 2831 593 2896 Apostolorum
610 2833 748 2882 virtutibus
765 2834 913 2897 longissime
930 2834 1022 2895 absint,
1032 2835 1206 2899 Apostolieam

170 2912 246 2961 fidem
259 2913 286 2962 in
297 2913 382 2965 Sestio
392 2915 536 2964 restitutam
547 2929 608 2964 esse.
641 2914 677 2964 lt
685 2929 730 2964 nos
743 2920 830 2965 eontra
840 2917 934 2966 seimus
944 2915 1057 2967 divinam
1069 2917 1151 2980 legem
1162 2932 1209 2981 por

170 2991 267 3041 llosem
278 2997 305 3043 et
316 2993 454 3058 Prophetas
465 2995 532 3044 vires
543 2994 714 3044 sanctissimos
726 2994 912 3045 introductam:
931 2996 1098 3060 Evangelium
1111 2996 1208 3048 Christi

171 3090 216 3138 per
230 3076 388 3139 Apostolos„
401 3113 408 3127 .
420 3111 426 3125 .
438 3082 518 3126 eoelus
535 3077 669 3126 hominum
688 3077 842 3139 reformatos,
862 3093 924 3142 quos
941 3079 1049 3129 Ordines
1067 3079 1208 3143 Religiosos

171 3157 336 3220 appellamus,
353 3173 399 3221 per
416 3158 532 3208 homines
549 3158 684 3208 excellenti
701 3159 796 3209 virtute
812 3159 941 3224 preditos,
958 3160 1207 3228 institutos-[Beli.

171 3238 247 3301 Apol.
258 3253 305 3303 pro
316 3238 401 3303 Resp]
413 3254 438 3304 p.
449 3242 486 3289 11.
500 3239 569 3304 [Op.,
581 3244 643 3290 tom.
653 3241 695 3290 vii.
708 3241 764 3291 eoll.
777 3241 832 3292 710.
844 3240 876 3290 D.
888 3240 944 3293 711.
954 3240 1001 3305 A.]

151 3355 267 3439 Neque
283 3378 369 3440 erge,
386 3359 476 3441 quasi
485 3358 622 3421 divinum
638 3358 672 3421 in
687 3379 725 3422 eo
739 3360 922 3422 miraculum
935 3358 1037 3442 ponit,
1054 3358 1139 3442 quod
1148 3380 1210 3441 per

108 3462 244 3524 lonciaco
259 3461 447 3543 deformatos
461 3465 544 3526 omni
557 3465 704 3526 viliorum
715 3483 828 3545 ponere
846 3464 994 3526 restitute
1008 3462 1112 3544 feerit
1126 3464 1210 3545 fides

106 3565 142 3627 io
157 3566 275 3628 Scotto.
320 3565 396 3630 Non
413 3588 470 3648 per
485 3566 679 3630 deformatos
695 3566 786 3645 ullos,
808 3565 907 3649 (vides
923 3567 994 3651 jam
1008 3566 1134 3650 opinor)
1152 3566 1210 3631 sed

106 3674 295 3753 praestantes
317 3669 417 3732 animi
437 3670 651 3753 Martyriique
673 3670 767 3733 viros.
811 3669 865 3733 Ne
880 3672 1058 3734 restitutam
1080 3670 1210 3754 quidem

108 3772 187 3836 dicit
193 3773 303 3855 fidem.
348 3773 443 3837 mdes
463 3794 533 3857 quae
552 3773 667 3852 fuerat,
682 3774 803 3839 mansit
823 3775 955 3839 eadem:
979 3783 1107 3840 tantum
1122 3775 1158 3840 in
1172 3797 1211 3840 ea

112 3878 195 3960 (quoe
207 3884 297 3941 extra
305 3876 403 3959 fidem
418 3877 565 3960 sortasse)
582 3878 727 3942 doctrina
741 3900 874 3959 errores,
884 3879 920 3943 in
935 3879 1077 3944 moribus
1092 3880 1211 3945 abusus

108 3981 330 4046 invaluerant:
354 3982 377 4046 ii
399 3982 624 4046 reformatione
649 4005 728 4066 opus
750 3983 931 4060 habebant3
955 3985 1119 4049 reformati
1139 4007 1211 4069 pro·

110 4083 185 4148 inde
205 4093 293 4148 suut.
337 4085 410 4149 Nee
430 4085 465 4148 in
485 4106 523 4148 eo
543 4085 577 4148 id
594 4085 715 4149 factum
737 4087 822 4169 quod
844 4089 974 4152 aMose
992 4111 1066 4154 eum
1087 4089 1210 4172 Lepem,

110 4188 197 4271 quod
212 4188 252 4251 ab
265 4189 435 4269 Apostoiis,
452 4210 524 4253 cum
540 4190 745 4272 Eooopeliem
766 4192 870 4275 primo
892 4194 1155 4276 promulgarunt:
1178 4191 1212 4254 id

110 4293 229 4376 potius,
246 4293 333 4377 quod
348 4315 368 4356 a
383 4294 549 4377 Josaphat,
566 4295 621 4377 qui
640 4300 819 4359 contractas
838 4297 897 4360 sub
913 4298 979 4360 Asa
996 4307 1086 4380 patre
1104 4295 1213 4359 sordes
1308 4338 1313 4347 ·

144 4437 251 4502 ¹[Vido
273 4436 438 4501 Spotaworio’s
461 4437 530 4486 llist.
549 4439 576 4485 ol
596 4438 640 4486 tho
717 4437 1009 4503 r[1bid.pp.76-82.]

111 4500 213 4551 Ohurelr
225 4503 253 4552 in
261 4502 389 4563 Seotlaud,
401 4503 445 4552 lib.
454 4503 481 4552 ii.
490 4517 531 4566 pp.
540 4505 580 4562 62,
589 4502 640 4565 es]
