2910 4926
621 908 674 973 An
697 910 806 973 Creon
829 909 999 976 Quirinum.

295 1123 366 1182 Quod
375 1126 515 1178 Cordinalis
522 1129 692 1182 Bellerminus
701 1132 772 1182 nulla
782 1133 876 1196 injuria
883 1131 979 1195 Regem
990 1132 1081 1193 affecit,
1091 1147 1149 1183 cum
1161 1132 1367 1198 Apostolicorum

327 1207 454 1270 Brevium‚
465 1215 491 1260 et
508 1211 631 1275 Epistolee
647 1229 699 1262 suae
716 1214 887 1264 defensionem
905 1214 1131 1279 suscepit—[Bell.
1144 1215 1219 1280 Apol.
1231 1230 1277 1279 pro
1291 1214 1365 1277 Resp.

327 1303 351 1352 p.
360 1291 399 1340 43.
417 1292 473 1356 0p.,
484 1297 546 1342 tom.
555 1294 599 1344 vii.
611 1295 658 1343 col.
669 1296 724 1346 729.
734 1294 780 1358 A.]

265 1415 356 1486 Quod
368 1418 518 1500 Pontifin·
532 1421 651 1502 injuria
664 1420 778 1503 Regnent
792 1421 907 1503 offecit,
921 1441 989 1484 cum
1004 1423 1131 1502 Brevia,
1144 1424 1366 1501 Bellorminne,

304 1541 373 1583 cnm
396 1524 575 1605 Epistulam
600 1511 728 1606 scripsit
747 1527 873 1607 primo.-
911 1526 1040 1606 Itone-ns,
1064 1547 1132 1589 cnm
1155 1528 1311 1606 Breeinne,
1335 1532 1367 1590 el

303 1626 455 1706 Epistola
470 1625 674 1709 defensionem
689 1630 833 1711 succepit.

291 1973 330 2023 De
341 1972 483 2036 pulveraria
498 1971 688 2036 conjuratione.
707 2009 713 2021 .
730 2009 737 2023 .
755 1972 822 2036 quod
839 1973 904 2022 mihi
922 1971 1058 2023 dicendum
1076 1972 1217 2033 videbatur,
1229 1973 1317 2038 scripsi
1336 1975 1365 2024 in

323 2055 374 2105 alio
385 2054 589 2119 libello—[Bell.
601 2055 675 2120 Apol.
687 2069 732 2119 pro
744 2052 828 2120 Resp]
840 2070 864 2119 p.
877 2056 915 2107 le.
929 2055 996 2119 [Op.,
1007 2060 1069 2105 tom.
1081 2055 1124 2105 vii.
1136 2056 1182 2105 col.
1192 2056 1247 2107 729.
1255 2054 1299 2121 A]

98 2179 150 2243 [De
163 2182 248 2245 pelve
259 2171 365 2235 Num.
384 2172 554 2255 quicquam
577 2171 672 2235 credo
691 2170 817 2235 tristius
839 2170 984 2234 accidere
1003 2192 1108 2255 posse,
1124 2179 1181 2234 aut
1200 2171 1286 2254 quod
1308 2193 1365 2255 pe·

95 2248 162 2295 raris
173 2248 235 2297 Cou-

90 2309 239 2377 juratione]

255 2275 335 2359 Jon's
357 2274 399 2337 sit
422 2275 539 2337 ominis
564 2273 739 2351 (luminali,
767 2295 863 2357 quam
886 2273 913 2336 si
935 2295 1073 2355 usquam
1095 2273 1217 2337 incidet
1241 2275 1365 2338 mentio

259 2377 300 2440 (10
321 2378 509 2440 Pulvernriu
532 2378 771 2458 conjuratione:
798 2377 852 2439 Ita
869 2375 988 2459 refugit
1009 2398 1152 2460 semper:
1179 2376 1226 2441 ita
1248 2399 1364 2461 parcus

259 2480 430 2544 verborum
459 2479 598 2543 transilit
628 2479 747 2542 statim.
804 2479 943 2542 Solenne
972 2479 1035 2543 hoc
1064 2486 1097 2542 et
1122 2479 1264 2562 reliquis.
1316 2482 1364 2544 At

259 2605 478 2667 numquamne
493 2583 663 2647 resciscere
684 2582 822 2659 dabitur,
840 2603 911 2664 quac
926 2582 1016 2646 vobis
1030 2583 1144 2646 Romae
1164 2582 1204 2647 dc
1219 2583 1362 2647 facinore

258 2694 327 2749 tam
356 2694 441 2750 tetro
470 2686 588 2749 mons?
627 2686 848 2768 Nunquamne
879 2685 918 2748 (10
948 2707 986 2749 00
1015 2685 1125 2749 feretis
1155 2688 1362 2764 sententiam,

259 2788 362 2872 doque
377 2789 416 2851 iis
432 2789 486 2871 qui
502 2789 532 2852 ci
546 2789 651 2852 facem
666 2788 901 2871 praetulerunt?
928 2789 993 2852 Sed
1008 2809 1066 2852 cur
1082 2789 1142 2854 hoc
1153 2792 1223 2875 jam
1239 2798 1363 2874 quaerat

259 2892 352 2973 quis?
397 2893 480 2955 Cum
496 2893 602 2974 Caput
618 2892 755 2955 altorum
772 2891 1012 2976 Conjurationis
1037 2893 1288 2975 Greenwellus⁸,
1307 2894 1363 2976 qui

258 3015 327 3057 rem
349 2996 478 3058 rescivit
500 3017 641 3073 omnem,
657 3004 690 3058 et
713 3018 732 3058 a
752 3019 815 3079 quo
838 2997 905 3079 ipsc
929 2997 1109 3060 Garnettus
1132 3018 1202 3061 rem
1224 2999 1361 3078 rescivit,

261 3099 405 3180 (scilicet)
433 3097 488 3180 qui
509 3105 560 3161 tot
583 3099 766 3162 Proditores
789 3100 980 3163 absolutione
1006 3122 1065 3163 sua
1087 3100 1223 3163 absolvit
1246 3122 1265 3164 a
1287 3102 1360 3180 fidc,

247 3202 428 3281 juramento
448 3201 621 3265 obstrinxit
636 3202 678 3265 ud
696 3202 874 3285 perfidiam,
890 3202 1097 3266 Euclrorielin
1119 3203 1300 3267 obfirmavit
1320 3204 1362 3267 ad

258 3306 372 3384 scehm,
403 3305 502 3369 ctiam
531 3306 611 3369 tuba
639 3314 714 3390 post
744 3306 861 3370 occinit
892 3305 933 3368 ad
957 3306 1081 3388 (aperto
1107 3307 1228 3389 Morte)
1257 3305 1360 3370 robel-

257 3409 386 3486 lionem‚
412 3415 486 3491 post
516 3416 566 3472 tot
591 3410 720 3487 scelera,
747 3409 826 3473 adeo
857 3408 1008 3473 Pontifici
1033 3430 1100 3472 non
1124 3408 1299 3492 displiceat,
1322 3417 1361 3472 ut

257 3534 331 3574 cum
355 3512 467 3574 Romae
489 3511 617 3589 habeat,
633 3512 668 3574 in
694 3512 768 3574 sinu
791 3512 906 3587 foveat,
923 3519 1078 3594 tanquam
1104 3510 1144 3574 de
1168 3512 1254 3575 bono
1274 3511 1361 3575 sacto

257 3622 480 3678 remuneratus
496 3615 547 3692 sit,
564 3614 605 3677 ad
622 3616 654 3677 S.
669 3615 767 3694 Petri,
782 3615 1063 3679 Poenitcntiarium
1075 3615 1143 3699 jam
1159 3614 1282 3693 fecerit,
1298 3616 1361 3679 hoe

256 3718 311 3781 ille
325 3719 466 3801 pretium
482 3719 611 3782 sceleris
627 3742 646 3783 a
661 3721 817 3783 Pontifiee
831 3720 953 3783 tulerit.
989 3721 1033 3782 Et
1048 3719 1159 3782 abesse
1174 3718 1225 3781 vix
1241 3727 1359 3803 potest,

258 3822 335 3904 quin
353 3823 495 3904 ejusdem
511 3823 652 3887 hominis
667 3823 718 3900 sit,
735 3823 789 3905 qui
810 3830 960 3905 agentem
976 3821 1100 3905 probet,
1117 3822 1278 3885 actionem
1293 3844 1360 3886 non

256 3926 438 4010 improbare
447 3951 456 4002 3
481 3926 537 4009 qui
551 3927 644 3990 illum
659 3925 775 4003 foveat,
791 3926 867 3990 huic
883 3927 998 3990 lavere.

302 4029 495 4111 Quanquam
516 4028 556 4092 de
578 4029 696 4092 scelere
715 4028 777 4092 hoc
797 4029 986 4112 pulverario,
1003 4030 1069 4092 dies
1085 4030 1166 4093 diem
1189 4029 1309 4109 docete,
1326 4037 1359 4095 ct

257 4152 326 4194 rem
346 4131 449 4213 magis
472 4131 637 4214 maom'sque
653 4130 779 4214 profert
799 4135 833 4195 in
854 4133 1026 4214 opinante
1074 4133 1163 4195 Dum
1181 4133 1249 4198 lraec
1271 4134 1359 4196 enim

288 4305 299 4328 ¹
315 4297 367 4363 [Al.
375 4297 519 4363 Grcenwny,
526 4300 558 4349 ul.
566 4299 699 4349 Tesmond.
716 4299 783 4347 Vide
859 4297 870 4329 '³
886 4298 943 4426 qu.
956 4298 1055 4362 xix.2.]

254 4361 380 4413 lardine's
393 4363 471 4413 Crim.
484 4364 572 4426 Trisls,
583 4369 645 4414 tom.
654 4364 680 4411 11.
692 4377 716 4426 p.
726 4364 781 4421 285,
859 4371 869 4392 ⁰

901 4362 964 4412 Vide
978 4362 1039 4412 llor.
1053 4363 1098 4428 Ep.
1112 4365 1131 4414 1.
1142 4368 1166 4417 6,
1178 4365 1227 4429 21]

255 4432 283 4477 et
294 4427 367 4478 Preel.
385 4443 409 4494 p.
422 4429 489 4493 xiii]
