<?xml version="1.0" encoding="UTF-8"?>
<!DOCTYPE html PUBLIC "-//W3C//DTD XHTML 1.0 Transitional//EN"
    "http://www.w3.org/TR/xhtml1/DTD/xhtml1-transitional.dtd">
<html xmlns="http://www.w3.org/1999/xhtml" xml:lang="en" lang="en">
 <head>
  <title>
</title>
<meta http-equiv="Content-Type" content="text/html;charset=utf-8" />
  <meta name='ocr-system' content='tesseract 3.04.00' />
  <meta name='ocr-capabilities' content='ocr_page ocr_carea ocr_par ocr_line ocrx_word'/>
</head>
<body>
  <div class='ocr_page' id='page_1' title='image "./responsioadapol00andrgoog_0249.png"; bbox 0 0 2910 4926; ppageno 0'>
   <div class='ocr_carea' id='block_1_1' title="bbox 250 262 1042 324">
    <p class='ocr_par' dir='ltr' id='par_1_1' title="bbox 250 262 1042 324">
     <span class='ocr_line' id='line_1_1' title="bbox 250 262 1042 324; baseline -0.005 0"><span class='ocrx_word' id='word_1_1' title='bbox 250 262 317 324; x_wconf 82' lang='lat'>206</span> <span class='ocrx_word' id='word_1_2' title='bbox 566 271 608 320; x_wconf 75' lang='lat' dir='ltr'>so</span> <span class='ocrx_word' id='word_1_3' title='bbox 630 270 821 321; x_wconf 79' lang='lat' dir='ltr'>esnnmsms</span> <span class='ocrx_word' id='word_1_4' title='bbox 842 270 1042 320; x_wconf 75' lang='lat' dir='ltr'>emersurnr</span> 
     </span>
    </p>
   </div>
   <div class='ocr_carea' id='block_1_2' title="bbox 251 418 1361 2171">
    <p class='ocr_par' dir='ltr' id='par_1_2' title="bbox 251 418 1361 2171">
     <span class='ocr_line' id='line_1_2' title="bbox 251 418 1354 515; baseline 0 -19"><span class='ocrx_word' id='word_1_5' title='bbox 251 418 342 510; x_wconf 84' lang='lat' dir='ltr'>nulli,</span> <span class='ocrx_word' id='word_1_6' title='bbox 382 431 438 515; x_wconf 89' lang='lat' dir='ltr'>qui</span> <span class='ocrx_word' id='word_1_7' title='bbox 467 430 560 494; x_wconf 90' lang='lat' dir='ltr'>illum</span> <span class='ocrx_word' id='word_1_8' title='bbox 588 430 675 493; x_wconf 88' lang='lat' dir='ltr'>inter</span> <span class='ocrx_word' id='word_1_9' title='bbox 710 428 842 493; x_wconf 86' lang='lat' dir='ltr'>Aulicos</span> <span class='ocrx_word' id='word_1_10' title='bbox 865 429 999 512; x_wconf 85' lang='lat' dir='ltr'>Reginae</span> <span class='ocrx_word' id='word_1_11' title='bbox 1022 432 1246 512; x_wconf 77' lang='lat' dir='ltr'>Etmrsmms,</span> <span class='ocrx_word' id='word_1_12' title='bbox 1267 453 1354 497; x_wconf 93' lang='lat' dir='ltr'>com-</span> 
     </span>
     <span class='ocr_line' id='line_1_3' title="bbox 251 533 1356 620; baseline 0.002 -20"><span class='ocrx_word' id='word_1_13' title='bbox 251 536 438 601; x_wconf 84' lang='lat' dir='ltr'>meminisse</span> <span class='ocrx_word' id='word_1_14' title='bbox 449 542 596 618; x_wconf 84' lang='lat' dir='ltr'>possunt:</span> <span class='ocrx_word' id='word_1_15' title='bbox 615 556 679 617; x_wconf 83' lang='lat' dir='ltr'>qua</span> <span class='ocrx_word' id='word_1_16' title='bbox 688 533 724 596; x_wconf 93' lang='lat' dir='ltr'>in</span> <span class='ocrx_word' id='word_1_17' title='bbox 730 533 815 597; x_wconf 82' lang='lat' dir='ltr'>Aula</span> <span class='ocrx_word' id='word_1_18' title='bbox 825 533 880 616; x_wconf 93' lang='lat' dir='ltr'>qui</span> <span class='ocrx_word' id='word_1_19' title='bbox 892 533 1046 599; x_wconf 81' lang='lat' dir='ltr'>educatus</span> <span class='ocrx_word' id='word_1_20' title='bbox 1056 537 1172 616; x_wconf 86' lang='lat' dir='ltr'>fuerat,</span> <span class='ocrx_word' id='word_1_21' title='bbox 1183 560 1246 620; x_wconf 88' lang='lat' dir='ltr'>qua</span> <span class='ocrx_word' id='word_1_22' title='bbox 1256 537 1356 602; x_wconf 86' lang='lat' dir='ltr'>fuerit</span> 
     </span>
     <span class='ocr_line' id='line_1_4' title="bbox 252 637 1356 725; baseline 0.001 -22"><span class='ocrx_word' id='word_1_23' title='bbox 252 640 325 719; x_wconf 84' lang='lat' dir='ltr'>fide,</span> <span class='ocrx_word' id='word_1_24' title='bbox 343 660 414 723; x_wconf 89' lang='lat' dir='ltr'>quae</span> <span class='ocrx_word' id='word_1_25' title='bbox 437 638 648 702; x_wconf 88' lang='lat' dir='ltr'>fundamenta</span> <span class='ocrx_word' id='word_1_26' title='bbox 664 637 841 719; x_wconf 83' lang='lat' dir='ltr'>Religionis</span> <span class='ocrx_word' id='word_1_27' title='bbox 859 637 985 721; x_wconf 82' lang='lat' dir='ltr'>jecerit,</span> <span class='ocrx_word' id='word_1_28' title='bbox 1002 639 1073 722; x_wconf 90' lang='lat' dir='ltr'>quis</span> <span class='ocrx_word' id='word_1_29' title='bbox 1095 662 1162 704; x_wconf 90' lang='lat' dir='ltr'>non</span> <span class='ocrx_word' id='word_1_30' title='bbox 1182 640 1356 725; x_wconf 80' lang='lat' dir='ltr'>conjiciet?</span> 
     </span>
     <span class='ocr_line' id='line_1_5' title="bbox 253 740 1355 826; baseline 0.002 -20"><span class='ocrx_word' id='word_1_31' title='bbox 253 743 447 820; x_wconf 71' lang='lat' dir='ltr'>Praesertim,</span> <span class='ocrx_word' id='word_1_32' title='bbox 463 743 560 805; x_wconf 88' lang='lat' dir='ltr'>Patre</span> <span class='ocrx_word' id='word_1_33' title='bbox 575 743 643 826; x_wconf 88' lang='lat' dir='ltr'>ejus</span> <span class='ocrx_word' id='word_1_34' title='bbox 663 740 773 823; x_wconf 84' lang='lat' dir='ltr'>(Regis</span> <span class='ocrx_word' id='word_1_35' title='bbox 787 742 858 804; x_wconf 86' lang='lat' dir='ltr'>Avo</span> <span class='ocrx_word' id='word_1_36' title='bbox 881 741 1037 826; x_wconf 78' lang='lat' dir='ltr'>Paterno)</span> <span class='ocrx_word' id='word_1_37' title='bbox 1061 744 1203 807; x_wconf 83' lang='lat' dir='ltr'>Leviniae</span> <span class='ocrx_word' id='word_1_38' title='bbox 1219 744 1355 822; x_wconf 89' lang='lat' dir='ltr'>Comite,</span> 
     </span>
     <span class='ocr_line' id='line_1_6' title="bbox 253 844 1357 928; baseline 0.001 -18"><span class='ocrx_word' id='word_1_39' title='bbox 253 846 295 910; x_wconf 91' lang='lat' dir='ltr'>ad</span> <span class='ocrx_word' id='word_1_40' title='bbox 309 855 453 910; x_wconf 91' lang='lat' dir='ltr'>nostram</span> <span class='ocrx_word' id='word_1_41' title='bbox 467 847 552 909; x_wconf 89' lang='lat' dir='ltr'>hanc</span> <span class='ocrx_word' id='word_1_42' title='bbox 564 845 784 909; x_wconf 86' lang='lat' dir='ltr'>Reformatam</span> <span class='ocrx_word' id='word_1_43' title='bbox 802 844 868 926; x_wconf 90' lang='lat' dir='ltr'>(sic,</span> <span class='ocrx_word' id='word_1_44' title='bbox 885 850 921 906; x_wconf 93' lang='lat' dir='ltr'>ut</span> <span class='ocrx_word' id='word_1_45' title='bbox 937 846 1017 928; x_wconf 88' lang='lat' dir='ltr'>crat)</span> <span class='ocrx_word' id='word_1_46' title='bbox 1035 846 1160 911; x_wconf 86' lang='lat' dir='ltr'>affecto.</span> <span class='ocrx_word' id='word_1_47' title='bbox 1204 848 1293 910; x_wconf 89' lang='lat' dir='ltr'>Nam</span> <span class='ocrx_word' id='word_1_48' title='bbox 1317 848 1357 911; x_wconf 92' lang='lat' dir='ltr'>de</span> 
     </span>
     <span class='ocr_line' id='line_1_7' title="bbox 253 948 1358 1034; baseline 0.001 -20"><span class='ocrx_word' id='word_1_49' title='bbox 253 971 292 1014; x_wconf 91' lang='lat' dir='ltr'>eo</span> <span class='ocrx_word' id='word_1_50' title='bbox 312 950 439 1033; x_wconf 82' lang='lat' dir='ltr'>egregie</span> <span class='ocrx_word' id='word_1_51' title='bbox 454 949 633 1013; x_wconf 87' lang='lat' dir='ltr'>Cardinalis</span> <span class='ocrx_word' id='word_1_52' title='bbox 650 969 685 1011; x_wconf 90' lang='lat' dir='ltr'>os</span> <span class='ocrx_word' id='word_1_53' title='bbox 700 948 880 1025; x_wconf 84' lang='lat' dir='ltr'>sublinunt,</span> <span class='ocrx_word' id='word_1_54' title='bbox 896 948 936 1010; x_wconf 92' lang='lat' dir='ltr'>ad</span> <span class='ocrx_word' id='word_1_55' title='bbox 951 950 1133 1034; x_wconf 87' lang='lat' dir='ltr'>prodigium</span> <span class='ocrx_word' id='word_1_56' title='bbox 1148 973 1250 1034; x_wconf 90' lang='lat' dir='ltr'>usque</span> <span class='ocrx_word' id='word_1_57' title='bbox 1264 973 1358 1015; x_wconf 92' lang='lat' dir='ltr'>men·</span> 
     </span>
     <span class='ocr_line' id='line_1_8' title="bbox 254 1051 1357 1136; baseline 0.003 -21"><span class='ocrx_word' id='word_1_58' title='bbox 254 1053 358 1132; x_wconf 91' lang='lat' dir='ltr'>daces,</span> <span class='ocrx_word' id='word_1_59' title='bbox 375 1052 431 1136; x_wconf 90' lang='lat' dir='ltr'>qui</span> <span class='ocrx_word' id='word_1_60' title='bbox 446 1053 612 1133; x_wconf 81' lang='lat' dir='ltr'>Pupistam</span> <span class='ocrx_word' id='word_1_61' title='bbox 627 1051 656 1114; x_wconf 84' lang='lat' dir='ltr'>ei</span> <span class='ocrx_word' id='word_1_62' title='bbox 672 1051 844 1134; x_wconf 78' lang='lat' dir='ltr'>pinxerunt</span> <span class='ocrx_word' id='word_1_63' title='bbox 857 1077 864 1115; x_wconf 93' lang='lat'><strong>:</strong></span> <span class='ocrx_word' id='word_1_64' title='bbox 889 1052 955 1117; x_wconf 81' lang='lat' dir='ltr'>Qui</span> <span class='ocrx_word' id='word_1_65' title='bbox 970 1053 1005 1115; x_wconf 92' lang='lat' dir='ltr'>in</span> <span class='ocrx_word' id='word_1_66' title='bbox 1020 1054 1138 1136; x_wconf 85' lang='lat' dir='ltr'>Anglia</span> <span class='ocrx_word' id='word_1_67' title='bbox 1152 1055 1215 1134; x_wconf 91' lang='lat' dir='ltr'>hic,</span> <span class='ocrx_word' id='word_1_68' title='bbox 1231 1053 1357 1119; x_wconf 89' lang='lat' dir='ltr'>domes-</span> 
     </span>
     <span class='ocr_line' id='line_1_9' title="bbox 253 1154 1359 1246; baseline 0.002 -27"><span class='ocrx_word' id='word_1_69' title='bbox 253 1156 355 1220; x_wconf 90' lang='lat' dir='ltr'>ticum</span> <span class='ocrx_word' id='word_1_70' title='bbox 379 1176 504 1240; x_wconf 86' lang='lat' dir='ltr'>semper</span> <span class='ocrx_word' id='word_1_71' title='bbox 522 1154 656 1218; x_wconf 89' lang='lat' dir='ltr'>haberet</span> <span class='ocrx_word' id='word_1_72' title='bbox 672 1154 712 1218; x_wconf 92' lang='lat' dir='ltr'>de</span> <span class='ocrx_word' id='word_1_73' title='bbox 731 1154 927 1238; x_wconf 87' lang='lat' dir='ltr'>presbyteris</span> <span class='ocrx_word' id='word_1_74' title='bbox 951 1157 1069 1219; x_wconf 90' lang='lat' dir='ltr'>nostris</span> <span class='ocrx_word' id='word_1_75' title='bbox 1094 1157 1315 1246; x_wconf 81' lang='lat' dir='ltr'>Sacellanum3</span> <span class='ocrx_word' id='word_1_76' title='bbox 1339 1179 1359 1220; x_wconf 87' lang='lat' dir='ltr'>a</span> 
     </span>
     <span class='ocr_line' id='line_1_10' title="bbox 255 1257 1353 1342; baseline 0.001 -20"><span class='ocrx_word' id='word_1_77' title='bbox 255 1280 328 1342; x_wconf 91' lang='lat' dir='ltr'>quo,</span> <span class='ocrx_word' id='word_1_78' title='bbox 344 1268 416 1322; x_wconf 90' lang='lat' dir='ltr'>tum</span> <span class='ocrx_word' id='word_1_79' title='bbox 431 1259 510 1342; x_wconf 89' lang='lat' dir='ltr'>ipse,</span> <span class='ocrx_word' id='word_1_80' title='bbox 526 1264 598 1321; x_wconf 92' lang='lat' dir='ltr'>tum</span> <span class='ocrx_word' id='word_1_81' title='bbox 612 1257 734 1320; x_wconf 82' lang='lat' dir='ltr'>familia</span> <span class='ocrx_word' id='word_1_82' title='bbox 755 1257 835 1341; x_wconf 89' lang='lat' dir='ltr'>ejus,</span> <span class='ocrx_word' id='word_1_83' title='bbox 849 1258 992 1340; x_wconf 91' lang='lat' dir='ltr'>quotidie</span> <span class='ocrx_word' id='word_1_84' title='bbox 1007 1280 1076 1322; x_wconf 89' lang='lat' dir='ltr'>rem</span> <span class='ocrx_word' id='word_1_85' title='bbox 1092 1259 1232 1323; x_wconf 87' lang='lat' dir='ltr'>divinam</span> <span class='ocrx_word' id='word_1_86' title='bbox 1248 1260 1353 1324; x_wconf 85' lang='lat' dir='ltr'>audie·</span> 
     </span>
     <span class='ocr_line' id='line_1_11' title="bbox 255 1361 1358 1444; baseline 0 -18"><span class='ocrx_word' id='word_1_87' title='bbox 255 1362 344 1441; x_wconf 89' lang='lat' dir='ltr'>bant,</span> <span class='ocrx_word' id='word_1_88' title='bbox 360 1362 427 1425; x_wconf 92' lang='lat' dir='ltr'>ritu</span> <span class='ocrx_word' id='word_1_89' title='bbox 446 1369 576 1438; x_wconf 81' lang='lat' dir='ltr'>nostr03</span> <span class='ocrx_word' id='word_1_90' title='bbox 600 1382 708 1444; x_wconf 89' lang='lat' dir='ltr'>aquo,</span> <span class='ocrx_word' id='word_1_91' title='bbox 732 1361 824 1423; x_wconf 90' lang='lat' dir='ltr'>statis</span> <span class='ocrx_word' id='word_1_92' title='bbox 846 1361 1044 1444; x_wconf 87' lang='lat' dir='ltr'>temporibus</span> <span class='ocrx_word' id='word_1_93' title='bbox 1067 1370 1100 1426; x_wconf 90' lang='lat' dir='ltr'>et</span> <span class='ocrx_word' id='word_1_94' title='bbox 1120 1363 1358 1427; x_wconf 87' lang='lat' dir='ltr'>Eucharistiam</span> 
     </span>
     <span class='ocr_line' id='line_1_12' title="bbox 255 1463 1358 1548; baseline 0 -19"><span class='ocrx_word' id='word_1_95' title='bbox 255 1465 474 1548; x_wconf 82' lang='lat' dir='ltr'>accipiebant:</span> <span class='ocrx_word' id='word_1_96' title='bbox 500 1464 575 1542; x_wconf 81' lang='lat' dir='ltr'>Qui,</span> <span class='ocrx_word' id='word_1_97' title='bbox 595 1485 669 1527; x_wconf 90' lang='lat' dir='ltr'>eum</span> <span class='ocrx_word' id='word_1_98' title='bbox 691 1464 725 1528; x_wconf 89' lang='lat' dir='ltr'>in</span> <span class='ocrx_word' id='word_1_99' title='bbox 749 1463 890 1527; x_wconf 87' lang='lat' dir='ltr'>Scotiam</span> <span class='ocrx_word' id='word_1_100' title='bbox 914 1472 986 1548; x_wconf 90' lang='lat' dir='ltr'>post</span> <span class='ocrx_word' id='word_1_101' title='bbox 1006 1467 1155 1545; x_wconf 86' lang='lat' dir='ltr'>venisset,</span> <span class='ocrx_word' id='word_1_102' title='bbox 1176 1466 1260 1529; x_wconf 90' lang='lat' dir='ltr'>nihil</span> <span class='ocrx_word' id='word_1_103' title='bbox 1274 1467 1358 1530; x_wconf 88' lang='lat' dir='ltr'>anti·</span> 
     </span>
     <span class='ocr_line' id='line_1_13' title="bbox 255 1568 1358 1653; baseline 0.001 -20"><span class='ocrx_word' id='word_1_104' title='bbox 255 1570 350 1653; x_wconf 88' lang='lat' dir='ltr'>quius</span> <span class='ocrx_word' id='word_1_105' title='bbox 368 1569 492 1647; x_wconf 88' lang='lat' dir='ltr'>habuit,</span> <span class='ocrx_word' id='word_1_106' title='bbox 514 1591 610 1652; x_wconf 90' lang='lat' dir='ltr'>quam</span> <span class='ocrx_word' id='word_1_107' title='bbox 631 1576 669 1631; x_wconf 91' lang='lat' dir='ltr'>ut</span> <span class='ocrx_word' id='word_1_108' title='bbox 693 1568 768 1630; x_wconf 90' lang='lat' dir='ltr'>fidei</span> <span class='ocrx_word' id='word_1_109' title='bbox 792 1589 859 1630; x_wconf 86' lang='lat' dir='ltr'>suae</span> <span class='ocrx_word' id='word_1_110' title='bbox 882 1569 969 1633; x_wconf 90' lang='lat' dir='ltr'>ultro</span> <span class='ocrx_word' id='word_1_111' title='bbox 989 1569 1218 1653; x_wconf 87' lang='lat' dir='ltr'>professionem</span> <span class='ocrx_word' id='word_1_112' title='bbox 1238 1570 1358 1649; x_wconf 87' lang='lat' dir='ltr'>ederet,</span> 
     </span>
     <span class='ocr_line' id='line_1_14' title="bbox 255 1671 1358 1757; baseline 0 -20"><span class='ocrx_word' id='word_1_113' title='bbox 255 1673 342 1737; x_wconf 91' lang='lat' dir='ltr'>haud</span> <span class='ocrx_word' id='word_1_114' title='bbox 358 1673 453 1736; x_wconf 86' lang='lat' dir='ltr'>aliam</span> <span class='ocrx_word' id='word_1_115' title='bbox 470 1694 566 1756; x_wconf 88' lang='lat' dir='ltr'>quam</span> <span class='ocrx_word' id='word_1_116' title='bbox 582 1693 653 1755; x_wconf 86' lang='lat' dir='ltr'>quae</span> <span class='ocrx_word' id='word_1_117' title='bbox 676 1673 710 1734; x_wconf 92' lang='lat' dir='ltr'>in</span> <span class='ocrx_word' id='word_1_118' title='bbox 734 1671 841 1735; x_wconf 89' lang='lat' dir='ltr'>Scotia</span> <span class='ocrx_word' id='word_1_119' title='bbox 861 1671 1042 1737; x_wconf 85' lang='lat' dir='ltr'>obtineret:</span> <span class='ocrx_word' id='word_1_120' title='bbox 1066 1674 1163 1757; x_wconf 87' lang='lat' dir='ltr'>idque</span> <span class='ocrx_word' id='word_1_121' title='bbox 1185 1673 1358 1757; x_wconf 88' lang='lat' dir='ltr'>auspicato,</span> 
     </span>
     <span class='ocr_line' id='line_1_15' title="bbox 256 1776 1359 1861; baseline 0.001 -21"><span class='ocrx_word' id='word_1_122' title='bbox 256 1777 443 1861; x_wconf 87' lang='lat' dir='ltr'>priusquam</span> <span class='ocrx_word' id='word_1_123' title='bbox 457 1777 608 1857; x_wconf 72' lang='lat' dir='ltr'>Prorepa&#39;a</span> <span class='ocrx_word' id='word_1_124' title='bbox 630 1797 750 1838; x_wconf 91' lang='lat' dir='ltr'>munus</span> <span class='ocrx_word' id='word_1_125' title='bbox 770 1796 943 1858; x_wconf 88' lang='lat' dir='ltr'>capessere,</span> <span class='ocrx_word' id='word_1_126' title='bbox 959 1784 1016 1839; x_wconf 89' lang='lat' dir='ltr'>aut</span> <span class='ocrx_word' id='word_1_127' title='bbox 1031 1776 1071 1840; x_wconf 89' lang='lat' dir='ltr'>ad</span> <span class='ocrx_word' id='word_1_128' title='bbox 1085 1777 1179 1860; x_wconf 89' lang='lat' dir='ltr'>regni</span> <span class='ocrx_word' id='word_1_129' title='bbox 1200 1778 1359 1860; x_wconf 90' lang='lat' dir='ltr'>guberna·</span> 
     </span>
     <span class='ocr_line' id='line_1_16' title="bbox 256 1878 1360 1964; baseline 0.001 -20"><span class='ocrx_word' id='word_1_130' title='bbox 256 1880 329 1944; x_wconf 90' lang='lat' dir='ltr'>cula</span> <span class='ocrx_word' id='word_1_131' title='bbox 354 1902 486 1944; x_wconf 88' lang='lat' dir='ltr'>manum</span> <span class='ocrx_word' id='word_1_132' title='bbox 511 1879 680 1943; x_wconf 89' lang='lat' dir='ltr'>admovere</span> <span class='ocrx_word' id='word_1_133' title='bbox 702 1878 818 1942; x_wconf 83' lang='lat' dir='ltr'>vellet:</span> <span class='ocrx_word' id='word_1_134' title='bbox 842 1879 1022 1962; x_wconf 90' lang='lat' dir='ltr'>Nunquam</span> <span class='ocrx_word' id='word_1_135' title='bbox 1042 1888 1115 1964; x_wconf 88' lang='lat' dir='ltr'>post</span> <span class='ocrx_word' id='word_1_136' title='bbox 1137 1881 1234 1944; x_wconf 88' lang='lat' dir='ltr'>sacris</span> <span class='ocrx_word' id='word_1_137' title='bbox 1253 1881 1360 1945; x_wconf 90' lang='lat' dir='ltr'>conci·</span> 
     </span>
     <span class='ocr_line' id='line_1_17' title="bbox 257 1981 1361 2066; baseline -0.003 -18"><span class='ocrx_word' id='word_1_138' title='bbox 257 1984 384 2062; x_wconf 90' lang='lat' dir='ltr'>onibus,</span> <span class='ocrx_word' id='word_1_139' title='bbox 413 1983 625 2047; x_wconf 69' lang='lat' dir='ltr'>Eucharistiae</span> <span class='ocrx_word' id='word_1_140' title='bbox 652 1981 810 2045; x_wconf 88' lang='lat' dir='ltr'>defuerit:</span> <span class='ocrx_word' id='word_1_141' title='bbox 843 1982 975 2045; x_wconf 89' lang='lat' dir='ltr'>tandem</span> <span class='ocrx_word' id='word_1_142' title='bbox 1001 1984 1141 2047; x_wconf 86' lang='lat' dir='ltr'>moriens</span> <span class='ocrx_word' id='word_1_143' title='bbox 1171 1983 1361 2066; x_wconf 84' lang='lat' dir='ltr'>(astantibus</span> 
     </span>
     <span class='ocr_line' id='line_1_18' title="bbox 257 2086 1360 2171; baseline -0.001 -20"><span class='ocrx_word' id='word_1_144' title='bbox 257 2110 275 2152; x_wconf 93' lang='lat' dir='ltr'>e</span> <span class='ocrx_word' id='word_1_145' title='bbox 295 2088 518 2151; x_wconf 90' lang='lat' dir='ltr'>ministrorum</span> <span class='ocrx_word' id='word_1_146' title='bbox 533 2107 667 2157; x_wconf 89' lang='lat' dir='ltr'>nurnero</span> <span class='ocrx_word' id='word_1_147' title='bbox 681 2086 806 2169; x_wconf 84' lang='lat' dir='ltr'>multis)</span> <span class='ocrx_word' id='word_1_148' title='bbox 825 2092 973 2164; x_wconf 88' lang='lat' dir='ltr'>testatus,</span> <span class='ocrx_word' id='word_1_149' title='bbox 994 2088 1028 2149; x_wconf 91' lang='lat' dir='ltr'>in</span> <span class='ocrx_word' id='word_1_150' title='bbox 1049 2088 1212 2171; x_wconf 90' lang='lat' dir='ltr'>quainter</span> <span class='ocrx_word' id='word_1_151' title='bbox 1227 2110 1281 2152; x_wconf 91' lang='lat' dir='ltr'>eos</span> <span class='ocrx_word' id='word_1_152' title='bbox 1297 2088 1360 2151; x_wconf 89' lang='lat' dir='ltr'>fide</span> 
     </span>
    </p>
   </div>
   <div class='ocr_carea' id='block_1_3' title="bbox 133 2190 1360 2378">
    <p class='ocr_par' dir='ltr' id='par_1_3' title="bbox 133 2190 1360 2378">
     <span class='ocr_line' id='line_1_19' title="bbox 133 2190 1360 2275; baseline -0.001 -19"><span class='ocrx_word' id='word_1_153' title='bbox 133 2255 143 2273; x_wconf 70' lang='grc'><strong><em>,</em></strong></span> <span class='ocrx_word' id='word_1_154' title='bbox 258 2192 397 2271; x_wconf 84' lang='lat' dir='ltr'>vixisset,</span> <span class='ocrx_word' id='word_1_155' title='bbox 420 2192 456 2254; x_wconf 90' lang='lat' dir='ltr'>in</span> <span class='ocrx_word' id='word_1_156' title='bbox 480 2191 592 2255; x_wconf 89' lang='lat' dir='ltr'>cadem</span> <span class='ocrx_word' id='word_1_157' title='bbox 616 2198 649 2254; x_wconf 91' lang='lat' dir='ltr'>et</span> <span class='ocrx_word' id='word_1_158' title='bbox 674 2191 767 2254; x_wconf 85' lang='lat' dir='ltr'>mori.</span> <span class='ocrx_word' id='word_1_159' title='bbox 816 2190 941 2256; x_wconf 80' lang='lat' dir='ltr'>Quodsi</span> <span class='ocrx_word' id='word_1_160' title='bbox 965 2199 1073 2255; x_wconf 89' lang='lat' dir='ltr'>autem</span> <span class='ocrx_word' id='word_1_161' title='bbox 1098 2201 1254 2275; x_wconf 86' lang='lat' dir='ltr'>praeterea</span> <span class='ocrx_word' id='word_1_162' title='bbox 1277 2192 1360 2256; x_wconf 89' lang='lat' dir='ltr'>nihil</span> 
     </span>
     <span class='ocr_line' id='line_1_20' title="bbox 161 2295 1360 2378; baseline -0.001 -17"><span class='ocrx_word' id='word_1_163' title='bbox 161 2304 176 2319; x_wconf 85' lang='lat'>&#39;</span> <span class='ocrx_word' id='word_1_164' title='bbox 259 2303 352 2374; x_wconf 88' lang='lat' dir='ltr'>essct,</span> <span class='ocrx_word' id='word_1_165' title='bbox 374 2298 424 2361; x_wconf 90' lang='lat' dir='ltr'>vel</span> <span class='ocrx_word' id='word_1_166' title='bbox 450 2317 488 2361; x_wconf 81' lang='lat' dir='ltr'>cx</span> <span class='ocrx_word' id='word_1_167' title='bbox 511 2318 578 2360; x_wconf 88' lang='lat' dir='ltr'>uno</span> <span class='ocrx_word' id='word_1_168' title='bbox 603 2295 665 2359; x_wconf 91' lang='lat' dir='ltr'>hoc</span> <span class='ocrx_word' id='word_1_169' title='bbox 689 2295 800 2373; x_wconf 90' lang='lat' dir='ltr'>discas,</span> <span class='ocrx_word' id='word_1_170' title='bbox 828 2317 924 2378; x_wconf 89' lang='lat' dir='ltr'>quam</span> <span class='ocrx_word' id='word_1_171' title='bbox 954 2295 1051 2359; x_wconf 87' lang='lat' dir='ltr'>fuerit</span> <span class='ocrx_word' id='word_1_172' title='bbox 1081 2296 1264 2360; x_wconf 89' lang='lat' dir='ltr'>Catholieus</span> <span class='ocrx_word' id='word_1_173' title='bbox 1293 2318 1360 2360; x_wconf 91' lang='lat' dir='ltr'>non</span> 
     </span>
    </p>
   </div>
   <div class='ocr_carea' id='block_1_4' title="bbox 255 2398 1364 4115">
    <p class='ocr_par' dir='ltr' id='par_1_4' title="bbox 255 2398 1364 4115">
     <span class='ocr_line' id='line_1_21' title="bbox 258 2398 1361 2483; baseline -0.001 -19"><span class='ocrx_word' id='word_1_174' title='bbox 258 2400 374 2479; x_wconf 91' lang='lat' dir='ltr'>bonus,</span> <span class='ocrx_word' id='word_1_175' title='bbox 395 2400 441 2482; x_wconf 91' lang='lat' dir='ltr'>(in</span> <span class='ocrx_word' id='word_1_176' title='bbox 456 2399 518 2463; x_wconf 89' lang='lat' dir='ltr'>hac</span> <span class='ocrx_word' id='word_1_177' title='bbox 533 2399 720 2483; x_wconf 89' lang='lat' dir='ltr'>praesertim,</span> <span class='ocrx_word' id='word_1_178' title='bbox 737 2418 809 2481; x_wconf 90' lang='lat' dir='ltr'>quae</span> <span class='ocrx_word' id='word_1_179' title='bbox 824 2398 880 2461; x_wconf 92' lang='lat' dir='ltr'>diu</span> <span class='ocrx_word' id='word_1_180' title='bbox 890 2400 960 2482; x_wconf 89' lang='lat' dir='ltr'>jam</span> <span class='ocrx_word' id='word_1_181' title='bbox 972 2398 1094 2462; x_wconf 89' lang='lat' dir='ltr'>Orbem</span> <span class='ocrx_word' id='word_1_182' title='bbox 1109 2408 1244 2479; x_wconf 84' lang='lat' dir='ltr'>exercet,</span> <span class='ocrx_word' id='word_1_183' title='bbox 1262 2400 1361 2464; x_wconf 88' lang='lat' dir='ltr'>Cleri-</span> 
     </span>
     <span class='ocr_line' id='line_1_22' title="bbox 257 2501 1359 2585; baseline -0.004 -17"><span class='ocrx_word' id='word_1_184' title='bbox 257 2525 397 2568; x_wconf 90' lang='lat' dir='ltr'>coruma</span> <span class='ocrx_word' id='word_1_185' title='bbox 411 2503 480 2567; x_wconf 86' lang='lat' dir='ltr'>foro</span> <span class='ocrx_word' id='word_1_186' title='bbox 495 2502 595 2585; x_wconf 85' lang='lat' dir='ltr'>Regis</span> <span class='ocrx_word' id='word_1_187' title='bbox 611 2501 834 2584; x_wconf 79' lang='lat' dir='ltr'>exemptione.)</span> <span class='ocrx_word' id='word_1_188' title='bbox 879 2503 955 2565; x_wconf 82' lang='lat' dir='ltr'>Toto</span> <span class='ocrx_word' id='word_1_189' title='bbox 971 2502 1058 2565; x_wconf 88' lang='lat' dir='ltr'>enim</span> <span class='ocrx_word' id='word_1_190' title='bbox 1072 2509 1229 2584; x_wconf 78' lang='lat' dir='ltr'>spectante</span> <span class='ocrx_word' id='word_1_191' title='bbox 1242 2503 1359 2582; x_wconf 83' lang='lat' dir='ltr'>Sentio,</span> 
     </span>
     <span class='ocr_line' id='line_1_23' title="bbox 257 2604 1360 2688; baseline -0.002 -17"><span class='ocrx_word' id='word_1_192' title='bbox 257 2606 542 2688; x_wconf 85' lang='lat' dir='ltr'>Archiepiscopum</span> <span class='ocrx_word' id='word_1_193' title='bbox 561 2604 867 2668; x_wconf 85' lang='lat' dir='ltr'>Sanctandraeanum</span> <span class='ocrx_word' id='word_1_194' title='bbox 883 2605 1172 2688; x_wconf 84' lang='lat' dir='ltr'>Metropolitanum</span> <span class='ocrx_word' id='word_1_195' title='bbox 1189 2613 1220 2669; x_wconf 90' lang='lat' dir='ltr'>et</span> <span class='ocrx_word' id='word_1_196' title='bbox 1237 2606 1360 2669; x_wconf 88' lang='lat' dir='ltr'>Prima-</span> 
     </span>
     <span class='ocr_line' id='line_1_24' title="bbox 257 2707 1362 2791; baseline -0.001 -18"><span class='ocrx_word' id='word_1_197' title='bbox 257 2719 324 2773; x_wconf 89' lang='lat' dir='ltr'>tcm</span> <span class='ocrx_word' id='word_1_198' title='bbox 339 2710 439 2773; x_wconf 88' lang='lat' dir='ltr'>totius</span> <span class='ocrx_word' id='word_1_199' title='bbox 456 2709 582 2787; x_wconf 85' lang='lat' dir='ltr'>Scotiae,</span> <span class='ocrx_word' id='word_1_200' title='bbox 599 2708 713 2770; x_wconf 85' lang='lat' dir='ltr'>sedens</span> <span class='ocrx_word' id='word_1_201' title='bbox 728 2729 785 2790; x_wconf 91' lang='lat' dir='ltr'>pro</span> <span class='ocrx_word' id='word_1_202' title='bbox 803 2707 980 2784; x_wconf 82' lang='lat' dir='ltr'>Tribunali,</span> <span class='ocrx_word' id='word_1_203' title='bbox 1002 2707 1165 2771; x_wconf 86' lang='lat' dir='ltr'>damnavit</span> <span class='ocrx_word' id='word_1_204' title='bbox 1180 2709 1220 2771; x_wconf 85' lang='lat' dir='ltr'>ad</span> <span class='ocrx_word' id='word_1_205' title='bbox 1235 2709 1362 2791; x_wconf 90' lang='lat' dir='ltr'>patibu-</span> 
     </span>
     <span class='ocr_line' id='line_1_25' title="bbox 255 2810 1360 2894; baseline 0 -19"><span class='ocrx_word' id='word_1_206' title='bbox 255 2814 325 2876; x_wconf 90' lang='lat' dir='ltr'>lum</span> <span class='ocrx_word' id='word_1_207' title='bbox 334 2823 357 2876; x_wconf 62' lang='grc' dir='ltr'>Β.</span> <span class='ocrx_word' id='word_1_208' title='bbox 405 2813 554 2894; x_wconf 80' lang='lat' dir='ltr'>(Factum</span> <span class='ocrx_word' id='word_1_209' title='bbox 578 2832 691 2874; x_wconf 88' lang='lat' dir='ltr'>narro:</span> <span class='ocrx_word' id='word_1_210' title='bbox 723 2811 762 2874; x_wconf 93' lang='lat' dir='ltr'>dc</span> <span class='ocrx_word' id='word_1_211' title='bbox 789 2810 877 2872; x_wconf 86' lang='lat' dir='ltr'>Juris</span> <span class='ocrx_word' id='word_1_212' title='bbox 905 2810 1107 2875; x_wconf 89' lang='lat' dir='ltr'>ordinatione</span> <span class='ocrx_word' id='word_1_213' title='bbox 1133 2812 1215 2875; x_wconf 90' lang='lat' dir='ltr'>nihil</span> <span class='ocrx_word' id='word_1_214' title='bbox 1242 2820 1360 2877; x_wconf 86' lang='lat' dir='ltr'>statuo.</span> 
     </span>
     <span class='ocr_line' id='line_1_26' title="bbox 257 2913 1362 2998; baseline -0.001 -19"><span class='ocrx_word' id='word_1_215' title='bbox 257 2916 312 2980; x_wconf 90' lang='lat' dir='ltr'>An</span> <span class='ocrx_word' id='word_1_216' title='bbox 331 2915 366 2978; x_wconf 94' lang='lat' dir='ltr'>in</span> <span class='ocrx_word' id='word_1_217' title='bbox 382 2936 453 2978; x_wconf 89' lang='lat' dir='ltr'>eam</span> <span class='ocrx_word' id='word_1_218' title='bbox 469 2915 612 2997; x_wconf 82' lang='lat' dir='ltr'>exceptio</span> <span class='ocrx_word' id='word_1_219' title='bbox 633 2913 716 2977; x_wconf 86' lang='lat' dir='ltr'>forte</span> <span class='ocrx_word' id='word_1_220' title='bbox 731 2914 846 2996; x_wconf 85' lang='lat' dir='ltr'>aliqua,</span> <span class='ocrx_word' id='word_1_221' title='bbox 864 2913 996 2977; x_wconf 89' lang='lat' dir='ltr'>definire</span> <span class='ocrx_word' id='word_1_222' title='bbox 1017 2937 1084 2978; x_wconf 91' lang='lat' dir='ltr'>non</span> <span class='ocrx_word' id='word_1_223' title='bbox 1100 2923 1149 2978; x_wconf 89' lang='lat' dir='ltr'>est</span> <span class='ocrx_word' id='word_1_224' title='bbox 1165 2917 1283 2998; x_wconf 84' lang='lat' dir='ltr'>mcum)</span> <span class='ocrx_word' id='word_1_225' title='bbox 1305 2916 1362 2979; x_wconf 86' lang='lat' dir='ltr'>sed</span> 
     </span>
     <span class='ocr_line' id='line_1_27' title="bbox 256 3016 1361 3101; baseline 0 -19"><span class='ocrx_word' id='word_1_226' title='bbox 256 3020 379 3082; x_wconf 89' lang='lat' dir='ltr'>factum</span> <span class='ocrx_word' id='word_1_227' title='bbox 403 3019 481 3082; x_wconf 92' lang='lat' dir='ltr'>hoe:</span> <span class='ocrx_word' id='word_1_228' title='bbox 504 3019 676 3081; x_wconf 88' lang='lat' dir='ltr'>damnatus</span> <span class='ocrx_word' id='word_1_229' title='bbox 695 3016 735 3080; x_wconf 86' lang='lat' dir='ltr'>ad</span> <span class='ocrx_word' id='word_1_230' title='bbox 755 3019 906 3100; x_wconf 87' lang='lat' dir='ltr'>laqueum</span> <span class='ocrx_word' id='word_1_231' title='bbox 928 3026 986 3095; x_wconf 90' lang='lat' dir='ltr'>est,</span> <span class='ocrx_word' id='word_1_232' title='bbox 1002 3018 1117 3101; x_wconf 85' lang='lat' dir='ltr'>laqueo</span> <span class='ocrx_word' id='word_1_233' title='bbox 1132 3020 1232 3081; x_wconf 85' lang='lat' dir='ltr'>vitam</span> <span class='ocrx_word' id='word_1_234' title='bbox 1248 3019 1361 3097; x_wconf 79' lang='lat' dir='ltr'>finim&#39;t,</span> 
     </span>
     <span class='ocr_line' id='line_1_28' title="bbox 257 3120 1362 3205; baseline -0.001 -19"><span class='ocrx_word' id='word_1_235' title='bbox 257 3143 295 3187; x_wconf 89' lang='lat' dir='ltr'>eo</span> <span class='ocrx_word' id='word_1_236' title='bbox 311 3122 405 3205; x_wconf 91' lang='lat' dir='ltr'>quod,</span> <span class='ocrx_word' id='word_1_237' title='bbox 423 3122 610 3185; x_wconf 87' lang='lat' dir='ltr'>atrocissimi</span> <span class='ocrx_word' id='word_1_238' title='bbox 625 3121 711 3183; x_wconf 91' lang='lat' dir='ltr'>illius</span> <span class='ocrx_word' id='word_1_239' title='bbox 726 3120 876 3183; x_wconf 87' lang='lat' dir='ltr'>facinoris</span> <span class='ocrx_word' id='word_1_240' title='bbox 892 3121 1037 3184; x_wconf 87' lang='lat' dir='ltr'>conscius</span> <span class='ocrx_word' id='word_1_241' title='bbox 1052 3122 1176 3201; x_wconf 82' lang='lat' dir='ltr'>fuisset,</span> <span class='ocrx_word' id='word_1_242' title='bbox 1200 3144 1263 3205; x_wconf 90' lang='lat' dir='ltr'>quo</span> <span class='ocrx_word' id='word_1_243' title='bbox 1278 3123 1362 3185; x_wconf 89' lang='lat' dir='ltr'>filius</span> 
     </span>
     <span class='ocr_line' id='line_1_29' title="bbox 257 3224 1362 3309; baseline 0 -20"><span class='ocrx_word' id='word_1_244' title='bbox 257 3227 335 3309; x_wconf 89' lang='lat' dir='ltr'>ejus,</span> <span class='ocrx_word' id='word_1_245' title='bbox 353 3227 450 3289; x_wconf 87' lang='lat' dir='ltr'>Pater</span> <span class='ocrx_word' id='word_1_246' title='bbox 462 3225 569 3308; x_wconf 87' lang='lat' dir='ltr'>Regis,</span> <span class='ocrx_word' id='word_1_247' title='bbox 586 3246 643 3306; x_wconf 90' lang='lat' dir='ltr'>per</span> <span class='ocrx_word' id='word_1_248' title='bbox 658 3245 820 3286; x_wconf 89' lang='lat' dir='ltr'>summum</span> <span class='ocrx_word' id='word_1_249' title='bbox 837 3224 940 3287; x_wconf 88' lang='lat' dir='ltr'>scelus</span> <span class='ocrx_word' id='word_1_250' title='bbox 955 3225 1169 3308; x_wconf 88' lang='lat' dir='ltr'>interemptus</span> <span class='ocrx_word' id='word_1_251' title='bbox 1185 3234 1243 3288; x_wconf 90' lang='lat' dir='ltr'>est.</span> <span class='ocrx_word' id='word_1_252' title='bbox 1289 3227 1362 3289; x_wconf 91' lang='lat' dir='ltr'>Nec</span> 
     </span>
     <span class='ocr_line' id='line_1_30' title="bbox 257 3327 1362 3411; baseline -0.001 -18"><span class='ocrx_word' id='word_1_253' title='bbox 257 3330 351 3393; x_wconf 85' lang='lat' dir='ltr'>aliter</span> <span class='ocrx_word' id='word_1_254' title='bbox 365 3337 474 3393; x_wconf 89' lang='lat' dir='ltr'>tamen</span> <span class='ocrx_word' id='word_1_255' title='bbox 495 3328 650 3405; x_wconf 89' lang='lat' dir='ltr'>conscius,</span> <span class='ocrx_word' id='word_1_256' title='bbox 669 3348 766 3411; x_wconf 89' lang='lat' dir='ltr'>qnam</span> <span class='ocrx_word' id='word_1_257' title='bbox 781 3327 958 3390; x_wconf 85' lang='lat' dir='ltr'>Garnettus</span> <span class='ocrx_word' id='word_1_258' title='bbox 974 3328 1008 3390; x_wconf 90' lang='lat' dir='ltr'>in</span> <span class='ocrx_word' id='word_1_259' title='bbox 1023 3349 1155 3411; x_wconf 90' lang='lat' dir='ltr'>nupero,</span> <span class='ocrx_word' id='word_1_260' title='bbox 1171 3351 1237 3392; x_wconf 92' lang='lat' dir='ltr'>non</span> <span class='ocrx_word' id='word_1_261' title='bbox 1253 3330 1362 3392; x_wconf 90' lang='lat' dir='ltr'>minus</span> 
     </span>
     <span class='ocr_line' id='line_1_31' title="bbox 257 3430 1361 3513; baseline -0.001 -17"><span class='ocrx_word' id='word_1_262' title='bbox 257 3433 393 3497; x_wconf 90' lang='lat' dir='ltr'>immani</span> <span class='ocrx_word' id='word_1_263' title='bbox 415 3433 533 3496; x_wconf 90' lang='lat' dir='ltr'>scelere</span> <span class='ocrx_word' id='word_1_264' title='bbox 553 3431 750 3507; x_wconf 69' lang='lat' dir='ltr'>Pulverurto,</span> <span class='ocrx_word' id='word_1_265' title='bbox 773 3452 899 3513; x_wconf 89' lang='lat' dir='ltr'>nempe,</span> <span class='ocrx_word' id='word_1_266' title='bbox 923 3431 979 3493; x_wconf 82' lang='lat' dir='ltr'>snb</span> <span class='ocrx_word' id='word_1_267' title='bbox 1001 3433 1104 3513; x_wconf 65' lang='lat' dir='ltr'>sigillo</span> <span class='ocrx_word' id='word_1_268' title='bbox 1131 3430 1361 3513; x_wconf 77' lang='lat' dir='ltr'>Confessioais:</span> 
     </span>
     <span class='ocr_line' id='line_1_32' title="bbox 258 3533 1363 3620; baseline -0.001 -20"><span class='ocrx_word' id='word_1_269' title='bbox 258 3538 297 3600; x_wconf 90' lang='lat' dir='ltr'>de</span> <span class='ocrx_word' id='word_1_270' title='bbox 325 3558 387 3620; x_wconf 90' lang='lat' dir='ltr'>qno</span> <span class='ocrx_word' id='word_1_271' title='bbox 412 3538 606 3599; x_wconf 89' lang='lat' dir='ltr'>Garnettum</span> <span class='ocrx_word' id='word_1_272' title='bbox 631 3533 809 3598; x_wconf 87' lang='lat' dir='ltr'>Cardinalis</span> <span class='ocrx_word' id='word_1_273' title='bbox 831 3541 898 3595; x_wconf 89' lang='lat' dir='ltr'>tam</span> <span class='ocrx_word' id='word_1_274' title='bbox 922 3533 1092 3616; x_wconf 87' lang='lat' dir='ltr'>diligenter</span> <span class='ocrx_word' id='word_1_275' title='bbox 1112 3541 1251 3613; x_wconf 85' lang='lat' dir='ltr'>excusat,</span> <span class='ocrx_word' id='word_1_276' title='bbox 1275 3536 1363 3599; x_wconf 89' lang='lat' dir='ltr'>haud</span> 
     </span>
     <span class='ocr_line' id='line_1_33' title="bbox 257 3636 1363 3721; baseline -0.002 -18"><span class='ocrx_word' id='word_1_277' title='bbox 257 3640 332 3719; x_wconf 87' lang='lat' dir='ltr'>scio,</span> <span class='ocrx_word' id='word_1_278' title='bbox 354 3660 396 3701; x_wconf 84' lang='lat' dir='ltr'>an</span> <span class='ocrx_word' id='word_1_279' title='bbox 417 3644 628 3701; x_wconf 84' lang='lat' dir='ltr'>excusaturus</span> <span class='ocrx_word' id='word_1_280' title='bbox 648 3643 681 3699; x_wconf 90' lang='lat' dir='ltr'>et</span> <span class='ocrx_word' id='word_1_281' title='bbox 700 3636 999 3717; x_wconf 69' lang='lat' dir='ltr'>Arctaieptacopam;</span> <span class='ocrx_word' id='word_1_282' title='bbox 1023 3637 1063 3700; x_wconf 88' lang='lat' dir='ltr'>de</span> <span class='ocrx_word' id='word_1_283' title='bbox 1079 3639 1178 3701; x_wconf 80' lang='lat' dir='ltr'>Patre</span> <span class='ocrx_word' id='word_1_284' title='bbox 1192 3639 1289 3717; x_wconf 89' lang='lat' dir='ltr'>hunc,</span> <span class='ocrx_word' id='word_1_285' title='bbox 1307 3639 1363 3721; x_wconf 93' lang='lat' dir='ltr'>qui</span> 
     </span>
     <span class='ocr_line' id='line_1_34' title="bbox 256 3739 1363 3824; baseline 0.001 -20"><span class='ocrx_word' id='word_1_286' title='bbox 256 3741 359 3818; x_wconf 90' lang='lat' dir='ltr'>illum,</span> <span class='ocrx_word' id='word_1_287' title='bbox 390 3740 429 3802; x_wconf 91' lang='lat' dir='ltr'>de</span> <span class='ocrx_word' id='word_1_288' title='bbox 455 3739 546 3802; x_wconf 73' lang='lat' dir='ltr'>Falto.</span> <span class='ocrx_word' id='word_1_289' title='bbox 601 3739 665 3800; x_wconf 82' lang='lat' dir='ltr'>Vix</span> <span class='ocrx_word' id='word_1_290' title='bbox 692 3739 855 3802; x_wconf 87' lang='lat' dir='ltr'>Catholice</span> <span class='ocrx_word' id='word_1_291' title='bbox 878 3747 989 3802; x_wconf 86' lang='lat' dir='ltr'>tamen</span> <span class='ocrx_word' id='word_1_292' title='bbox 1014 3740 1076 3804; x_wconf 93' lang='lat' dir='ltr'>hoc</span> <span class='ocrx_word' id='word_1_293' title='bbox 1102 3741 1142 3815; x_wconf 86' lang='lat' dir='ltr'>ab</span> <span class='ocrx_word' id='word_1_294' title='bbox 1167 3742 1237 3803; x_wconf 86' lang='lat' dir='ltr'>Aeo</span> <span class='ocrx_word' id='word_1_295' title='bbox 1264 3743 1363 3824; x_wconf 86' lang='lat' dir='ltr'>Regis</span> 
     </span>
     <span class='ocr_line' id='line_1_35' title="bbox 256 3841 1364 3927; baseline 0.002 -20"><span class='ocrx_word' id='word_1_296' title='bbox 256 3846 379 3907; x_wconf 84' lang='lat' dir='ltr'>factum</span> <span class='ocrx_word' id='word_1_297' title='bbox 404 3842 488 3905; x_wconf 90' lang='lat' dir='ltr'>dicet</span> <span class='ocrx_word' id='word_1_298' title='bbox 510 3841 700 3917; x_wconf 88' lang='lat' dir='ltr'>Cardinalis,</span> <span class='ocrx_word' id='word_1_299' title='bbox 723 3841 849 3904; x_wconf 81' lang='lat' dir='ltr'>sedvel</span> <span class='ocrx_word' id='word_1_300' title='bbox 871 3842 946 3906; x_wconf 88' lang='lat' dir='ltr'>inde</span> <span class='ocrx_word' id='word_1_301' title='bbox 970 3844 1095 3925; x_wconf 84' lang='lat' dir='ltr'>egregie</span> <span class='ocrx_word' id='word_1_302' title='bbox 1117 3844 1287 3908; x_wconf 88' lang='lat' dir='ltr'>mendaces</span> <span class='ocrx_word' id='word_1_303' title='bbox 1305 3867 1364 3927; x_wconf 88' lang='lat' dir='ltr'>pro</span> 
     </span>
     <span class='ocr_line' id='line_1_36' title="bbox 258 3945 1364 4030; baseline 0.002 -19"><span class='ocrx_word' id='word_1_304' title='bbox 258 3954 421 4029; x_wconf 89' lang='lat' dir='ltr'>comperto</span> <span class='ocrx_word' id='word_1_305' title='bbox 449 3945 576 4023; x_wconf 90' lang='lat' dir='ltr'>habeat,</span> <span class='ocrx_word' id='word_1_306' title='bbox 613 3945 667 4028; x_wconf 90' lang='lat' dir='ltr'>qui</span> <span class='ocrx_word' id='word_1_307' title='bbox 699 3945 739 4008; x_wconf 90' lang='lat' dir='ltr'>de</span> <span class='ocrx_word' id='word_1_308' title='bbox 767 3945 836 4007; x_wconf 84' lang='lat' dir='ltr'>Avo</span> <span class='ocrx_word' id='word_1_309' title='bbox 868 3946 965 4029; x_wconf 88' lang='lat' dir='ltr'>Regis</span> <span class='ocrx_word' id='word_1_310' title='bbox 995 3954 1129 4030; x_wconf 90' lang='lat' dir='ltr'>paterno</span> <span class='ocrx_word' id='word_1_311' title='bbox 1159 3949 1280 4012; x_wconf 89' lang='lat' dir='ltr'>audent</span> <span class='ocrx_word' id='word_1_312' title='bbox 1313 3950 1364 4012; x_wconf 87' lang='lat' dir='ltr'>vel</span> 
     </span>
     <span class='ocr_line' id='line_1_37' title="bbox 257 4051 390 4115; baseline -0.008 -1"><span class='ocrx_word' id='word_1_313' title='bbox 257 4051 390 4115; x_wconf 89' lang='lat' dir='ltr'>hiscere.</span> 
     </span>
    </p>
   </div>
   <div class='ocr_carea' id='block_1_5' title="bbox 293 4183 1365 4331">
    <p class='ocr_par' dir='ltr' id='par_1_5' title="bbox 293 4183 1365 4331">
     <span class='ocr_line' id='line_1_38' title="bbox 293 4183 1365 4251; baseline -0.001 -14"><span class='ocrx_word' id='word_1_314' title='bbox 293 4187 447 4246; x_wconf 86' lang='lat' dir='ltr'>Quinetiam</span> <span class='ocrx_word' id='word_1_315' title='bbox 459 4184 627 4235; x_wconf 87' lang='lat' dir='ltr'>ostenduntur</span> <span class='ocrx_word' id='word_1_316' title='bbox 645 4184 687 4233; x_wconf 84' lang='lat' dir='ltr'>hic</span> <span class='ocrx_word' id='word_1_317' title='bbox 704 4183 791 4233; x_wconf 84' lang='lat' dir='ltr'>Romae</span> <span class='ocrx_word' id='word_1_318' title='bbox 803 4184 924 4248; x_wconf 76' lang='lat' dir='ltr'>Epistulae</span> <span class='ocrx_word' id='word_1_319' title='bbox 935 4200 986 4234; x_wconf 91' lang='lat' dir='ltr'>non</span> <span class='ocrx_word' id='word_1_320' title='bbox 1002 4200 1088 4249; x_wconf 78' lang='lat' dir='ltr'>panesa</span> <span class='ocrx_word' id='word_1_321' title='bbox 1100 4201 1176 4236; x_wconf 87' lang='lat' dir='ltr'>manu</span> <span class='ocrx_word' id='word_1_322' title='bbox 1188 4188 1289 4250; x_wconf 82' lang='lat' dir='ltr'>propria</span> <span class='ocrx_word' id='word_1_323' title='bbox 1302 4186 1365 4251; x_wconf 83' lang='lat' dir='ltr'>ejus</span> 
     </span>
     <span class='ocr_line' id='line_1_39' title="bbox 324 4267 1365 4331; baseline -0.002 -12"><span class='ocrx_word' id='word_1_324' title='bbox 324 4270 383 4319; x_wconf 87' lang='lat' dir='ltr'>dem</span> <span class='ocrx_word' id='word_1_325' title='bbox 398 4269 502 4331; x_wconf 70' lang='lat' dir='ltr'>Reginae</span> <span class='ocrx_word' id='word_1_326' title='bbox 513 4271 629 4327; x_wconf 79' lang='lat' dir='ltr'>exaratae,</span> <span class='ocrx_word' id='word_1_327' title='bbox 642 4281 698 4329; x_wconf 82' lang='lat' dir='ltr'>quae</span> <span class='ocrx_word' id='word_1_328' title='bbox 714 4267 776 4315; x_wconf 88' lang='lat' dir='ltr'>satis</span> <span class='ocrx_word' id='word_1_329' title='bbox 787 4271 912 4315; x_wconf 84' lang='lat' dir='ltr'>testantur</span> <span class='ocrx_word' id='word_1_330' title='bbox 922 4268 1004 4316; x_wconf 89' lang='lat' dir='ltr'>zelum</span> <span class='ocrx_word' id='word_1_331' title='bbox 1018 4267 1071 4330; x_wconf 89' lang='lat' dir='ltr'>cjus</span> <span class='ocrx_word' id='word_1_332' title='bbox 1090 4268 1121 4318; x_wconf 86' lang='lat' dir='ltr'>de</span> <span class='ocrx_word' id='word_1_333' title='bbox 1138 4270 1298 4319; x_wconf 77' lang='lat' dir='ltr'>conversione</span> <span class='ocrx_word' id='word_1_334' title='bbox 1315 4268 1365 4317; x_wconf 83' lang='lat' dir='ltr'>filii</span> 
     </span>
    </p>
   </div>
   <div class='ocr_carea' id='block_1_6' title="bbox 317 4491 1304 4564">
    <p class='ocr_par' dir='ltr' id='par_1_6' title="bbox 317 4491 1304 4564">
     <span class='ocr_line' id='line_1_40' title="bbox 317 4491 1304 4564; baseline 0.003 -20"><span class='ocrx_word' id='word_1_335' title='bbox 317 4503 329 4536; x_wconf 69' lang='grc' dir='ltr'>ί</span> <span class='ocrx_word' id='word_1_336' title='bbox 345 4493 420 4560; x_wconf 86' lang='lat' dir='ltr'>[Vide</span> <span class='ocrx_word' id='word_1_337' title='bbox 432 4491 599 4558; x_wconf 79' lang='lat' dir='ltr'>Spotswood&#39;s</span> <span class='ocrx_word' id='word_1_338' title='bbox 616 4493 722 4557; x_wconf 80' lang='lat' dir='ltr'>Ilistory</span> <span class='ocrx_word' id='word_1_339' title='bbox 734 4493 762 4542; x_wconf 83' lang='lat' dir='ltr'>of</span> <span class='ocrx_word' id='word_1_340' title='bbox 774 4493 818 4543; x_wconf 85' lang='lat' dir='ltr'>the</span> <span class='ocrx_word' id='word_1_341' title='bbox 826 4492 927 4544; x_wconf 81' lang='lat' dir='ltr'>Church</span> <span class='ocrx_word' id='word_1_342' title='bbox 938 4495 965 4544; x_wconf 83' lang='lat' dir='ltr'>ol</span> <span class='ocrx_word' id='word_1_343' title='bbox 974 4493 1102 4558; x_wconf 85' lang='lat' dir='ltr'>Scotland,</span> <span class='ocrx_word' id='word_1_344' title='bbox 1113 4496 1158 4547; x_wconf 87' lang='lat' dir='ltr'>lib.</span> <span class='ocrx_word' id='word_1_345' title='bbox 1167 4511 1190 4547; x_wconf 84' lang='lat' dir='ltr'>v.</span> <span class='ocrx_word' id='word_1_346' title='bbox 1203 4512 1227 4561; x_wconf 92' lang='lat' dir='ltr'>p.</span> <span class='ocrx_word' id='word_1_347' title='bbox 1237 4498 1304 4564; x_wconf 65' lang='lat'>252]</span> 
     </span>
    </p>
   </div>
   <div class='ocr_carea' id='block_1_7' title="bbox 0 0 1470 4926">
    <p class='ocr_par' dir='ltr' id='par_1_7' title="bbox 0 0 1470 4926">
     <span class='ocr_line' id='line_1_41' title="bbox 0 0 1470 4926; baseline 0 0"><span class='ocrx_word' id='word_1_348' title='bbox 0 0 1470 4926; x_wconf 95' lang='lat' dir='ltr'> </span> 
     </span>
    </p>
   </div>
  </div>
 </body>
</html>
