2910 4926
282 293 347 356 342
596 312 641 359 su
660 310 854 360 mmmmm
874 310 1074 359 munuum

284 462 314 523 ὅ.
339 461 498 544 Denique,
514 461 565 524 rel
579 461 645 526 dno
659 464 725 542 isti,
740 464 854 528 Enoch
868 472 903 527 et
917 463 1017 543 Elius,
1031 459 1229 547 pmveuient
1241 458 1382 542 reliquos

283 583 407 641 omues,
422 583 484 628 nee
497 573 664 648 expectsts
681 567 825 650 genersli
845 567 1090 645 resurreetione,
1105 561 1294 648 aliquandiu
1307 568 1383 626 unte

284 685 357 729 eom
386 678 566 749 resurgent.
610 669 656 732 Et
684 670 747 733 hoo
774 671 824 753 (ut
847 669 947 734 hsbet
971 667 1151 735 Curdiuslis
1178 666 1289 750 nugo)
1323 684 1385 747 per

284 768 419 849 speciale
440 769 654 852 priuilepiusr,
676 774 857 854 ερεοίοὶϋεν
880 774 928 837 eis
949 772 1067 850 men,
1090 775 1223 854 propter
1249 767 1385 849 &petiole

286 870 527 935 testimoninm
574 873 744 939 Generalis
761 897 839 959 ergo
857 897 956 953 mors,
974 874 1132 959 genmslis
1150 880 1226 957 post
1246 878 1384 935 mortem

287 970 388 1054 quies,
403 974 562 1055 generalis
580 974 616 1038 iu
632 978 699 1040 hue
718 977 834 1041 mundi
856 978 1068 1054 resurreeti03
1101 974 1253 1058 Exempti
1273 982 1385 1037 umen

286 1084 401 1152 morte,
416 1084 451 1140 et
470 1098 490 1140 u
507 1078 616 1161 quiete
634 1078 677 1142 sd
697 1079 823 1144 lshores
844 1081 994 1158 reroosti,
1008 1088 1043 1143 et
1056 1086 1133 1143 unte
1147 1077 1262 1142 mundi
1276 1078 1386 1154 finem,

287 1178 469 1242 resuscitati
483 1182 644 1245 nonnulli.
668 1182 797 1248 Quibus
810 1185 858 1263 fit,
867 1192 906 1248 ut
917 1192 951 1248 et
965 1183 1124 1267 merulis
1136 1187 1210 1266 poet
1219 1179 1385 1245 Christum

288 1282 433 1346 ssoensio
450 1284 532 1346 nihil
556 1284 685 1350 duobus
702 1285 774 1350 istis
791 1286 942 1371 deroget:
965 1308 1041 1352 eum
1059 1286 1094 1349 id
1115 1285 1179 1349 illis
1197 1303 1386 1349 oonoessum

287 1406 355 1450 non
369 1387 422 1464 sit,
436 1388 555 1452 nisiex
569 1390 724 1473 singulari
738 1391 850 1474 gretie.

126 1494 274 1611 {ll'lgm
331 1488 462 1554 liabent
481 1499 602 1571 tumen,
623 1492 666 1556 sd
687 1493 759 1557 loos
779 1494 917 1578 singulm
941 1494 968 1557 si
987 1493 1029 1557 sd
1051 1490 1178 1575 singule
1194 1510 1386 1575 responsum

154 1574 179 1609 ''
214 1558 226 1626 Ῑ
286 1600 442 1677 expectet.
472 1594 560 1658 Vudo
569 1617 691 1677 putare
705 1597 791 1659 robis
805 1599 937 1660 locum».
967 1596 1070 1660 Vobis.
1094 1595 1166 1659 Nee
1180 1594 1242 1658 hoc
1252 1592 1386 1657 Euocho

286 1694 338 1758 vel
361 1696 444 1760 Elise
463 1696 587 1761 dictum
612 1698 743 1781 (credo)
772 1699 830 1764 sed
852 1700 939 1763 nobis
960 1698 1007 1783 (id
1020 1699 1080 1781 est)
1108 1695 1272 1781 discipulis
1295 1695 1385 1759 meis.

293 1798 396 1878 Vobis,
411 1799 529 1884 quibus
544 1801 716 1884 parandus,
731 1824 799 1867 non
813 1803 893 1883 Illis,
910 1802 1026 1888 quibus
1040 1801 1098 1865 diu
1107 1801 1176 1885 jum
1191 1800 1281 1863 loeus
1294 1819 1386 1883 puro·

287 1910 342 1967 tus
356 1911 417 1968 est.
461 1905 534 1970 Nec
556 1906 645 1971 uliud
660 1908 754 1973 alteri
768 1908 809 1971 sd
826 1908 981 1973 Hebroeos
1004 1907 1075 1971 looo
1090 1924 1281 1988 responsum
1293 1902 1385 1982 feret,

128 2024 183 2102 up.)
199 2020 265 2074 Heu
288 2028 397 2090 quum,
421 2009 606 2073 Proeeursor
634 2011 731 2090 nobis,
758 2011 804 2094 (id
827 2012 888 2092 est)
914 2011 1025 2088 Paulo,
1050 2016 1084 2073 et
1108 2007 1225 2092 quibus
1249 2006 1385 2091 scripsit

126 2088 221 2155 Μ’]
288 2111 605 2178 Necenimiuroce
620 2114 747 2178 ‘nobis'
762 2115 878 2179 Enoch
892 2136 977 2179 uuus
991 2112 1131 2192 erst,vel
1144 2112 1243 2176 Elius.
1276 2111 1387 2177 οου]-

288 2236 396 2300 quum,
419 2239 481 2282 uec
510 2218 544 2282 id
570 2239 689 2303 negare
717 2219 846 2284 suimus
875 2227 933 2298 est,
957 2219 1137 2302 cuicunque
1165 2222 1276 2301 apertu
1297 2214 1386 2293 olim,

287 2320 461 2404 aperienda
475 2322 545 2405 jam
565 2322 720 2388 ooelorum
733 2323 854 2406 janus:
882 2343 941 2405 per
955 2321 1122 2386 Christum
1141 2325 1175 2383 et
1192 2318 1293 2382 furiose
1309 2317 1388 2382 olim

236 2416 243 2429 ’
287 2434 442 2507 apertum,
457 2425 572 2509 etjam
587 2424 792 2509 aperiendum
806 2445 886 2488 esse.
926 2422 1085 2487 Nondum
1098 2422 1254 2499 incarne,
1268 2422 1390 2485 ocrim

287 2534 400 2591 tumen
429 2534 497 2591 est:
524 2528 671 2592 nondum
692 2529 728 2591 in
757 2549 863 2606 cume,
879 2539 1082 2610 precursort
1106 2533 1218 2590 tsmeu
1246 2525 1319 2605 fuit,
1348 2525 1389 2588 ub

288 2633 409 2713 oripiue
422 2634 558 2696 muudif.
606 2634 679 2697 Etsi
699 2634 797 2710 enim,
812 2656 879 2696 nou
899 2633 963 2696 nisi
978 2634 1115 2696 veniente
1129 2633 1276 2714 torporis
1284 2633 1389 2714 pleni-

287 2735 394 2796 tudine
403 2743 424 2813 ⁸,
454 2756 583 2798 curnem
613 2747 759 2800 nostram
788 2744 864 2800 ectu
887 2735 1022 2799 indutus
1047 2743 1114 2799 est:
1152 2744 1187 2799 st
1215 2735 1272 2800 diu
1301 2743 1388 2814 aute,

287 2860 309 2901 u
331 2840 439 2901 muudi
462 2861 557 2921 usque
581 2843 710 2922 oripiue
734 2848 865 2924 operatu
888 2847 938 2903 est
961 2838 1084 2903 Christi
1110 2839 1212 2922 (quusi
1234 2840 1270 2902 in
1292 2860 1389 2903 osrne

284 2942 365 3025 jum)
384 2939 561 3023 οἰκονομία.
606 2945 678 3008 Nee
702 2944 815 3007 mortis
838 2942 955 3019 solum,
979 2942 1036 3005 sed
1055 2950 1090 3006 et
1112 2942 1308 3007 ascensionis
1322 2943 1388 3007 ris:

288 3065 348 3108 nec
371 3045 478 3123 modo,
502 3068 566 3129 qus
586 3047 698 3128 Aptius
721 3048 841 3109 οοοίοοιο
865 3045 983 3109 obinde
1003 3047 1082 3131 jum,
1105 3067 1164 3129 pro
1187 3046 1301 3124 nobis;
1332 3046 1390 3109 sed

288 3148 397 3227 etium,
415 3171 478 3232 quu
485 3171 666 3231 precursor
678 3150 783 3213 faetus
803 3157 853 3213 est
871 3150 976 3213 nobis.
1020 3149 1092 3213 Nee
1111 3171 1169 3234 per
1186 3149 1282 3213 elism
1303 3151 1390 3213 rium

287 3261 503 3335 pervenerumt
517 3253 562 3331 hi,
578 3274 638 3317 neo
653 3274 710 3336 per
725 3252 812 3316 uliud
827 3253 944 3317 ostium
959 3253 1181 3317 intraverunt:
1205 3274 1266 3317 neo
1281 3253 1391 3318 locum

287 3355 352 3418 nisi
371 3377 391 3419 a
405 3356 538 3420 Christo
559 3363 718 3438 puratum,
733 3376 794 3418 neo
808 3354 990 3434 introitum,
1005 3355 1070 3417 uisi
1084 3355 1141 3418 illo
1155 3355 1239 3418 rium
1253 3378 1391 3440 praemo·

287 3452 396 3531 liente,
418 3474 479 3517 nec
493 3454 558 3519 nisi
572 3475 630 3536 per
644 3452 803 3539 ἐνεργείαν
816 3473 883 3517 non
894 3455 964 3538 jum
978 3452 1081 3531 facte,
1098 3453 1155 3517 sed
1174 3454 1224 3516 rel
1239 3452 1298 3518 diu
1316 3462 1392 3538 post

287 3555 416 3632 future,
433 3556 649 3620 Asoeusionis.
695 3555 828 3620 Refudit
852 3556 939 3619 enim
963 3576 997 3618 se
1022 3555 1057 3619 in
1080 3562 1191 3618 aetstes
1207 3559 1392 3637 preteritas

287 3658 478 3739 mysterium
502 3658 593 3736 illud,
609 3666 677 3721 tum
692 3658 741 3736 iis,
757 3658 813 3741 qui
828 3665 1052 3739 precessemnt
1069 3659 1159 3736 utile,
1174 3680 1271 3743 quum
1295 3659 1392 3725 nobis

288 3759 343 3841 qui
358 3760 532 3841 sequimur,
542 3772 580 3824 ut
594 3768 628 3824 et
642 3758 821 3847 πρόδρομος
835 3761 961 3825 Enochi
976 3761 1133 3839 Christus,
1144 3770 1177 3827 et
1188 3763 1228 3842 ei,
1242 3784 1339 3846 quem
1353 3764 1392 3829 in

287 3862 376 3926 coelis
390 3862 499 3941 habet,
512 3865 610 3927 Iocum
630 3884 775 3945 parasse,
787 3864 862 3947 jure
876 3865 993 3928 merito
1008 3864 1161 3928 offirmari
1175 3865 1286 3949 possit.
1315 3867 1392 3933 Quo

287 3962 393 4041 modo,
410 3964 449 4025 ub
464 3965 555 4027 initio
569 3966 676 4027 muudi
690 3967 819 4044 occisus,
835 3966 948 4030 eodem
963 3975 996 4030 et
1004 3987 1184 4047 precursor
1197 3967 1330 4032 scilieet.

331 4065 403 4128 Neo
417 4075 528 4130 tamen
542 4067 595 4130 hic
611 4067 781 4150 quicquum
797 4066 924 4146 definio,
940 4076 1052 4132 utrum
1071 4068 1112 4133 ud
1131 4070 1276 4133 sisiomm
1293 4070 1393 4134 beuti·

281 4165 380 4247 ficum
409 4170 503 4252 plene
527 4176 599 4232 tum
623 4169 752 4232 admissi
775 4169 915 4247 fuerint5
939 4191 1000 4234 nec
1025 4192 1068 4234 sn
1090 4171 1158 4235 ulle
1181 4171 1228 4236 eis
1254 4193 1393 4238 ssoeusu

290 4269 412 4335 Christi
425 4271 511 4336 facts
525 4271 567 4334 sit
582 4271 728 4335 ucoessio.
774 4272 846 4335 Neo
861 4272 948 4337 enim
970 4274 1056 4337 inter
1077 4275 1192 4338 mulm
1207 4276 1283 4339 illus
1303 4297 1392 4341 mun-

321 4405 333 4429 ·
349 4397 438 4463 [Hugo
445 4397 528 4463 Curi]
541 4397 697 4462 inApooxi.
707 4397 815 4463 [Postill.
893 4405 904 4435 ⁸
931 4399 997 4450 Heb.
1008 4402 1043 4450 ri.
1055 4400 1104 4464 th]

289 4458 816 4526 ru.v·sf01.soeuiv.001.1.1³srnlosu.]
894 4472 902 4496 ¹
930 4465 1008 4527 Apoo
1020 4466 1075 4515 xiil.
1088 4465 1122 4529 8.]

75 4532 220 4628 λ
319 4523 542 4592 quorsumn]
893 4536 901 4557 ·
929 4528 1027 4579 usin.
1040 4529 1077 4592 ⁴.]
