2910 4926
564 289 608 337 an
629 288 805 338 ιιιιιιιιιι.
1153 271 1239 336 xxvii

136 441 342 526 disponendis
364 440 460 506 rebus
485 442 622 525 Regum,
646 450 679 506 et
705 443 903 525 Regnorum,
926 441 981 525 jus
1003 440 1236 525 arbitriumque

137 544 297 623 Pontifici,
312 565 409 626 capra
429 544 538 627 Repes,
554 544 783 609 deferendum:
807 545 883 623 sive,
899 551 937 607 ut
951 546 1058 625 Papa,
1081 566 1138 627 per
1153 547 1236 609 Cen·

136 668 264 710 suram:
287 646 353 710 sive
376 645 474 710 etiam
498 645 580 710 eitra
604 667 784 724 censuram,
809 655 847 712 nt
871 647 1016 728 Principi
1043 647 1237 728 Spiritaali?

139 749 193 813 Sic
215 771 303 833 ergo,
327 749 496 830 gradatim,
522 748 705 833 iterumque
731 750 823 834 quasi
857 750 1038 814 methodica
1068 759 1236 834 provectae,

137 852 222 917 circa
239 875 308 917 rem
324 853 511 946 Religionis,
529 853 769 918 Controversiae.
815 854 858 917 In
871 853 1022 918 omnibus
1036 854 1168 918 nostrit
1154 861 1236 918 t·em

136 957 233 1040 poris,
259 956 379 1072 primas
401 962 516 1020 tenent
538 955 603 1020 illae
626 956 667 1020 de
688 956 856 1021 Ecclesia:
891 956 932 1019 In
957 956 1008 1020 his
1031 956 1071 1020 de
1092 957 1237 1020 Ecclesia

136 1059 221 1123 nihil
243 1059 527 1144 magisqnaeritru,
547 1080 643 1143 quam
663 1059 839 1124 desummo
855 1058 1031 1140 Pontifice:
1055 1060 1097 1123 In
1119 1060 1181 1124 hoe
1196 1060 1236 1124 de

136 1161 300 1244 Pontifiee,
323 1163 408 1226 nihil
421 1161 533 1246 magis,
549 1183 647 1247 quam
662 1162 702 1227 de
713 1169 871 1244 potestate
886 1185 982 1246 quam
996 1161 1148 1227 vindicat.
1193 1164 1236 1227 In

136 1266 197 1330 hac
211 1267 280 1350 ipsa
294 1266 431 1350 denique
444 1272 613 1348 potestate,
629 1266 767 1330 maxime
786 1267 855 1350 jam
877 1265 1036 1329 incumbit
1059 1265 1105 1330 rei
1126 1266 1236 1331 Chris·

136 1370 243 1448 tianae,
259 1391 330 1454 quae
345 1376 395 1433 est
410 1369 555 1433 derebus
570 1369 689 1452 Repnm
703 1370 933 1451 temporalibus.
979 1369 1044 1433 Hic
1062 1371 1132 1453 jam
1154 1391 1236 1453 apex

138 1475 436 1538 Controversiamm
461 1481 520 1552 est,
538 1495 673 1557 quarum
695 1494 734 1538 ex
756 1475 846 1538 omni
870 1474 1010 1558 antiquit
1011 1480 1063 1539 ate
1083 1476 1235 1540 collectus

135 1576 300 1661 impetus
291 1599 327 1640 ιιι
337 1585 480 1641 nostram
495 1584 625 1641 aetatem
639 1577 840 1642 redundavit.

182 1681 310 1744 Hanc
297 1701 331 1743 an
348 1680 579 1763 Temporaiibus
599 1685 798 1761 potestatem,
823 1701 920 1764 quarn
944 1653 1005 1743 sibi
1030 1679 1128 1744 sumit
1148 1681 1235 1745 Pon-

136 1782 224 1861 tifex,
241 1803 300 1867 ope
316 1783 337 1846 J
339 1782 472 1846 esu1t10a
491 1782 614 1846 radices
638 1790 749 1846 nostra
770 1783 831 1846 hae
853 1782 979 1846 aetate
969 1804 1006 1846 ιιι
1028 1783 1233 1867 opinionibus

136 1887 307 1950 hominnm
336 1886 432 1949 ultius
462 1893 621 1969 agentem,
645 1885 742 1948 latius
767 1894 984 1969 propagatam,
1012 1887 1143 1970 jamque
1167 1909 1235 1951 non

136 1989 270 2054 obscure
284 1989 497 2053 fundamenta
509 1989 599 2052 Jarie
614 1989 706 2072 Repii
720 1990 868 2073 pacisque
883 1989 1019 2072 publicae
1040 1988 1234 2054 labefactan-

135 2101 214 2171 tem,
244 2093 392 2158 nondum
417 2092 718 2173 animadverterant,
749 2100 917 2168 autcerte
942 2093 1151 2176 neglexerant
1177 2093 1233 2157 ali·

45 2221 54 2232 ·
135 2196 289 2280 quandiu,
306 2195 472 2279 Principes
488 2196 674 2261 Christiani.
719 2197 856 2279 Jamque
871 2197 910 2259 de
927 2194 995 2276 fide
1010 2217 1087 2278 esse,
1103 2204 1136 2259 et
1149 2197 1235 2261 inter

135 2300 296 2384 precipua
316 2299 391 2364 fidei
408 2299 524 2383 Capita
543 2300 666 2364 censeri
688 2307 845 2384 coeperat:
877 2289 985 2377 Unde,
1012 2300 1095 2384 siqui
1112 2300 1235 2385 judicio

135 2403 289 2482 valerent,
309 2403 371 2467 hoc
392 2402 524 2467 nomine
539 2402 653 2482 territi,
669 2402 920 2491 conticescerent
932 2428 939 2465 ε
950 2403 1007 2485 <Et
1020 2402 1101 2485 ⁷dum
1123 2404 1235 2468 Haere·

134 2506 193 2581 tici
216 2505 327 2570 audire
348 2513 540 2585 metuerent,
564 2506 732 2569 veritatem
758 2505 890 2569 interim
918 2505 1049 2570 haeresis
1073 2507 1235 2603 calumnia

135 2608 327 2693 praegravari
345 2609 498 2684 sinerent.

181 2711 246 2776 Sed
268 2712 337 2776 haec
355 2712 445 2796 prius
468 2713 569 2777 fuere.
615 2713 691 2775 Jam
713 2712 847 2792 detectae
868 2684 1008 2792 fraudes,
1025 2686 1079 2777 det
1065 2713 1135 2793 triti
1157 2714 1233 2792 fuci,

135 2835 271 2878 excussa
294 2815 391 2895 larva,
419 2823 529 2899 aperta
552 2837 660 2879 rerum
685 2815 792 2879 facies.
838 2816 971 2879 Nuda'
963 2838 998 2879 ιιι
1026 2823 1141 2900 propat
1127 2818 1234 2880 tulum

135 2918 293 3002 producta
318 2919 434 2996 omnia,
461 2939 654 2997 causacum
678 2939 774 2997 causa
797 2918 1010 3002 componitur.
1055 2920 1234 3002 Nunquam

136 3021 252 3084 animis
275 3029 332 3085 aut
347 3021 515 3085 conatibus
539 3021 643 3105 magis
665 3021 819 3105 utrinque
841 3013 1011 3101 certatum.
1056 3006 1129 3087 Nec
1144 3022 1234 3088 deest

136 3145 300 3188 successus
315 3132 531 3208 exspectatus:
550 3125 648 3203 Quin,
665 3126 794 3209 explosa
805 3115 876 3210 jam
889 3116 1048 3209 plerisque
1063 3127 1132 3190 haec
1147 3128 1234 3191 Pon·

135 3227 231 3291 tiliois
254 3227 397 3307 ambitio,
414 3235 447 3292 et
469 3229 591 3312 injusta
612 3229 701 3307 Juris
723 3250 791 3307 non
814 3231 1061 3314 sui,us,urpatio.
1109 3230 1235 3296 Quibus

135 3331 236 3395 haeret
258 3330 362 3395 adhuc
385 3330 503 3414 alioqui
524 3331 675 3395 nonnihil
691 3332 730 3395 de
750 3314 909 3396 fermento
913 3333 1119 3430 Pontifici03
1136 3334 1233 3397 ctiam

136 3433 360 3515 Principibus
351 3434 439 3517 ipsis,
455 3441 488 3498 et
474 3434 698 3513 ιΜοιιιιιιι,
714 3434 769 3497 lux
784 3455 866 3497 nova
881 3435 1013 3508 exoriri.
1041 3421 1127 3499 unde
1142 3435 1234 3500 facile

137 3537 219 3601 Jura
235 3537 361 3620 Sceptri
376 3538 431 3600 ct
419 3559 494 3621 Jura
509 3537 656 3610 Clarium
671 3538 901 3614 internoscant
1011 3603 1014 3609 ,

180 3641 281 3704 Nefas
295 3641 349 3705 hic
364 3640 493 3704 silentio
507 3641 663 3724 praeteriri
678 3642 846 3704 Auctorem
866 3642 990 3725 hujust
992 3647 1048 3704 ant
1049 3663 1061 3702 1
1034 3641 1232 3722 tbeneficii,

130 3745 270 3808 Aurorae
291 3753 409 3807 nostrae
432 3745 658 3826 Ptaosphoeam,
683 3746 859 3808 Decemt
826 3751 921 3828 atque
945 3745 1112 3826 Auspicem
1137 3745 1234 3829 hujus

136 3847 377 3926 Controversiae,
417 3848 663 3925 Sereniasimam,
704 3849 1013 3930 Potentissimamque
1055 3849 1234 3930 Principem

134 3950 286 4013 Jacobam
315 3951 442 4033 Μαρια)
456 3952 632 4014 Britannia
650 3953 787 4033 Repem:
812 3951 876 4034 qui,
892 3951 1014 4034 primus
1035 3951 1120 4016 facto
1135 3953 1234 4036 scrip-

134 4061 233 4137 toque
250 4053 308 4116 Jus
332 4075 425 4117 suum
450 4054 529 4131 Sibi,
554 4056 733 4137 secumque
755 4075 830 4133 una,
847 4061 880 4118 et
903 4054 1033 4137 reliquis
1052 4055 1232 4120 vindicavit.

136 4156 283 4221 Debetur
305 4157 360 4220 Illi
381 4157 442 4221 hoc
464 4157 594 4221 nomine
613 4179 631 4220 a
647 4158 850 4241 Principibus
873 4158 993 4241 gratia:
1017 4158 1152 4223 debetur
1167 4166 1199 4223 et
1215 4182 1235 4223 a

134 4259 239 4338 nobis,
264 4260 379 4344 quibus
407 4261 633 4324 Adversariam
658 4281 872 4338 communem,
896 4261 943 4324 ita
967 4260 1099 4324 tandem
1126 4262 1234 4325 debel-

134 4362 269 4426 landum
293 4362 434 4443 tradidit,
451 4370 488 4427 ut
513 4362 651 4427 eundem
677 4365 753 4447 Ipse
777 4364 865 4447 prius
892 4364 1055 4427 lethaliter
1079 4363 1232 4442 saucium,

136 4474 171 4530 ct
196 4466 417 4532 semianimem
440 4466 625 4550 reliquerit:
649 4489 806 4551 quemque
832 4467 915 4530 fudit
942 4466 1027 4548 Ipse,
1051 4465 1234 4549 fugavitque
