2910 4926
451 293 633 341 immersu
655 293 836 342 assensero.
1152 277 1193 341 73

97 451 184 514 enim
199 450 366 514 Christum
382 450 514 529 Pilatus,
534 452 581 514 ita
596 452 719 533 Regem
735 450 871 534 scripsit,
899 456 936 513 ut
956 457 1045 528 c1·at;
1068 471 1128 512 nec
1149 450 1196 512 ita

89 575 152 636 pro
169 560 261 636 pente
280 561 419 617 mortuus
440 562 498 632 cst,
514 562 551 617 ut
570 556 706 638 Caiphas
729 555 767 632 ci,
785 576 847 636 pro
867 561 958 636 pente
979 554 1196 616 hamiendamm

96 657 292 720 definiverat.
330 658 393 721 Vel
407 659 539 720 miretur
553 659 622 721 htec
637 680 763 740 quoque
779 657 975 721 Cardinalis:
994 658 1045 720 vol
1061 659 1194 740 Regem,

97 760 258 843 Regisque
284 761 417 823 titulum
442 762 554 823 mirari
581 761 716 838 desinat.
762 761 890 824 Titulus
911 783 930 823 a
952 761 1056 823 Pilato
1079 760 1173 822 datus
1185 786 1193 837 ;

97 885 171 946 quo,
194 863 235 927 ab
258 885 296 927 eo
320 864 414 926 datus
442 886 549 942 sensu,
573 886 640 928 non
662 886 778 927 verus:
811 885 871 927 nec
894 885 933 927 eo
954 864 1062 926 minus
1084 870 1195 926 tamen

97 987 117 1028 a
138 967 267 1030 Christo
290 974 481 1050 usurpatus:
511 989 571 1030 nec
597 990 635 1031 co
664 968 771 1030 minus
801 968 921 1030 relatus
950 968 986 1029 in
1008 967 1193 1049 Evangelia.

96 1071 203 1133 Verus
214 1071 311 1148 enirn,
327 1071 546 1154 veriorlonge,
563 1093 657 1135 sensu
673 1071 804 1149 Christi,
821 1092 916 1152 quam
932 1072 1047 1134 Pilati:
1066 1071 1195 1154 Caiphae

97 1194 223 1256 qnoque
238 1173 405 1257 prophetia
419 1174 531 1236 verior.

142 1276 311 1342 Quadrant
333 1278 402 1340 haec
422 1278 531 1340 omnia
545 1277 580 1340 in
597 1279 728 1360 Regem.
774 1278 905 1361 Caiphae
920 1277 1032 1340 similis
1047 1277 1196 1342 Pontifex

98 1381 221 1462 Regem
236 1379 363 1462 Angliae
377 1381 466 1442 Itidei
485 1380 686 1463 Defensorem
701 1380 791 1444 dixit.
839 1383 912 1448 Quo
933 1402 1029 1444 sensu
1051 1381 1141 1458 dixit,
1162 1381 1196 1444 id

96 1503 208 1545 verum
223 1503 290 1545 non
303 1482 383 1545 fuit:
408 1483 474 1560 sed,
497 1504 565 1546 eum
580 1483 731 1566 Pontifex
754 1485 872 1546 scilicet
894 1490 973 1546 esset
994 1484 1070 1546 anni
1089 1485 1195 1546 illins¹¹

103 1588 174 1668 (nce
189 1586 276 1649 enirn
292 1586 337 1648 sic
349 1586 411 1648 fuit
423 1589 605 1670 sequeute0)
618 1589 828 1668 prophetavit,
840 1589 961 1671 Regem
971 1587 1098 1669 Angliae
1107 1588 1196 1649 Fidei

97 1687 296 1770 Defensorem
314 1689 399 1770 fore.
445 1691 479 1752 Is
503 1699 611 1754 autem
635 1692 702 1773 ipse
728 1693 807 1768 lter,
831 1691 886 1774 qui
908 1692 1040 1754 titulum
1064 1691 1194 1773 acecpit,

98 1793 333 1875 superstitionis
356 1800 388 1855 et
414 1793 602 1877 tyrannidis
620 1794 777 1876 depulsor,
801 1801 897 1857 exuto
921 1794 1086 1871 Pontifice,
1102 1815 1195 1856 rcrus

97 1917 180 1959 verte
194 1896 283 1958 Fidei
298 1895 452 1978 Defensor
467 1897 574 1959 statim
590 1918 659 1960 esse
674 1898 781 1979 coepit.
808 1896 894 1962 Quid
911 1897 1047 1979 quaeris?
1070 1897 1196 1959 Titulus

98 1999 160 2062 sihi
182 2007 326 2062 constat:
351 2006 452 2062 cesset
475 2001 651 2063 admiratio.
698 2001 766 2064 Leo
786 2001 827 2063 X.
845 2001 982 2082 Caiphas
1009 2000 1115 2063 fuerit.
1161 2001 1196 2062 Is

99 2102 232 2165 titulum
262 2102 385 2166 dederit
397 2127 406 2180 ;
445 2105 567 2184 Septem
599 2105 802 2166 Sacramenta
830 2103 867 2165 in
895 2103 1003 2166 animo
1028 2103 1194 2166 habuerit:

92 2207 192 2288 fidem
205 2206 293 2269 illam
315 2207 400 2270 haud
417 2207 511 2270 aliam
528 2209 683 2270 senserit:
710 2209 788 2271 Sera
803 2207 899 2269 nimis
916 2207 999 2288 fides
1016 2207 1072 2269 illa
1088 2208 1196 2270 saeculi

101 2309 273 2387 undecimi,
299 2316 336 2372 ut
359 2331 434 2372 uera
458 2311 517 2373 sit:
545 2332 620 2374 vera
646 2311 716 2387 alia,
741 2311 847 2394 prisea
873 2310 985 2392 magis.
1032 2310 1102 2373 Rex
1127 2311 1195 2394 jam

98 2418 220 2489 noster,
236 2412 297 2475 etsi
319 2412 409 2475 Fidei
432 2413 510 2495 ejus,
539 2435 633 2496 quam
654 2414 755 2476 voluit
779 2415 855 2491 hee,
883 2413 1012 2495 (quippe
1027 2434 1098 2496 quae
1113 2414 1197 2496 fides

101 2535 168 2578 non
183 2519 265 2595 vera)
293 2515 446 2595 Defensor
471 2516 619 2579 nonsit:
643 2517 718 2599 quia
734 2516 812 2596 fidei
836 2522 945 2579 tamen
966 2537 1060 2595 verae,
1076 2517 1196 2580 veriore

100 2638 206 2695 sensu,
229 2616 384 2698 Defemar
407 2626 472 2681 est.-
496 2620 618 2697 eodem,
644 2620 709 2683 imo
732 2619 863 2682 meliore
888 2618 948 2681 sibi
967 2619 1041 2702 jure
1063 2620 1197 2682 titulum

100 2719 284 2784 vindicabit.
330 2721 467 2785 Meliore
489 2723 573 2805 jure,
601 2722 741 2785 lacobus
757 2744 868 2785 verum
889 2722 967 2805 jam,
992 2744 1087 2804 quam
1105 2723 1196 2785 Hen-

100 2823 186 2886 ricus
201 2823 294 2887 initio
309 2824 434 2887 falsum.
470 2825 562 2889 Nihil
577 2825 629 2888 hic
644 2825 785 2887 mirabile
800 2826 833 2886 in
845 2827 941 2887 ceritis
957 2827 1099 2903 nostrae,
1115 2826 1197 2889 nihil

101 2946 231 2989 nomm.
276 2927 445 3006 Miramur,
468 2929 579 2990 niirari
603 2929 809 2991 cardinalem.
854 2928 946 2991 Nihil
966 2929 1053 2992 cuim
1074 2931 1197 2993 Christo

101 3029 173 3106 Dei,
190 3029 280 3112 Regi,
305 3030 388 3113 quod
404 3052 469 3094 non
484 3031 569 3094 idcnr
587 3032 709 3093 Christo
725 3033 785 3112 ipsi
800 3032 946 3114 contigit.

135 3150 225 3204 Quaero
237 3152 363 3212 praeterea,
373 3149 421 3207 Qui
433 3150 509 3199 titulo
520 3153 568 3199 isto
580 3155 632 3200 tam
644 3151 788 3208 honorifico,
801 3151 894 3212 Regem
908 3152 1007 3213 nngtiae
1019 3152 1198 3211 cohonestavit,

169 3230 264 3279 Christi
273 3231 356 3280 Vicani
361 3247 396 3292 us,
405 3246 437 3280 an
444 3232 538 3281 Christi
547 3232 711 3281 Adversarius
720 3233 781 3281 tunt
799 3232 825 3281 Si
834 3232 928 3281 Christi
937 3234 1058 3294 Vieurius,
1066 3250 1110 3283 eur
1117 3235 1199 3284 deten-

168 3326 209 3360 sor
217 3310 366 3362 Christianae
375 3313 434 3362 fidei
443 3313 668 3362 ChristiVienrium
676 3327 728 3362 non
735 3313 817 3361 auditi
827 3328 878 3362 non
886 3315 989 3376 recipitt
1000 3329 1050 3362 non
1060 3318 1201 3365 veneratur?

170 3430 175 3441 .
188 3430 206 3441 ..
217 3393 346 3451 Quomodo
354 3395 423 3443 enim
435 3395 484 3444 ista
494 3395 629 3450 cobserent,
640 3399 670 3443 ut
681 3395 737 3456 quis
749 3393 890 3442 Romanum
903 3395 1051 3444 Pontificem
1060 3397 1200 3445 Antichris

170 3485 224 3523 tum
233 3476 385 3535 essoeredat,
396 3481 421 3525 et
432 3477 537 3525 titulum
549 3476 650 3524 honoris
661 3476 693 3524 ab
705 3474 833 3524 conatum
844 3490 894 3523 non
902 3475 1048 3525 exhorreatt
1064 3476 1131 3539 Ergo
1140 3477 1201 3535 lter,

170 3557 191 3604 si
203 3557 277 3620 sapit,
287 3558 412 3620 originem
424 3557 498 3619 hujus
509 3557 579 3605 tituli
590 3556 657 3620 apud
669 3571 695 3606 se
706 3556 843 3618 diligenter
851 3558 953 3619 cogitet,
961 3562 987 3606 et
994 3557 1067 3606 facilc
1075 3558 1203 3621 intelliget

170 3653 227 3687 cum
239 3637 270 3686 nd
283 3653 309 3686 se
320 3639 427 3687 minime
439 3639 571 3700 pertinere,
583 3642 609 3687 et
627 3637 693 3702 apud
710 3637 824 3686 homines
835 3639 960 3701 sapientes
974 3640 1031 3702 plus
1041 3655 1112 3689 rante
1124 3645 1203 3689 osten·

170 3720 274 3768 tationis
286 3719 384 3779 habere,
403 3734 478 3781 quam
494 3719 581 3767 solida·
599 3717 739 3779 dignitatis.
774 3718 847 3783 [Bell.
860 3720 933 3782 Apol.
946 3735 991 3783 pro
1004 3720 1091 3784 Resp]
1109 3736 1152 3786 pp.
1163 3725 1202 3780 20,

171 3803 210 3849 21.
229 3800 299 3865 [Op.,
310 3806 371 3850 torn.
384 3801 427 3849 vii.
438 3801 485 3849 col.
498 3801 551 3850 716.
566 3800 592 3850 C.
606 3801 651 3864 lt]

151 3917 216 3980 Hic
241 3916 326 3980 idem
354 3938 474 3980 cuneus
507 3917 643 3980 dissilire
670 3902 822 3981 ei'fnciet
846 3926 879 3981 et
905 3918 1027 3981 nodum
1054 3921 1202 3984 alterurn.

109 4021 169 4093 Qai
189 4020 275 4083 enim
296 4020 393 4084 titulo
415 4019 471 4082 illo
488 4019 584 4101 Regis
604 4026 668 4081 tam
691 4022 856 4102 honorifico
872 4022 1040 4085 Christum
1060 4026 1202 4087 cohones-

107 4125 197 4200 tavit,
219 4122 322 4185 fidelis
337 4129 416 4201 erat,
437 4145 479 4184 an
499 4121 662 4184 infidelis?
710 4124 854 4203 Caiphae,
874 4125 1052 4188 Christusne
1067 4127 1137 4202 Dei,
1162 4150 1203 4189 an

110 4227 227 4288 Christi
245 4227 470 4288 adversarias?
516 4226 551 4288 Si
570 4226 710 4289 Christus
724 4227 795 4304 Dei,
818 4248 873 4289 mir
892 4249 959 4290 eam
975 4229 1123 4291 Christus
1145 4250 1205 4292 non

140 4377 255 4489 :¹[jtoan
267 4378 301 4426 xi.
310 4380 352 4491 pp.
681 4378 738 4455 Oct3
764 4393 821 4491 lund
837 4382 908 4507 1531,
931 4386 957 4429 et
979 4382 1044 4429 obiit
1067 4382 1122 4431 lial.
1146 4382 1206 4432 Dec.

197 4457 251 4491 osn.
264 4457 298 4491 xi.
344 4479 349 4488 .
680 4458 740 4491 enni
752 4458 805 4504 ejus
823 4459 870 4492 em.

141 4516 152 4539 ⁰
182 4508 231 4556 Leo
244 4506 276 4556 X.
289 4507 388 4557 Bullam
404 4506 475 4555 dedit
491 4507 555 4570 prid.
570 4507 636 4556 Xon.
713 4517 724 4547 ν
741 4507 792 4572 [Pa.
807 4510 881 4557 cxvii.
896 4508 992 4572 (l'nlg.)
1006 4509 1056 4573 23.]
