2910 4926
156 318 161 331 ¹
255 251 296 312 12
567 267 611 314 ln
632 267 823 315 cellnlNALIs
844 266 1044 315 scamnum

248 442 374 503 panem,
398 442 491 505 quam
513 425 670 487 modumm
693 427 855 488 straminis
866 426 908 507 ?),
935 425 1031 489 latria
1048 424 1206 509 prosequi.
1252 424 1353 487 Tran-

254 525 517 606 substantiatum,
536 549 655 608 annon,
678 549 721 592 ne
744 549 778 592 se
803 529 958 607 crucient,
979 528 1112 612 perinde
1127 536 1193 592 est:
1218 527 1352 610 perinde

253 631 406 713 procedet
426 632 580 713 adoratio,
603 632 746 712 credant,
762 654 804 696 ne
822 633 956 698 credant
978 633 1352 697 transubstantiationem.

187 768 200 791 ·
254 735 317 815 En,
335 757 398 819 quo
412 736 493 800 fides
507 736 601 801 nobis
616 738 686 821 jam
706 736 840 801 recidit!
887 738 931 800 Et
946 737 1040 820 quale
1054 736 1187 801 tandem
1202 735 1263 798 hoc
1278 734 1354 798 fidei

254 848 369 906 vestrse
384 841 509 926 dogma,
526 843 612 926 quod
637 864 695 907 nos
721 843 851 907 credere
865 842 973 922 vultis,
995 842 1057 927 ipsi
1078 848 1189 906 tamen
1203 862 1271 904 non
1286 862 1353 905 erc·

255 942 354 1007 ditis?
382 944 422 1009 de
438 967 512 1029 qno,
535 951 656 1010 certam
682 967 741 1010 nos
762 947 860 1010 fidem
881 946 1001 1010 habere
1016 945 1149 1030 jubetis,
1164 944 1227 1028 ipsi
1240 966 1353 1028 vagam

255 1045 391 1127 habetis,
407 1055 440 1112 et
465 1056 646 1114 errantem:
675 1052 768 1135 cujus
792 1052 915 1134 Regem
941 1046 1140 1131 Deseruerem
1162 1047 1269 1127 vultis,
1294 1049 1354 1132 ipsi

258 1150 451 1233 consessores
474 1174 542 1217 esse
560 1176 628 1217 non
642 1154 761 1218 vultis?
806 1156 918 1237 Apage
933 1174 1009 1217 vero
1029 1152 1126 1217 fidem
1146 1153 1241 1231 hanc,
1257 1174 1354 1237 quam

255 1256 436 1321 Csrdinalis
452 1258 605 1337 defendit,
621 1280 681 1323 nec
696 1279 779 1338 vere,
795 1259 936 1324 nectere
954 1259 1177 1322 Christianam.

285 1416 319 1467 Et
330 1417 541 1470 tsmenChristus
557 1420 611 1484 ipse
628 1424 731 1485 accepto
747 1435 813 1486 pane
829 1422 905 1482 dixit,
918 1420 975 1473 Hoc
986 1425 1025 1471 sst
1035 1436 1125 1486 corpus
1142 1435 1236 1481 meum,
1248 1419 1356 1471 testibus

318 1499 448 1560 Matthseo,
459 1515 479 1550 c.
492 1499 562 1550 xxvi.
580 1500 673 1562 Marco,
685 1517 705 1552 c.
718 1502 769 1552 xiv.
787 1501 972 1563 Luca,c.1xii.
990 1501 1078 1562 Panlo,
1093 1505 1103 1550 l
1119 1503 1174 1553 Cor.
1187 1502 1223 1551 xl.
1234 1529 1267 1539 -
1275 1500 1353 1566 [Bell.

317 1581 392 1645 Apol.
404 1596 450 1646 pro
461 1580 550 1646 desp]
562 1597 586 1647 p.
597 1586 619 1634 b.
633 1583 702 1648 [Op.,
713 1588 774 1635 tom
783 1585 828 1635 vii.
839 1584 885 1635 col.
898 1584 953 1637 707.
966 1584 1008 1648 Q]

89 1732 191 1848 &Verba
295 1717 326 1778 2.
352 1714 416 1779 Sed
439 1716 517 1799 quid
539 1716 633 1780 affert
646 1724 756 1780 tamen
772 1718 976 1782 Cardinalis?
1022 1719 1124 1784 Quasi
1143 1718 1354 1782 mirabundus

89 1798 212 1913 ὣ
252 1819 394 1882 eamme
424 1819 552 1904 (inquis)
576 1821 959 1892 neminemnam.
1009 1822 1056 1885 m
1082 1828 1185 1884 tamen
1212 1822 1354 1884 anessa

88 1928 229 1979 suntuna
253 1930 378 2005 accepto
391 1945 478 2006 pane
493 1925 586 2004 dicit,
605 1926 675 1988 Hoc
697 1931 744 1988 est
766 1946 878 2007 eorpus
897 1945 1004 1988 meum.
1051 1928 1160 2008 Atque
1183 1924 1246 2004 hic,
1262 1926 1354 2009 quasi

88 2006 212 2121 pappa
252 2026 349 2091 verba
369 2028 449 2107 haec,
474 2029 545 2092 Hoc
566 2035 614 2092 est
636 2050 747 2111 corpus
768 2050 877 2108 meum,
901 2030 941 2094 de
962 2051 1046 2094 novo
1067 2031 1136 2114 jam
1157 2030 1205 2094 illi
1226 2038 1355 2115 reperta

87 2121 184 2186 stiffi]
253 2142 359 2196 essent
374 2132 512 2211 alicubi;
530 2132 578 2196 ita
597 2133 731 2196 sollicite
745 2134 856 2197 Testes
871 2139 1009 2216 quatuor
1023 2132 1121 2210 citat3
1145 2132 1352 2211 Matthaeum,

253 2235 414 2313 Marcum,
432 2237 564 2314 Lucam,
586 2236 741 2314 Paulum3
764 2237 862 2300 etiam
879 2236 993 2319 Capita
1015 2235 1154 2314 ascribit,
1178 2257 1220 2299 ne
1235 2235 1354 2300 Lector

256 2340 402 2422 (scilicet)
428 2339 566 2423 ignoret,
582 2339 639 2403 ubi
661 2338 802 2423 reperire
820 2339 890 2423 jam
908 2339 1009 2423 possit
1028 2338 1126 2402 verba
1143 2339 1209 2416 illa,
1225 2339 1296 2403 Hoc
1307 2345 1353 2401 est

253 2464 364 2526 eorpus
380 2465 489 2508 meum.

105 2558 241 2611 ushabsnt
297 2549 460 2614 Quorsum
487 2548 579 2612 haee?
624 2551 689 2627 An,
704 2558 742 2614 ut
762 2550 802 2614 de
820 2549 994 2633 Scripturas
1017 2547 1094 2612 locis
1111 2556 1205 2632 cogat
1229 2548 1352 2631 Regem

136 2625 199 2689 Μ’]
253 2651 425 2715 admittere
453 2652 826 2717 transubstantiationem
852 2651 970 2716 suam?
995 2651 1117 2716 frustra
1140 2651 1212 2716 erit.
1267 2651 1352 2716 Con·

252 2752 378 2819 vineam
408 2761 517 2819 autem
538 2776 577 2819 ex
597 2755 767 2820 cardinale
796 2756 874 2839 ipso.
921 2756 1009 2818 Nam
1035 2755 1174 2819 eundem
1199 2755 1353 2818 Scotum·

252 2856 369 2921 dixisse
378 2865 489 2923 narrat
503 2858 597 2923 nobis
607 2858 812 2937 Cardinalisl,
826 2858 899 2920 Non
911 2864 1020 2921 estare
1029 2860 1128 2922 locum
1136 2859 1233 2921 ullum
1246 2859 1354 2939 Scrip-

253 2966 342 3039 turae,
356 2967 420 3024 tam
437 2983 626 3044 cupressum,
641 2969 676 3025 ut
690 2964 756 3026 sine
771 2962 923 3027 Ecclesia
941 2962 1151 3025 declaratione
1164 2963 1255 3046 (puta
1269 2962 1354 3047 apud

253 3063 451 3128 Lateranum
466 3073 669 3149 congregatis
684 3088 758 3130 cum
781 3067 868 3150 Papa
889 3065 1083 3129 Innocentio
1099 3065 1178 3147 III.)
1197 3066 1355 3129 evidenter

254 3174 345 3250 cogat
368 3169 739 3233 transubstantiationem
766 3170 939 3233 admittere.
985 3168 1073 3232 Audi
1093 3190 1168 3232 vero
1182 3177 1216 3232 et
1231 3170 1353 3233 Censu-

253 3292 324 3334 ram
340 3271 520 3335 Cardinalis
538 3273 650 3356 ipsius,
666 3272 707 3336 de
724 3270 812 3336 Secti
830 3272 892 3335 hoe
908 3271 1003 3335 dicto.
1048 3270 1152 3354 Atque
1168 3273 1206 3334 id
1223 3272 1349 3356 (inquit)

254 3397 315 3439 aon
328 3383 375 3440 est
390 3378 511 3440 omnino
525 3377 735 3460 improbabile.
780 3378 825 3440 Et
844 3377 1003 3440 rationem
1017 3375 1117 3455 addit,
1133 3377 1218 3439 Nam
1233 3378 1355 3441 etiamsi

255 3479 420 3561 Scriptura
433 3501 524 3563 pesam
533 3501 628 3562 supra
640 3481 836 3559 adducimus,
851 3480 978 3563 (nempe
987 3480 1057 3542 Hoc
1066 3486 1112 3543 est
1123 3501 1233 3562 corpus
1241 3482 1351 3563 mecam)

253 3584 397 3646 videatur
411 3585 498 3648 nobis
514 3591 578 3647 tam
593 3587 691 3664 clara,
711 3593 746 3649 ut
755 3587 858 3668 possit
873 3605 980 3667 capere
995 3585 1145 3648 bominem
1159 3606 1221 3648 non
1229 3592 1353 3667 proter-

253 3707 343 3750 vum:
369 3695 480 3768 tamen,
502 3710 544 3752 an
564 3691 611 3753 ita
634 3691 685 3768 sit,
707 3692 816 3753 merito
839 3689 976 3751 dumtari
992 3694 1107 3770 potest,
1132 3709 1197 3751 eum
1219 3691 1355 3752 bomiaes

254 3790 424 3853 doctissimi
434 3798 464 3854 ct
480 3794 651 3855 acutissimi
668 3794 782 3875 (quatis
795 3793 938 3874 inprimis
950 3793 1061 3856 Scotus
1067 3789 1147 3872 suiv
1165 3793 1355 3856 contrarium

253 3897 399 3958 sentiant.
444 3897 556 3979 Atqui,
578 3918 637 3959 nos
658 3896 739 3960 nihil
754 3895 852 3959 ctiam
873 3896 1078 3960 aCsrdinale
1092 3896 1241 3979 petimus,
1258 3918 1354 3978 quarn

254 4007 291 4062 ut
306 3999 403 4064 liceat
422 4001 524 4079 nobis,
541 4024 614 4065 cum
637 4003 743 4080 Scato,
765 4007 798 4065 et
819 4002 1005 4065 doctissimis
1028 4003 1102 4080 iltis,
1118 4008 1148 4065 et
1168 4003 1355 4065 acutissimis

254 4106 425 4170 bonsinibus
450 4109 502 4189 qui
529 4109 719 4170 contrarium
743 4108 889 4184 sentiunt,
917 4106 956 4169 de
979 4106 1040 4170 loci
1062 4107 1159 4189 hujus
1181 4106 1355 4185 verbisne

287 4295 296 4317 ¹
315 4286 422 4350 [¹‘Nunc
430 4291 514 4336 autem
522 4302 572 4336 non
578 4286 659 4337 rideri
665 4301 780 4351 expresse
824 4287 890 4338 Scot.
903 4288 930 4336 in
943 4287 999 4336 Lib.
1008 4288 1040 4337 iv.
1051 4287 1120 4337 Sent.
1130 4288 1194 4337 Dist.
1207 4285 1242 4336 xi.
1258 4256 1352 4346 (lussit.

254 4351 341 4401 haberi
352 4367 404 4401 non
418 4366 470 4402 csso
482 4352 519 4401 ibi
529 4351 696 4401 substantiam
708 4352 780 4416 panis
825 4353 861 4400 iii.
874 4354 929 4414 Op,
941 4356 1001 4401 tom.
1011 4353 1064 4402 vili.
1076 4368 1100 4416 p.
1111 4354 1180 4416 tot]

255 4454 260 4464 .
273 4453 279 4465 .
292 4431 354 4466 .nec
363 4417 525 4466 inveniturin
534 4416 644 4466 Ecclesia
651 4418 693 4465 ubi
706 4417 780 4466 istam
857 4421 864 4445 ¹
884 4415 971 4480 [Bell]
987 4416 1023 4467 De
1035 4417 1126 4466 llueha
1140 4417 1206 4481 [lis]
1219 4421 1255 4469 iii.
1270 4419 1352 4482 [cap]

1337 4483 1343 4495 0

254 4482 386 4530 veritatem
409 4481 560 4531 determinet
581 4482 781 4531 solemniter.''--
827 4481 1041 4609 tssigo‘gcpnndo
1053 4482 1132 4531 dicit’
1153 4480 1352 4547 [Op.,tom.ii1.

826 4561 851 4610 p.
912 4583 916 4594 .
953 4584 957 4594 .
