2910 4926
24 2598 28 2604 ·
125 2517 256 2659 hanff]
289 2576 481 2661 quibusdam
502 2598 541 2639 ex
562 2577 719 2638 Societate
738 2576 794 2639 illa
811 2578 937 2658 (contra
956 2584 1068 2642 tamen
1089 2588 1232 2643 mentem
1254 2580 1387 2663 Loiolae)

287 2682 524 2744 incardinetur.
571 2680 635 2743 Pro
650 2680 771 2744 viribus
785 2681 833 2743 illi
848 2682 990 2765 quidem,
1007 2683 1105 2746 etiam
1120 2683 1207 2746 ultra
1223 2683 1316 2762 vireo,
1332 2706 1392 2768 pro

288 2786 478 2849 Monaretia
493 2784 672 2865 Pontificio.
717 2787 764 2848 At
780 2807 846 2848 non
866 2807 977 2849 omnes
1000 2787 1063 2865 alii,
1081 2786 1197 2871 quibus
1220 2787 1391 2852 decollavit

279 264 345 328 290
594 276 637 322 sn
660 274 852 323 cuanmams
872 274 1072 323 amoenatur

314 436 450 500 Episcopoa
469 446 521 483 assa
538 432 577 497 [in
595 432 717 496 Ecclesia]
734 432 834 492 debera,
856 430 933 494 idque
948 431 1109 483 ordinatione
1127 432 1215 485 divina
1234 433 1292 500 [nos
1307 436 1388 487 etiarn

347 517 441 567 aelurus
453 513 626 578 etdocemus]:
639 514 683 564 sed
694 514 745 564 alia
755 515 862 578 quaestio
873 519 912 564 est
922 519 1009 564 utrum
1021 551 1027 564 .
1040 552 1047 565 .
1059 551 1066 564 .
1079 515 1227 567 immediate
1230 517 1388 582 jurisdictio

349 615 408 650 nem
424 615 440 650 a
454 598 508 649 Deo
524 598 657 662 accipiant,
669 612 703 648 an
713 612 728 647 a
740 596 809 647 Patri
826 610 972 646 successore.
1009 595 1078 645 Num
1090 596 1269 661 Presbyteri..
1282 599 1389 650 ‚divina

349 680 510 731 ordinatione
526 678 621 730 debent
637 694 689 729 asse
706 680 734 728 in
751 677 870 738 Ecclesia,
887 682 914 726 et
927 685 1015 727 tamen
1027 677 1234 741 jurisdictionem
1244 694 1324 731 nona
1334 680 1388 732 Deo

350 764 506 823 immediato,
519 761 573 828 [sed
584 762 616 812 ab
628 758 769 825 Episcopis]
782 760 918 824 accipiunt.
952 759 1054 823 [Itaque
1071 759 1122 810 duo
1138 760 1188 812 ista
1203 777 1256 813 non
1272 767 1389 827 pugnant

350 846 418 896 lutor
429 844 562 895 so—Bell.
571 842 644 907 Apol.
657 856 703 906 pro
714 839 799 905 Rcap]
810 856 833 906 p.
845 843 899 891 120.
912 839 979 906 [Op.,
990 845 1051 890 torn.
1059 842 1102 892 vii.
1114 843 1162 893 col.
1174 844 1229 895 tta
1241 843 1289 909 A.]

122 948 256 1064 31111109Ρὶ
331 947 427 1015 Quod
441 946 592 1027 Episcopi
606 944 783 1006 immediate
798 964 817 1005 a
833 943 899 1005 Deo
913 943 988 1020 tint,
1004 964 1071 1006 non
1091 951 1191 1027 negat
1205 945 1260 1010 hic
1275 946 1387 1011 Cardi-

122 1012 246 1129 adffiffi
284 1053 385 1117 nalis:
409 1049 495 1134 quod
507 1071 526 1111 α
538 1049 604 1110 Deo
619 1047 795 1110 immediate
801 1046 1056 1127 jurisdictionem
1070 1048 1215 1127 babeant,
1227 1049 1260 1112 id
1269 1058 1387 1134 negat3

285 1164 318 1221 et
334 1176 444 1220 annon
453 1158 598 1235 papnant
613 1152 678 1213 tuae
692 1151 774 1213 inter
786 1152 847 1212 ee?
885 1149 959 1215 Qua
974 1149 1070 1228 enim,
1087 1157 1120 1214 et
1134 1152 1222 1216 unde
1237 1153 1388 1237 Episcopi

286 1264 372 1336 suut,
379 1255 635 1340 jurisdictionem
656 1252 797 1316 habent:
820 1272 891 1329 nec,
906 1251 958 1314 vel
971 1272 1007 1314 re
1023 1251 1087 1316 duo
1102 1253 1180 1331 haee,
1197 1254 1248 1317 vel
1264 1254 1389 1319 ratione

286 1359 483 1424 dividuntur.
528 1357 584 1420 An
607 1355 693 1419 enim
710 1355 850 1438 Spiritus
873 1355 1010 1417 Sanetus
1024 1354 1198 1437 Episcopoa
1213 1358 1317 1439 ponit,
1333 1357 1389 1421 dat

286 1470 324 1525 ut
339 1458 489 1544 Episcopi
509 1457 585 1536 siut,
602 1457 659 1521 sed
679 1456 749 1520 siue
761 1457 995 1538 jurisdictione,
1012 1457 1115 1520 donee
1130 1459 1329 1541 gratificetur
1343 1460 1389 1523 eis

274 1565 343 1645 ,illa
363 1565 530 1628 Romanus
546 1562 745 1646 Episcopus?
789 1563 852 1624 Par
874 1569 924 1624 est
946 1569 1055 1624 autem
1078 1576 1111 1626 ct
1134 1563 1174 1627 de
1193 1563 1390 1649 presbyteris

287 1669 387 1734 ratio:
412 1668 453 1732 ad
477 1689 633 1731 manuum
656 1666 907 1749 impositionem,
931 1666 1083 1750 quicquid
1105 1668 1157 1731 vel
1182 1667 1316 1748 habent,
1339 1669 1389 1732 vel

288 1776 375 1848 suut,
398 1792 417 1832 a
441 1770 511 1833 Deo
537 1768 649 1832 itidem
673 1774 923 1851 consequuntur.
969 1768 1075 1831 Locus
1100 1770 1285 1852 assignatur
1306 1771 1391 1835 forte

288 1882 395 1938 certus
416 1873 542 1957 aliquis,
557 1871 624 1950 ubi,
640 1879 673 1934 et
690 1870 836 1953 populus,
852 1871 888 1934 iu
903 1892 999 1954 quem
1015 1880 1193 1937 exerceant.
1240 1874 1388 1939 Potestas

287 1977 357 2061 ipsa
371 2000 391 2041 a
406 1979 476 2042 Deo
492 1984 552 2042 est.

320 2113 410 2173 Quod.
428 2149 435 2163 .
453 2150 459 2163 .
478 2112 532 2162 Rea
545 2112 679 2162 Puritanos
694 2127 753 2161 cum
763 2111 871 2162 Jesuitis
880 2118 1017 2177 comparet,
1029 2114 1133 2164 omnino
1144 2114 1263 2165 mirabile
1273 2120 1320 2176 est,
1331 2129 1389 2166 curn

353 2194 469 2245 Puritani
481 2192 634 2253 malliam,
645 2192 662 2243 J
663 2193 752 2243 sanita
764 2192 938 2244 Monarchiam
950 2193 1174 2261 [Ecclesiasticam]
1187 2233 1193 2245 .
1206 2234 1213 2246 .
1225 2233 1232 2246 .
1244 2196 1389 2248 defendant.

352 2275 459 2342 —[Bell.
472 2275 546 2340 Apol.
557 2289 604 2340 pro
615 2273 701 2338 Resp]
717 2288 742 2338 p.
752 2275 808 2323 120.
820 2273 886 2339 [Op.,
898 2278 960 2326 tom.
972 2276 1015 2325 rii.
1027 2276 1073 2326 col.
1086 2276 1142 2328 772.
1153 2276 1194 2342 Β.]

141 2388 246 2439 sanita
331 2375 422 2444 Dixit
451 2395 535 2451 vero,
566 2374 706 2436 Jeaaitae
739 2373 822 2437 nihil
859 2374 947 2438 aliud
978 2397 1057 2455 esse,
1089 2397 1186 2459 quam
1216 2376 1390 2440 Pavitant-

164 2454 255 2504 riano
288 2476 473 2556 Papistaa¹:
498 2471 578 2536 dixit
600 2472 783 2555 aptissime;
811 2474 897 2557 quod
922 2482 1034 2539 tamen
1059 2476 1199 2560 intelligi
1220 2476 1328 2542 noluit
1350 2478 1391 2543 de

287 2911 359 2973 spes
373 2909 543 2970 purpura:
568 2908 648 2971 quos
664 2910 730 2951 non
748 2909 844 2952 nemo
867 2898 1049 2953 mussantes
1066 2890 1198 2970 audivit,
1214 2892 1341 2970 melius,
1357 2900 1391 2955 et

287 2992 390 3076 magis
413 2992 453 3055 ad
467 2990 697 3074 Apostolorum
720 2999 753 3055 et
775 2999 927 3070 mentem,
945 2999 978 3054 et
1000 2994 1193 3076 exemplum,
1208 3014 1268 3077 per
1283 2994 1391 3058 Socie-

286 3102 388 3160 tatem
415 3094 631 3158 administrari
661 3115 751 3177 posse
781 3094 970 3174 Ecclesiam,
997 3097 1125 3176 (saltem
1151 3117 1208 3179 per
1230 3096 1392 3160 duodecim

286 3198 381 3280 viros)
396 3220 492 3282 quam
507 3218 565 3281 per
575 3218 669 3259 unam
684 3196 869 3280 quemlibet.
918 3197 990 3276 Sed,
1004 3200 1077 3279 qaia
1094 3199 1204 3262 deeant
1219 3201 1265 3262 etc
1280 3202 1390 3278 airee¹,

287 3311 434 3367 mussant
449 3303 518 3366 haec
534 3301 647 3366 modo:
672 3323 745 3365 cum
757 3302 840 3364 vires
854 3302 998 3380 aderunt,
1015 3304 1156 3386 apertius
1171 3325 1239 3367 rem
1255 3306 1390 3388 gesturi.

320 3440 410 3504 Neque
434 3440 520 3489 minus
541 3438 691 3489 admirabile
710 3444 756 3498 est,
773 3437 840 3501 quod
857 3437 912 3488 Rex
936 3439 984 3488 hoc
1006 3440 1060 3490 loco
1083 3441 1199 3499 fateatur,
1222 3456 1238 3492 a
1261 3441 1392 3493 Puritanis

354 3521 507 3570 Anarehiam
519 3523 545 3570 et
556 3519 711 3583 parilitatem
721 3519 779 3583 [leg.
787 3519 932 3583 paritatem]
939 3521 1065 3583 quandam
1077 3522 1213 3583 introduci,
1220 3527 1246 3572 et
1254 3526 1341 3573 tamen
1350 3560 1357 3573 .
1367 3562 1390 3575 ..

353 3603 429 3665 (post)
442 3602 576 3651 Puritanos
592 3615 643 3649 nou
656 3600 789 3650 abhorrere
802 3615 818 3650 a
832 3600 981 3651 Juramento
992 3602 1140 3652 fidelitatis·
1152 3604 1213 3668 [leg.
1226 3605 1392 3669 primatus-

352 3684 416 3733 Bell.
429 3684 503 3747 Apol.
515 3698 561 3746 pro
574 3681 658 3746 Resp]
670 3697 695 3745 p.
705 3684 758 3731 120.
771 3681 838 3746 [Op.,
851 3684 964 3732 tamaii.
976 3684 1088 3736 001772,
1103 3685 1143 3749 Β.]

126 3802 262 3866 [eraenam
331 3785 381 3848 De
400 3786 567 3865 parilitate
590 3792 708 3862 autem,
739 3785 847 3867 (quam
873 3786 964 3850 valde
988 3788 1108 3852 vellent
1133 3789 1295 3870 Puritani)
1325 3788 1390 3851 dis·

123 3866 247 3982 muri-⁸
287 3885 416 3969 tinguat
428 3886 616 3964 Cardinalis,
627 3886 717 3964 velle,
728 3888 811 3949 inter
821 3888 981 3952 ministros
993 3890 1098 3968 modo,
1112 3912 1169 3954 seu
1177 3891 1390 3972 presbyteros,

123 3947 258 4061 nasim
290 3990 427 4073 (nempe,
443 3997 481 4053 ut
495 3991 646 4071 Episcopi
661 4011 701 4053 ne
717 3989 791 4068 sint,
809 3991 925 4074 quibas
942 3994 1078 4074 impares
1097 4016 1131 4057 se
1150 3995 1245 4057 inviti
1264 3995 1387 4079 feriunt)

287 4093 328 4156 ad
342 4094 474 4175 Repiam
492 4102 600 4158 autem
614 4102 803 4178 potestatem
825 4118 866 4159 ne
885 4098 1038 4161 extendat
1047 4125 1057 4176 ς
1081 4108 1125 4177 ct,
1143 4101 1253 4163 statim
1276 4102 1392 4164 mirari

287 4195 422 4260 desinet.
468 4198 655 4281 Distinguat
679 4198 801 4275 itidem,
817 4199 904 4263 inter
927 4221 978 4263 rea
995 4202 1087 4283 fidei,
1108 4201 1143 4265 in
1168 4203 1284 4286 quibus
1306 4204 1392 4268 neii

319 4374 331 4398 Ι

364 4367 463 4418 Praelat.
476 4368 566 4418 Monit
580 4384 603 4430 p.
614 4368 664 4432 aa]
862 4369 918 4433 Op,
929 4374 989 4419 tom.
1000 4371 1015 4419 i.
1029 4385 1052 4434 p.
1062 4373 1117 4420 235.
1127 4370 1156 4421 G.

320 4440 331 4471 7
348 4367 425 4491 illido
436 4448 519 4496 supra,
531 4448 555 4496 p.
573 4436 595 4481 6.
608 4438 661 4482 not.
673 4431 703 4496 a]
895 4443 906 4465 ⁸
923 4434 1000 4499 [Vide
1016 4434 1130 4486 Mendac.
1144 4372 1214 4486 liora
1232 4437 1341 4500 caniat,
1358 4441 1391 4490 sd

319 4504 328 4525 ¹
346 4495 419 4561 [neu
432 4496 464 4547 de
476 4497 546 4547 Rom.
558 4497 630 4547 Pont.
643 4497 686 4546 lib.
697 4513 721 4547 v.
733 4512 785 4562 cap.
794 4499 817 4550 7.
861 4500 920 4549 eale.
934 4499 1004 4548 Praei.
1018 4499 1109 4550 licuit.
1126 4516 1150 4566 p.
1163 4502 1232 4564 180.]
