<?xml version="1.0" encoding="UTF-8"?>
<!DOCTYPE html PUBLIC "-//W3C//DTD XHTML 1.0 Transitional//EN"
    "http://www.w3.org/TR/xhtml1/DTD/xhtml1-transitional.dtd">
<html xmlns="http://www.w3.org/1999/xhtml" xml:lang="en" lang="en">
 <head>
  <title>
</title>
<meta http-equiv="Content-Type" content="text/html;charset=utf-8" />
  <meta name='ocr-system' content='tesseract 3.04.00' />
  <meta name='ocr-capabilities' content='ocr_page ocr_carea ocr_par ocr_line ocrx_word'/>
</head>
<body>
  <div class='ocr_page' id='page_1' title='image "./responsioadapol00andrgoog_0524.png"; bbox 0 0 2910 4926; ppageno 0'>
   <div class='ocr_carea' id='block_1_1' title="bbox 466 279 1203 339">
    <p class='ocr_par' dir='ltr' id='par_1_1' title="bbox 466 279 1203 339">
     <span class='ocr_line' id='line_1_1' title="bbox 466 279 1203 339; baseline 0.001 -1"><span class='ocrx_word' id='word_1_1' title='bbox 466 291 646 339; x_wconf 75' lang='lat' dir='ltr'><strong><em>reomensi</em></strong></span> <span class='ocrx_word' id='word_1_2' title='bbox 667 292 847 339; x_wconf 80' lang='lat' dir='ltr'><strong><em>smrossro.</em></strong></span> <span class='ocrx_word' id='word_1_3' title='bbox 1141 279 1203 339; x_wconf 71' lang='lat'><strong><em>481</em></strong></span> 
     </span>
    </p>
   </div>
   <div class='ocr_carea' id='block_1_2' title="bbox 91 444 1206 1761">
    <p class='ocr_par' dir='ltr' id='par_1_2' title="bbox 91 444 1206 1761">
     <span class='ocr_line' id='line_1_2' title="bbox 109 444 1204 527; baseline 0.001 -22"><span class='ocrx_word' id='word_1_4' title='bbox 109 446 324 525; x_wconf 77' lang='lat' dir='ltr'><strong><em>spiritualibus</em></strong></span> <span class='ocrx_word' id='word_1_5' title='bbox 342 446 510 526; x_wconf 85' lang='lat' dir='ltr'><strong><em>pertinere.</em></strong></span> <span class='ocrx_word' id='word_1_6' title='bbox 556 446 665 527; x_wconf 88' lang='lat' dir='ltr'><strong>Atque</strong></span> <span class='ocrx_word' id='word_1_7' title='bbox 688 444 722 506; x_wconf 91' lang='lat' dir='ltr'><strong><em>id</em></strong></span> <span class='ocrx_word' id='word_1_8' title='bbox 747 445 872 506; x_wconf 77' lang='lat' dir='ltr'><strong><em>dubium</em></strong></span> <span class='ocrx_word' id='word_1_9' title='bbox 894 467 954 506; x_wconf 84' lang='lat' dir='ltr'><strong><em>ooo</em></strong></span> <span class='ocrx_word' id='word_1_10' title='bbox 978 464 1051 507; x_wconf 87' lang='lat' dir='ltr'><strong><em>esse.</em></strong></span> <span class='ocrx_word' id='word_1_11' title='bbox 1098 444 1204 510; x_wconf 82' lang='lat' dir='ltr'><strong><em>Quam</em></strong></span> 
     </span>
     <span class='ocr_line' id='line_1_3' title="bbox 103 545 1205 630; baseline -0.001 -21"><span class='ocrx_word' id='word_1_12' title='bbox 103 554 300 626; x_wconf 83' lang='lat' dir='ltr'><strong><em>potestatem,</em></strong></span> <span class='ocrx_word' id='word_1_13' title='bbox 315 547 379 610; x_wconf 88' lang='lat' dir='ltr'><strong><em>hue</em></strong></span> <span class='ocrx_word' id='word_1_14' title='bbox 400 567 502 630; x_wconf 89' lang='lat' dir='ltr'><strong><em>usque</em></strong></span> <span class='ocrx_word' id='word_1_15' title='bbox 517 546 642 609; x_wconf 72' lang='lat' dir='ltr'><strong><em>dubim</em></strong></span> <span class='ocrx_word' id='word_1_16' title='bbox 664 567 724 609; x_wconf 85' lang='lat' dir='ltr'><strong><em>non</em></strong></span> <span class='ocrx_word' id='word_1_17' title='bbox 737 545 816 627; x_wconf 84' lang='lat' dir='ltr'><strong><em>fnit,</em></strong></span> <span class='ocrx_word' id='word_1_18' title='bbox 832 547 873 610; x_wconf 86' lang='lat' dir='ltr'><strong><em>ed</em></strong></span> <span class='ocrx_word' id='word_1_19' title='bbox 887 549 1062 627; x_wconf 75' lang='lat' dir='ltr'><strong><em>primatum</em></strong></span> <span class='ocrx_word' id='word_1_20' title='bbox 1081 549 1116 609; x_wconf 80' lang='lat' dir='ltr'><strong><em>ic</em></strong></span> <span class='ocrx_word' id='word_1_21' title='bbox 1130 553 1205 609; x_wconf 82' lang='lat' dir='ltr'><strong><em>teor-</em></strong></span> 
     </span>
     <span class='ocr_line' id='line_1_4' title="bbox 103 649 1204 733; baseline 0 -21"><span class='ocrx_word' id='word_1_22' title='bbox 103 651 267 728; x_wconf 84' lang='lat' dir='ltr'><strong><em>porolibus</em></strong></span> <span class='ocrx_word' id='word_1_23' title='bbox 285 651 455 733; x_wconf 88' lang='lat' dir='ltr'><strong><em>pertinere,</em></strong></span> <span class='ocrx_word' id='word_1_24' title='bbox 478 650 629 712; x_wconf 78' lang='lat' dir='ltr'><strong><em>indirecte</em></strong></span> <span class='ocrx_word' id='word_1_25' title='bbox 649 649 779 732; x_wconf 88' lang='lat' dir='ltr'><strong><em>quidem</em></strong></span> <span class='ocrx_word' id='word_1_26' title='bbox 802 649 969 727; x_wconf 83' lang='lat' dir='ltr'><strong><em>hactenus,</em></strong></span> <span class='ocrx_word' id='word_1_27' title='bbox 988 651 1056 733; x_wconf 85' lang='lat' dir='ltr'><strong><em>jam</em></strong></span> <span class='ocrx_word' id='word_1_28' title='bbox 1077 650 1204 730; x_wconf 82' lang='lat' dir='ltr'><strong><em>directe,</em></strong></span> 
     </span>
     <span class='ocr_line' id='line_1_5' title="bbox 110 751 1203 836; baseline 0.002 -22"><span class='ocrx_word' id='word_1_29' title='bbox 110 753 185 834; x_wconf 84' lang='lat' dir='ltr'><strong><em>quia</em></strong></span> <span class='ocrx_word' id='word_1_30' title='bbox 211 751 251 815; x_wconf 85' lang='lat' dir='ltr'><strong><em>ad</em></strong></span> <span class='ocrx_word' id='word_1_31' title='bbox 268 755 442 833; x_wconf 75' lang='lat' dir='ltr'><strong><em>primatum</em></strong></span> <span class='ocrx_word' id='word_1_32' title='bbox 465 754 499 814; x_wconf 81' lang='lat' dir='ltr'><strong><em>in</em></strong></span> <span class='ocrx_word' id='word_1_33' title='bbox 523 752 748 832; x_wconf 77' lang='lat' dir='ltr'><strong><em>spiritualibus.</em></strong></span> <span class='ocrx_word' id='word_1_34' title='bbox 795 753 869 814; x_wconf 82' lang='lat' dir='ltr'><strong><em>Jsm</em></strong></span> <span class='ocrx_word' id='word_1_35' title='bbox 900 773 1027 834; x_wconf 88' lang='lat' dir='ltr'><strong><em>quoque</em></strong></span> <span class='ocrx_word' id='word_1_36' title='bbox 1052 752 1203 836; x_wconf 87' lang='lat' dir='ltr'><strong><em>primum,</em></strong></span> 
     </span>
     <span class='ocr_line' id='line_1_6' title="bbox 110 852 1205 938; baseline 0.003 -24"><span class='ocrx_word' id='word_1_37' title='bbox 110 856 182 917; x_wconf 84' lang='lat' dir='ltr'><strong><em>Non</em></strong></span> <span class='ocrx_word' id='word_1_38' title='bbox 196 856 307 937; x_wconf 82' lang='lat' dir='ltr'><strong><em>deponi</em></strong></span> <span class='ocrx_word' id='word_1_39' title='bbox 321 856 486 934; x_wconf 74' lang='lat' dir='ltr'><strong><em>Principes</em></strong></span> <span class='ocrx_word' id='word_1_40' title='bbox 507 855 569 916; x_wconf 83' lang='lat' dir='ltr'><strong><em>nisi</em></strong></span> <span class='ocrx_word' id='word_1_41' title='bbox 583 852 764 934; x_wconf 78' lang='lat' dir='ltr'><strong><em>Apostolico</em></strong></span> <span class='ocrx_word' id='word_1_42' title='bbox 777 859 955 935; x_wconf 74' lang='lat' dir='ltr'><strong><em>potestate:</em></strong></span> <span class='ocrx_word' id='word_1_43' title='bbox 980 876 1076 938; x_wconf 86' lang='lat' dir='ltr'><strong><em>quem</em></strong></span> <span class='ocrx_word' id='word_1_44' title='bbox 1094 863 1205 918; x_wconf 80' lang='lat' dir='ltr'><strong><em>tamen</em></strong></span> 
     </span>
     <span class='ocr_line' id='line_1_7' title="bbox 109 956 1204 1040; baseline 0.003 -23"><span class='ocrx_word' id='word_1_45' title='bbox 109 958 274 1038; x_wconf 83' lang='lat' dir='ltr'><strong><em>Apostolos</em></strong></span> <span class='ocrx_word' id='word_1_46' title='bbox 288 962 413 1021; x_wconf 86' lang='lat' dir='ltr'><strong><em>constat</em></strong></span> <span class='ocrx_word' id='word_1_47' title='bbox 428 978 495 1021; x_wconf 91' lang='lat' dir='ltr'><strong><em>non</em></strong></span> <span class='ocrx_word' id='word_1_48' title='bbox 510 956 695 1034; x_wconf 82' lang='lat' dir='ltr'><strong><em>exercuisse,</em></strong></span> <span class='ocrx_word' id='word_1_49' title='bbox 706 963 739 1019; x_wconf 88' lang='lat' dir='ltr'><strong><em>et</em></strong></span> <span class='ocrx_word' id='word_1_50' title='bbox 754 956 878 1040; x_wconf 83' lang='lat' dir='ltr'>siquam</span> <span class='ocrx_word' id='word_1_51' title='bbox 888 957 1082 1031; x_wconf 86' lang='lat' dir='ltr'><strong><em>habuerunt,</em></strong></span> <span class='ocrx_word' id='word_1_52' title='bbox 1092 964 1204 1037; x_wconf 84' lang='lat' dir='ltr'><strong><em>poten·</em></strong></span> 
     </span>
     <span class='ocr_line' id='line_1_8' title="bbox 109 1059 1206 1143; baseline 0.003 -22"><span class='ocrx_word' id='word_1_53' title='bbox 109 1061 155 1122; x_wconf 86' lang='lat' dir='ltr'><strong><em>tia</em></strong></span> <span class='ocrx_word' id='word_1_54' title='bbox 166 1068 295 1123; x_wconf 84' lang='lat' dir='ltr'><strong><em>tantum</em></strong></span> <span class='ocrx_word' id='word_1_55' title='bbox 309 1059 469 1135; x_wconf 84' lang='lat' dir='ltr'><strong><em>habuisse,</em></strong></span> <span class='ocrx_word' id='word_1_56' title='bbox 479 1079 539 1122; x_wconf 88' lang='lat' dir='ltr'><strong><em>nec</em></strong></span> <span class='ocrx_word' id='word_1_57' title='bbox 548 1060 693 1121; x_wconf 79' lang='lat' dir='ltr'><strong><em>inactum</em></strong></span> <span class='ocrx_word' id='word_1_58' title='bbox 707 1080 851 1142; x_wconf 85' lang='lat' dir='ltr'><strong><em>unquam</em></strong></span> <span class='ocrx_word' id='word_1_59' title='bbox 864 1059 1048 1142; x_wconf 83' lang='lat' dir='ltr'><strong><em>perduxisse</em></strong></span> <span class='ocrx_word' id='word_1_60' title='bbox 1056 1086 1066 1137; x_wconf 90' lang='lat'>;</span> <span class='ocrx_word' id='word_1_61' title='bbox 1089 1060 1206 1143; x_wconf 90' lang='lat' dir='ltr'><strong><em>quibus</em></strong></span> 
     </span>
     <span class='ocr_line' id='line_1_9' title="bbox 108 1160 1205 1246; baseline 0.003 -22"><span class='ocrx_word' id='word_1_62' title='bbox 108 1168 218 1224; x_wconf 84' lang='lat' dir='ltr'><strong><em>tamen</em></strong></span> <span class='ocrx_word' id='word_1_63' title='bbox 238 1162 353 1245; x_wconf 87' lang='lat' dir='ltr'><strong><em>(eredo)</em></strong></span> <span class='ocrx_word' id='word_1_64' title='bbox 371 1163 453 1226; x_wconf 86' lang='lat' dir='ltr'><strong><em>vires</em></strong></span> <span class='ocrx_word' id='word_1_65' title='bbox 467 1183 533 1225; x_wconf 92' lang='lat' dir='ltr'><strong><em>non</em></strong></span> <span class='ocrx_word' id='word_1_66' title='bbox 552 1161 637 1224; x_wconf 88' lang='lat' dir='ltr'><strong><em>dicet</em></strong></span> <span class='ocrx_word' id='word_1_67' title='bbox 659 1160 807 1224; x_wconf 82' lang='lat' dir='ltr'><strong><em>defuisse.</em></strong></span> <span class='ocrx_word' id='word_1_68' title='bbox 852 1160 906 1224; x_wconf 91' lang='lat' dir='ltr'><strong><em>Ad</em></strong></span> <span class='ocrx_word' id='word_1_69' title='bbox 920 1161 1087 1243; x_wconf 82' lang='lat' dir='ltr'><strong><em>Apostolos</em></strong></span> <span class='ocrx_word' id='word_1_70' title='bbox 1106 1163 1205 1246; x_wconf 85' lang='lat' dir='ltr'><strong><em>igitur</em></strong></span> 
     </span>
     <span class='ocr_line' id='line_1_10' title="bbox 108 1263 1205 1345; baseline 0.002 -18"><span class='ocrx_word' id='word_1_71' title='bbox 108 1264 142 1327; x_wconf 92' lang='lat' dir='ltr'><strong><em>in</em></strong></span> <span class='ocrx_word' id='word_1_72' title='bbox 167 1270 239 1327; x_wconf 81' lang='lat' dir='ltr'><strong><em>actu</em></strong></span> <span class='ocrx_word' id='word_1_73' title='bbox 258 1265 373 1345; x_wconf 87' lang='lat' dir='ltr'><strong><em>primo,</em></strong></span> <span class='ocrx_word' id='word_1_74' title='bbox 390 1264 431 1326; x_wconf 85' lang='lat' dir='ltr'><strong><em>ed</em></strong></span> <span class='ocrx_word' id='word_1_75' title='bbox 455 1264 564 1345; x_wconf 84' lang='lat' dir='ltr'><strong><em>Papus</em></strong></span> <span class='ocrx_word' id='word_1_76' title='bbox 585 1263 621 1326; x_wconf 90' lang='lat' dir='ltr'><strong><em>in</em></strong></span> <span class='ocrx_word' id='word_1_77' title='bbox 643 1269 715 1326; x_wconf 86' lang='lat' dir='ltr'><strong><em>ectu</em></strong></span> <span class='ocrx_word' id='word_1_78' title='bbox 738 1263 899 1327; x_wconf 51' lang='lat' dir='ltr'><strong><em>secundo&amp;</em></strong></span> <span class='ocrx_word' id='word_1_79' title='bbox 946 1264 1072 1330; x_wconf 83' lang='lat' dir='ltr'><strong><em>Quibus</em></strong></span> <span class='ocrx_word' id='word_1_80' title='bbox 1095 1273 1205 1329; x_wconf 86' lang='lat' dir='ltr'><strong><em>temen</em></strong></span> 
     </span>
     <span class='ocr_line' id='line_1_11' title="bbox 107 1367 1203 1448; baseline 0.002 -19"><span class='ocrx_word' id='word_1_81' title='bbox 107 1368 211 1431; x_wconf 88' lang='lat' dir='ltr'><strong><em>verbis</em></strong></span> <span class='ocrx_word' id='word_1_82' title='bbox 226 1367 510 1429; x_wconf 69' lang='lat' dir='ltr'><strong><em>excommunicandi</em></strong></span> <span class='ocrx_word' id='word_1_83' title='bbox 524 1373 666 1448; x_wconf 85' lang='lat' dir='ltr'><strong><em>potestas</em></strong></span> <span class='ocrx_word' id='word_1_84' title='bbox 681 1367 841 1447; x_wconf 80' lang='lat' dir='ltr'><strong><em>Apostolis</em></strong></span> <span class='ocrx_word' id='word_1_85' title='bbox 862 1386 1020 1445; x_wconf 85' lang='lat' dir='ltr'><strong><em>concessa,</em></strong></span> <span class='ocrx_word' id='word_1_86' title='bbox 1037 1374 1203 1432; x_wconf 89' lang='lat' dir='ltr'><strong><em>tenemus:</em></strong></span> 
     </span>
     <span class='ocr_line' id='line_1_12' title="bbox 110 1468 1201 1551; baseline -0.001 -16"><span class='ocrx_word' id='word_1_87' title='bbox 110 1469 235 1535; x_wconf 83' lang='lat' dir='ltr'><strong><em>Quibus</em></strong></span> <span class='ocrx_word' id='word_1_88' title='bbox 252 1491 326 1532; x_wconf 86' lang='lat' dir='ltr'><strong><em>vero</em></strong></span> <span class='ocrx_word' id='word_1_89' title='bbox 344 1468 515 1549; x_wconf 83' lang='lat' dir='ltr'><strong><em>deponendi</em></strong></span> <span class='ocrx_word' id='word_1_90' title='bbox 534 1469 613 1545; x_wconf 85' lang='lat' dir='ltr'><strong><em>haec,</em></strong></span> <span class='ocrx_word' id='word_1_91' title='bbox 629 1489 696 1530; x_wconf 91' lang='lat' dir='ltr'><strong><em>non</em></strong></span> <span class='ocrx_word' id='word_1_92' title='bbox 718 1469 828 1550; x_wconf 90' lang='lat' dir='ltr'><strong><em>liquet.</em></strong></span> <span class='ocrx_word' id='word_1_93' title='bbox 872 1468 951 1531; x_wconf 90' lang='lat' dir='ltr'><strong><em>Non</em></strong></span> <span class='ocrx_word' id='word_1_94' title='bbox 973 1470 1060 1531; x_wconf 91' lang='lat' dir='ltr'><strong><em>enim</em></strong></span> <span class='ocrx_word' id='word_1_95' title='bbox 1085 1471 1201 1551; x_wconf 88' lang='lat' dir='ltr'><strong><em>(credo)</em></strong></span> 
     </span>
     <span class='ocr_line' id='line_1_13' title="bbox 103 1570 1206 1654; baseline 0.002 -19"><span class='ocrx_word' id='word_1_96' title='bbox 103 1592 164 1652; x_wconf 85' lang='lat' dir='ltr'><strong><em>per</em></strong></span> <span class='ocrx_word' id='word_1_97' title='bbox 185 1574 286 1635; x_wconf 86' lang='lat' dir='ltr'><strong><em>claves</em></strong></span> <span class='ocrx_word' id='word_1_98' title='bbox 303 1573 392 1654; x_wconf 80' lang='lat' dir='ltr'><strong><em>repni</em></strong></span> <span class='ocrx_word' id='word_1_99' title='bbox 414 1572 566 1634; x_wconf 70' lang='lat' dir='ltr'><strong><em>coelorutm.</em></strong></span> <span class='ocrx_word' id='word_1_100' title='bbox 612 1570 675 1632; x_wconf 92' lang='lat' dir='ltr'><strong><em>Vel</em></strong></span> <span class='ocrx_word' id='word_1_101' title='bbox 701 1590 777 1651; x_wconf 86' lang='lat' dir='ltr'><strong><em>ergo</em></strong></span> <span class='ocrx_word' id='word_1_102' title='bbox 799 1570 882 1647; x_wconf 85' lang='lat' dir='ltr'><strong><em>olim,</em></strong></span> <span class='ocrx_word' id='word_1_103' title='bbox 909 1570 958 1633; x_wconf 90' lang='lat' dir='ltr'><strong><em>vel</em></strong></span> <span class='ocrx_word' id='word_1_104' title='bbox 975 1573 1047 1651; x_wconf 84' lang='lat' dir='ltr'><strong><em>jam</em></strong></span> <span class='ocrx_word' id='word_1_105' title='bbox 1072 1574 1206 1637; x_wconf 71' lang='lat' dir='ltr'><strong><em>modas</em></strong></span> 
     </span>
     <span class='ocr_line' id='line_1_14' title="bbox 91 1673 618 1761; baseline -0.009 -23"><span class='ocrx_word' id='word_1_106' title='bbox 91 1673 297 1761; x_wconf 73' lang='lat' dir='ltr'><strong><em>⁴Cardinelis.</em></strong></span> <span class='ocrx_word' id='word_1_107' title='bbox 344 1673 487 1754; x_wconf 87' lang='lat' dir='ltr'><strong><em>Sedjcm</em></strong></span> <span class='ocrx_word' id='word_1_108' title='bbox 501 1673 618 1756; x_wconf 88' lang='lat' dir='ltr'><strong><em>potius.</em></strong></span> 
     </span>
    </p>
   </div>
   <div class='ocr_carea' id='block_1_3' title="bbox 102 1878 1351 3490">
    <p class='ocr_par' dir='ltr' id='par_1_3' title="bbox 102 1878 1351 3490">
     <span class='ocr_line' id='line_1_15' title="bbox 151 1878 1344 1997; baseline 0.003 -54"><span class='ocrx_word' id='word_1_109' title='bbox 151 1880 204 1943; x_wconf 87' lang='lat' dir='ltr'><strong><em>Ad</em></strong></span> <span class='ocrx_word' id='word_1_110' title='bbox 234 1878 571 1944; x_wconf 78' lang='lat' dir='ltr'><strong><em>Decimumtertiums.</em></strong></span> <span class='ocrx_word' id='word_1_111' title='bbox 628 1878 724 1944; x_wconf 83' lang='lat' dir='ltr'><strong><em>Quod</em></strong></span> <span class='ocrx_word' id='word_1_112' title='bbox 756 1879 843 1962; x_wconf 84' lang='lat' dir='ltr'><strong><em>Papa</em></strong></span> <span class='ocrx_word' id='word_1_113' title='bbox 872 1880 1037 1964; x_wconf 81' lang='lat' dir='ltr'><strong><em>Principes</em></strong></span> <span class='ocrx_word' id='word_1_114' title='bbox 1065 1882 1204 1965; x_wconf 80' lang='lat' dir='ltr'><strong><em>deponat</em></strong></span> <span class='ocrx_word' id='word_1_115' title='bbox 1217 1883 1344 1997; x_wconf 44' lang='grc' dir='ltr'><strong><em>ᾏῙΒ-ὶῇὓβ</em></strong></span> 
     </span>
     <span class='ocr_line' id='line_1_16' title="bbox 108 1954 1351 2075; baseline 0.003 -32"><span class='ocrx_word' id='word_1_116' title='bbox 108 1983 290 2064; x_wconf 83' lang='lat' dir='ltr'><strong><em>Apostolico</em></strong></span> <span class='ocrx_word' id='word_1_117' title='bbox 305 1987 473 2063; x_wconf 86' lang='lat' dir='ltr'><strong><em>potestate,</em></strong></span> <span class='ocrx_word' id='word_1_118' title='bbox 491 2002 605 2065; x_wconf 82' lang='lat' dir='ltr'><strong><em>parum</em></strong></span> <span class='ocrx_word' id='word_1_119' title='bbox 627 1981 712 2044; x_wconf 85' lang='lat' dir='ltr'><strong><em>inter</em></strong></span> <span class='ocrx_word' id='word_1_120' title='bbox 734 2002 767 2044; x_wconf 88' lang='lat' dir='ltr'><strong><em>se</em></strong></span> <span class='ocrx_word' id='word_1_121' title='bbox 790 1982 962 2046; x_wconf 86' lang='lat' dir='ltr'><strong><em>concordes</em></strong></span> <span class='ocrx_word' id='word_1_122' title='bbox 981 1984 1134 2047; x_wconf 73' lang='lat' dir='ltr'><strong><em>Catholici</em></strong></span> <span class='ocrx_word' id='word_1_123' title='bbox 1155 1985 1205 2047; x_wconf 89' lang='lat' dir='ltr'><strong><em>tui</em></strong></span> <span class='ocrx_word' id='word_1_124' title='bbox 1218 1954 1351 2075; x_wconf 50' lang='grc' dir='ltr'><strong><em>Ρὲᾆξωῗξ</em></strong></span> 
     </span>
     <span class='ocr_line' id='line_1_17' title="bbox 107 2076 1340 2202; baseline 0.001 -54"><span class='ocrx_word' id='word_1_125' title='bbox 107 2084 302 2167; x_wconf 81' lang='lat' dir='ltr'><strong><em>Campianus</em></strong></span> <span class='ocrx_word' id='word_1_126' title='bbox 318 2092 351 2147; x_wconf 85' lang='lat' dir='ltr'><strong><em>et</em></strong></span> <span class='ocrx_word' id='word_1_127' title='bbox 367 2084 501 2147; x_wconf 83' lang='lat' dir='ltr'><strong><em>Hurtus.</em></strong></span> <span class='ocrx_word' id='word_1_128' title='bbox 548 2084 671 2146; x_wconf 82' lang='lat' dir='ltr'><strong><em>Hurtus</em></strong></span> <span class='ocrx_word' id='word_1_129' title='bbox 686 2083 773 2145; x_wconf 91' lang='lat' dir='ltr'><strong><em>enim</em></strong></span> <span class='ocrx_word' id='word_1_130' title='bbox 787 2103 847 2146; x_wconf 89' lang='lat' dir='ltr'><strong><em>nee</em></strong></span> <span class='ocrx_word' id='word_1_131' title='bbox 862 2084 1075 2166; x_wconf 84' lang='lat' dir='ltr'><strong><em>Apostolicum</em></strong></span> <span class='ocrx_word' id='word_1_132' title='bbox 1089 2086 1130 2148; x_wconf 81' lang='lat' dir='ltr'><strong><em>ad</em></strong></span> <span class='ocrx_word' id='word_1_133' title='bbox 1144 2087 1205 2149; x_wconf 88' lang='lat' dir='ltr'><strong><em>hoe</em></strong></span> <span class='ocrx_word' id='word_1_134' title='bbox 1217 2076 1340 2202; x_wconf 36' lang='grc' dir='ltr'><strong><em>ἓξέοθξξξ.</em></strong></span> 
     </span>
     <span class='ocr_line' id='line_1_18' title="bbox 102 2183 1280 2267; baseline 0.005 -19"><span class='ocrx_word' id='word_1_135' title='bbox 102 2192 289 2266; x_wconf 85' lang='lat' dir='ltr'><strong><em>potestotem</em></strong></span> <span class='ocrx_word' id='word_1_136' title='bbox 314 2185 444 2267; x_wconf 79' lang='lat' dir='ltr'><strong><em>agnovit</em></strong></span> <span class='ocrx_word' id='word_1_137' title='bbox 463 2185 499 2248; x_wconf 88' lang='lat' dir='ltr'><strong><em>iu</em></strong></span> <span class='ocrx_word' id='word_1_138' title='bbox 522 2185 697 2259; x_wconf 88' lang='lat' dir='ltr'><strong><em>Pontifiee;</em></strong></span> <span class='ocrx_word' id='word_1_139' title='bbox 720 2205 780 2247; x_wconf 89' lang='lat' dir='ltr'><strong><em>nee</em></strong></span> <span class='ocrx_word' id='word_1_140' title='bbox 800 2183 833 2247; x_wconf 92' lang='lat' dir='ltr'><strong><em>id</em></strong></span> <span class='ocrx_word' id='word_1_141' title='bbox 853 2185 883 2247; x_wconf 90' lang='lat' dir='ltr'><strong><em>ei</em></strong></span> <span class='ocrx_word' id='word_1_142' title='bbox 903 2184 970 2249; x_wconf 88' lang='lat' dir='ltr'><strong><em>ullo</em></strong></span> <span class='ocrx_word' id='word_1_143' title='bbox 991 2185 1087 2250; x_wconf 90' lang='lat' dir='ltr'><strong><em>modo</em></strong></span> <span class='ocrx_word' id='word_1_144' title='bbox 1109 2187 1205 2251; x_wconf 87' lang='lat' dir='ltr'><strong><em>licere</em></strong></span> <span class='ocrx_word' id='word_1_145' title='bbox 1218 2202 1280 2266; x_wconf 72' lang='lat' dir='ltr'><strong><em>doe]</em></strong></span> 
     </span>
     <span class='ocr_line' id='line_1_19' title="bbox 107 2287 1207 2371; baseline 0.002 -21"><span class='ocrx_word' id='word_1_146' title='bbox 107 2287 198 2365; x_wconf 86' lang='lat' dir='ltr'><strong><em>dixit,</em></strong></span> <span class='ocrx_word' id='word_1_147' title='bbox 214 2288 350 2371; x_wconf 83' lang='lat' dir='ltr'><strong><em>scripsit,</em></strong></span> <span class='ocrx_word' id='word_1_148' title='bbox 365 2288 448 2350; x_wconf 87' lang='lat' dir='ltr'><strong><em>libro</em></strong></span> <span class='ocrx_word' id='word_1_149' title='bbox 468 2287 555 2351; x_wconf 92' lang='lat' dir='ltr'><strong><em>edito</em></strong></span> <span class='ocrx_word' id='word_1_150' title='bbox 574 2293 710 2350; x_wconf 85' lang='lat' dir='ltr'><strong><em>testatus</em></strong></span> <span class='ocrx_word' id='word_1_151' title='bbox 731 2291 808 2349; x_wconf 73' lang='lat' dir='ltr'><strong><em>est‘.</em></strong></span> <span class='ocrx_word' id='word_1_152' title='bbox 857 2287 980 2350; x_wconf 73' lang='lat' dir='ltr'><strong><em>Hortus</em></strong></span> <span class='ocrx_word' id='word_1_153' title='bbox 997 2288 1083 2351; x_wconf 88' lang='lat' dir='ltr'><strong><em>enim</em></strong></span> <span class='ocrx_word' id='word_1_154' title='bbox 1097 2291 1207 2353; x_wconf 82' lang='lat' dir='ltr'><strong><em>mistus</em></strong></span> 
     </span>
     <span class='ocr_line' id='line_1_20' title="bbox 108 2388 1255 2482; baseline 0.002 -30"><span class='ocrx_word' id='word_1_155' title='bbox 108 2390 205 2453; x_wconf 91' lang='lat' dir='ltr'><strong><em>modo</em></strong></span> <span class='ocrx_word' id='word_1_156' title='bbox 220 2391 364 2471; x_wconf 87' lang='lat' dir='ltr'><strong><em>Papisto,</em></strong></span> <span class='ocrx_word' id='word_1_157' title='bbox 382 2389 577 2472; x_wconf 80' lang='lat' dir='ltr'><strong><em>Cumpianus</em></strong></span> <span class='ocrx_word' id='word_1_158' title='bbox 593 2389 785 2460; x_wconf 58' lang='lat' dir='ltr'><strong><em>Peritum</em></strong></span> <span class='ocrx_word' id='word_1_159' title='bbox 808 2394 944 2470; x_wconf 90' lang='lat' dir='ltr'><strong><em>uterque</em></strong></span> <span class='ocrx_word' id='word_1_160' title='bbox 964 2388 1135 2453; x_wconf 75' lang='lat' dir='ltr'><strong><em>damnatus</em></strong></span> <span class='ocrx_word' id='word_1_161' title='bbox 1154 2412 1205 2454; x_wconf 82' lang='lat' dir='ltr'><strong><em>ea-</em></strong></span> <span class='ocrx_word' id='word_1_162' title='bbox 1249 2472 1255 2482; x_wconf 23' lang='grc' dir='ltr'><strong><em>Δ</em></strong></span> 
     </span>
     <span class='ocr_line' id='line_1_21' title="bbox 107 2490 1207 2575; baseline 0.001 -20"><span class='ocrx_word' id='word_1_163' title='bbox 107 2492 192 2575; x_wconf 88' lang='lat' dir='ltr'><strong><em>pitis.</em></strong></span> <span class='ocrx_word' id='word_1_164' title='bbox 247 2491 427 2556; x_wconf 87' lang='lat' dir='ltr'><strong><em>Plurimum</em></strong></span> <span class='ocrx_word' id='word_1_165' title='bbox 457 2498 567 2554; x_wconf 82' lang='lat' dir='ltr'><strong><em>autem</em></strong></span> <span class='ocrx_word' id='word_1_166' title='bbox 590 2490 706 2553; x_wconf 87' lang='lat' dir='ltr'><strong><em>merito</em></strong></span> <span class='ocrx_word' id='word_1_167' title='bbox 736 2511 795 2552; x_wconf 89' lang='lat' dir='ltr'><strong><em>suo</em></strong></span> <span class='ocrx_word' id='word_1_168' title='bbox 824 2490 1029 2573; x_wconf 85' lang='lat' dir='ltr'><strong><em>Campianus,</em></strong></span> <span class='ocrx_word' id='word_1_169' title='bbox 1055 2491 1139 2575; x_wconf 91' lang='lat' dir='ltr'><strong><em>quod</em></strong></span> <span class='ocrx_word' id='word_1_170' title='bbox 1165 2493 1207 2555; x_wconf 84' lang='lat' dir='ltr'><strong><em>ad</em></strong></span> 
     </span>
     <span class='ocr_line' id='line_1_22' title="bbox 108 2590 1207 2677; baseline 0 -20"><span class='ocrx_word' id='word_1_171' title='bbox 108 2601 215 2677; x_wconf 76' lang='lat' dir='ltr'><strong><em>partes</em></strong></span> <span class='ocrx_word' id='word_1_172' title='bbox 231 2594 395 2661; x_wconf 88' lang='lat' dir='ltr'><strong><em>Pontifieis</em></strong></span> <span class='ocrx_word' id='word_1_173' title='bbox 410 2592 477 2676; x_wconf 90' lang='lat' dir='ltr'><strong><em>(qui</em></strong></span> <span class='ocrx_word' id='word_1_174' title='bbox 492 2592 627 2675; x_wconf 75' lang='lat' dir='ltr'><strong><em>Reginis</em></strong></span> <span class='ocrx_word' id='word_1_175' title='bbox 642 2590 744 2655; x_wconf 88' lang='lat' dir='ltr'><strong><em>hostis</em></strong></span> <span class='ocrx_word' id='word_1_176' title='bbox 759 2591 903 2674; x_wconf 80' lang='lat' dir='ltr'><strong><em>capitalis</em></strong></span> <span class='ocrx_word' id='word_1_177' title='bbox 924 2592 1115 2657; x_wconf 88' lang='lat' dir='ltr'><strong><em>seditionem</em></strong></span> <span class='ocrx_word' id='word_1_178' title='bbox 1130 2600 1207 2657; x_wconf 85' lang='lat' dir='ltr'><strong><em>ante</em></strong></span> 
     </span>
     <span class='ocr_line' id='line_1_23' title="bbox 108 2692 1206 2776; baseline 0 -18"><span class='ocrx_word' id='word_1_179' title='bbox 108 2695 276 2759; x_wconf 80' lang='lat' dir='ltr'><strong><em>Boreelem</em></strong></span> <span class='ocrx_word' id='word_1_180' title='bbox 297 2696 482 2773; x_wconf 75' lang='lat' dir='ltr'><strong><em>concitarat,</em></strong></span> <span class='ocrx_word' id='word_1_181' title='bbox 500 2694 555 2776; x_wconf 94' lang='lat' dir='ltr'><strong><em>qui</em></strong></span> <span class='ocrx_word' id='word_1_182' title='bbox 573 2694 716 2776; x_wconf 82' lang='lat' dir='ltr'><strong><em>legiones</em></strong></span> <span class='ocrx_word' id='word_1_183' title='bbox 736 2714 809 2755; x_wconf 83' lang='lat' dir='ltr'><strong><em>suus</em></strong></span> <span class='ocrx_word' id='word_1_184' title='bbox 833 2692 1011 2758; x_wconf 82' lang='lat' dir='ltr'><strong><em>immiserat</em></strong></span> <span class='ocrx_word' id='word_1_185' title='bbox 1032 2695 1066 2757; x_wconf 89' lang='lat' dir='ltr'><strong><em>in</em></strong></span> <span class='ocrx_word' id='word_1_186' title='bbox 1088 2695 1206 2760; x_wconf 87' lang='lat' dir='ltr'><strong><em>Hiber·</em></strong></span> 
     </span>
     <span class='ocr_line' id='line_1_24' title="bbox 107 2797 1206 2881; baseline 0.002 -21"><span class='ocrx_word' id='word_1_187' title='bbox 107 2797 206 2879; x_wconf 81' lang='lat' dir='ltr'><strong><em>niem)</em></strong></span> <span class='ocrx_word' id='word_1_188' title='bbox 226 2818 292 2860; x_wconf 89' lang='lat' dir='ltr'><strong><em>uno</em></strong></span> <span class='ocrx_word' id='word_1_189' title='bbox 314 2817 400 2860; x_wconf 85' lang='lat' dir='ltr'><strong><em>anno</em></strong></span> <span class='ocrx_word' id='word_1_190' title='bbox 415 2797 517 2859; x_wconf 79' lang='lat' dir='ltr'><strong><em>decern</em></strong></span> <span class='ocrx_word' id='word_1_191' title='bbox 539 2797 639 2858; x_wconf 85' lang='lat' dir='ltr'><strong><em>millio</em></strong></span> <span class='ocrx_word' id='word_1_192' title='bbox 654 2815 839 2878; x_wconf 78' lang='lat' dir='ltr'><strong><em>opprepasse</em></strong></span> <span class='ocrx_word' id='word_1_193' title='bbox 853 2816 895 2873; x_wconf 89' lang='lat' dir='ltr'><strong><em>se,</em></strong></span> <span class='ocrx_word' id='word_1_194' title='bbox 911 2817 1012 2859; x_wconf 81' lang='lat' dir='ltr'><strong><em>vanus</em></strong></span> <span class='ocrx_word' id='word_1_195' title='bbox 1026 2797 1123 2862; x_wconf 92' lang='lat' dir='ltr'><strong><em>homo</em></strong></span> <span class='ocrx_word' id='word_1_196' title='bbox 1138 2798 1206 2881; x_wconf 83' lang='lat' dir='ltr'><strong><em>glo·</em></strong></span> 
     </span>
     <span class='ocr_line' id='line_1_25' title="bbox 109 2897 1208 2983; baseline 0.001 -21"><span class='ocrx_word' id='word_1_197' title='bbox 109 2900 209 2962; x_wconf 82' lang='lat' dir='ltr'><strong><em>rietus</em></strong></span> <span class='ocrx_word' id='word_1_198' title='bbox 232 2899 284 2962; x_wconf 82' lang='lat' dir='ltr'><strong><em>sit.</em></strong></span> <span class='ocrx_word' id='word_1_199' title='bbox 338 2900 425 2963; x_wconf 78' lang='lat' dir='ltr'><strong><em>Num</em></strong></span> <span class='ocrx_word' id='word_1_200' title='bbox 453 2899 560 2961; x_wconf 85' lang='lat' dir='ltr'><strong><em>Hurto</em></strong></span> <span class='ocrx_word' id='word_1_201' title='bbox 580 2898 674 2961; x_wconf 86' lang='lat' dir='ltr'><strong><em>venia</em></strong></span> <span class='ocrx_word' id='word_1_202' title='bbox 697 2897 781 2975; x_wconf 82' lang='lat' dir='ltr'><strong><em>data,</em></strong></span> <span class='ocrx_word' id='word_1_203' title='bbox 803 2897 858 2980; x_wconf 91' lang='lat' dir='ltr'><strong><em>qui</em></strong></span> <span class='ocrx_word' id='word_1_204' title='bbox 880 2897 970 2961; x_wconf 91' lang='lat' dir='ltr'><strong><em>nullo</em></strong></span> <span class='ocrx_word' id='word_1_205' title='bbox 992 2898 1088 2963; x_wconf 89' lang='lat' dir='ltr'><strong><em>modo</em></strong></span> <span class='ocrx_word' id='word_1_206' title='bbox 1109 2921 1208 2983; x_wconf 89' lang='lat' dir='ltr'><strong><em>penes</em></strong></span> 
     </span>
     <span class='ocr_line' id='line_1_26' title="bbox 109 2999 1206 3084; baseline 0.001 -19"><span class='ocrx_word' id='word_1_207' title='bbox 109 3001 300 3065; x_wconf 88' lang='lat' dir='ltr'><strong><em>Pontificem</em></strong></span> <span class='ocrx_word' id='word_1_208' title='bbox 318 3020 386 3064; x_wconf 88' lang='lat' dir='ltr'><strong><em>esse</em></strong></span> <span class='ocrx_word' id='word_1_209' title='bbox 402 3002 516 3084; x_wconf 84' lang='lat' dir='ltr'><strong><em>Regna</em></strong></span> <span class='ocrx_word' id='word_1_210' title='bbox 526 2999 683 3077; x_wconf 84' lang='lat' dir='ltr'><strong><em>mutendi,</em></strong></span> <span class='ocrx_word' id='word_1_211' title='bbox 700 3000 805 3081; x_wconf 86' lang='lat' dir='ltr'><strong><em>Reges</em></strong></span> <span class='ocrx_word' id='word_1_212' title='bbox 821 2999 989 3063; x_wconf 81' lang='lat' dir='ltr'><strong><em>abdicandi</em></strong></span> <span class='ocrx_word' id='word_1_213' title='bbox 1004 3009 1206 3083; x_wconf 85' lang='lat' dir='ltr'><strong><em>potestatem,</em></strong></span> 
     </span>
     <span class='ocr_line' id='line_1_27' title="bbox 114 3100 1207 3187; baseline 0.002 -21"><span class='ocrx_word' id='word_1_214' title='bbox 114 3105 346 3187; x_wconf 82' lang='lat' dir='ltr'><strong><em>(contraquam</em></strong></span> <span class='ocrx_word' id='word_1_215' title='bbox 362 3102 553 3184; x_wconf 76' lang='lat' dir='ltr'><strong><em>cardinalis)</em></strong></span> <span class='ocrx_word' id='word_1_216' title='bbox 572 3123 636 3178; x_wconf 91' lang='lat' dir='ltr'><strong><em>ore,</em></strong></span> <span class='ocrx_word' id='word_1_217' title='bbox 651 3122 751 3164; x_wconf 78' lang='lat' dir='ltr'><strong><em>manu</em></strong></span> <span class='ocrx_word' id='word_1_218' title='bbox 766 3100 926 3163; x_wconf 82' lang='lat' dir='ltr'><strong><em>asserebat</em></strong></span> <span class='ocrx_word' id='word_1_219' title='bbox 932 3112 954 3163; x_wconf 85' lang='lat'><strong><em>⁸.</em></strong></span> <span class='ocrx_word' id='word_1_220' title='bbox 993 3102 1089 3168; x_wconf 79' lang='lat' dir='ltr'><strong><em>Quod</em></strong></span> <span class='ocrx_word' id='word_1_221' title='bbox 1102 3104 1207 3185; x_wconf 88' lang='lat' dir='ltr'><strong><em>ipsum</em></strong></span> 
     </span>
     <span class='ocr_line' id='line_1_28' title="bbox 110 3200 1207 3289; baseline -0.001 -20"><span class='ocrx_word' id='word_1_222' title='bbox 110 3206 231 3270; x_wconf 88' lang='lat' dir='ltr'><strong><em>sentire</em></strong></span> <span class='ocrx_word' id='word_1_223' title='bbox 246 3226 282 3267; x_wconf 89' lang='lat' dir='ltr'><strong><em>se</em></strong></span> <span class='ocrx_word' id='word_1_224' title='bbox 295 3203 429 3288; x_wconf 85' lang='lat' dir='ltr'><strong><em>professi</em></strong></span> <span class='ocrx_word' id='word_1_225' title='bbox 444 3210 529 3281; x_wconf 90' lang='lat' dir='ltr'><strong><em>sunt,</em></strong></span> <span class='ocrx_word' id='word_1_226' title='bbox 547 3203 625 3266; x_wconf 87' lang='lat' dir='ltr'><strong><em>varii</em></strong></span> <span class='ocrx_word' id='word_1_227' title='bbox 639 3209 711 3265; x_wconf 91' lang='lat' dir='ltr'><strong><em>tum</em></strong></span> <span class='ocrx_word' id='word_1_228' title='bbox 725 3222 765 3264; x_wconf 84' lang='lat' dir='ltr'><strong><em>ex</em></strong></span> <span class='ocrx_word' id='word_1_229' title='bbox 779 3201 869 3264; x_wconf 91' lang='lat' dir='ltr'><strong><em>omni</em></strong></span> <span class='ocrx_word' id='word_1_230' title='bbox 884 3200 1016 3280; x_wconf 89' lang='lat' dir='ltr'><strong><em>Ordine,</em></strong></span> <span class='ocrx_word' id='word_1_231' title='bbox 1032 3204 1207 3289; x_wconf 88' lang='lat' dir='ltr'><strong><em>Episcopus</em></strong></span> 
     </span>
     <span class='ocr_line' id='line_1_29' title="bbox 110 3302 1207 3390; baseline -0.001 -19"><span class='ocrx_word' id='word_1_232' title='bbox 110 3307 188 3371; x_wconf 92' lang='lat' dir='ltr'><strong><em>olim</em></strong></span> <span class='ocrx_word' id='word_1_233' title='bbox 212 3303 422 3382; x_wconf 69' lang='lat' dir='ltr'><strong><em>witsonusb,</em></strong></span> <span class='ocrx_word' id='word_1_234' title='bbox 449 3304 560 3367; x_wconf 85' lang='lat' dir='ltr'><strong><em>Abbss</em></strong></span> <span class='ocrx_word' id='word_1_235' title='bbox 590 3304 842 3380; x_wconf 70' lang='lat' dir='ltr'><strong><em>Fekenhemus0,</em></strong></span> <span class='ocrx_word' id='word_1_236' title='bbox 875 3302 996 3385; x_wconf 84' lang='lat' dir='ltr'><strong><em>Regius</em></strong></span> <span class='ocrx_word' id='word_1_237' title='bbox 1025 3305 1207 3390; x_wconf 78' lang='lat' dir='ltr'><strong><em>Theologiae</em></strong></span> 
     </span>
     <span class='ocr_line' id='line_1_30' title="bbox 111 3403 1207 3490; baseline -0.002 -16"><span class='ocrx_word' id='word_1_238' title='bbox 111 3410 274 3474; x_wconf 86' lang='lat' dir='ltr'><strong><em>Professor</em></strong></span> <span class='ocrx_word' id='word_1_239' title='bbox 288 3408 432 3490; x_wconf 86' lang='lat' dir='ltr'><strong><em>Yongus,</em></strong></span> <span class='ocrx_word' id='word_1_240' title='bbox 448 3408 545 3470; x_wconf 81' lang='lat' dir='ltr'><strong><em>Pater</em></strong></span> <span class='ocrx_word' id='word_1_241' title='bbox 560 3407 720 3470; x_wconf 87' lang='lat' dir='ltr'><strong><em>societatis</em></strong></span> <span class='ocrx_word' id='word_1_242' title='bbox 734 3403 958 3487; x_wconf 67' lang='lat' dir='ltr'><strong><em>Boagraviusd,</em></strong></span> <span class='ocrx_word' id='word_1_243' title='bbox 975 3406 1030 3468; x_wconf 81' lang='lat' dir='ltr'><strong><em>elii</em></strong></span> <span class='ocrx_word' id='word_1_244' title='bbox 1044 3414 1077 3470; x_wconf 88' lang='lat' dir='ltr'><strong><em>et</em></strong></span> <span class='ocrx_word' id='word_1_245' title='bbox 1094 3408 1207 3473; x_wconf 83' lang='lat' dir='ltr'><strong><em>Sacer-</em></strong></span> 
     </span>
    </p>
   </div>
   <div class='ocr_carea' id='block_1_4' title="bbox 112 3507 1207 3590">
    <p class='ocr_par' dir='ltr' id='par_1_4' title="bbox 112 3507 1207 3590">
     <span class='ocr_line' id='line_1_31' title="bbox 112 3507 1207 3590; baseline 0 -15"><span class='ocrx_word' id='word_1_246' title='bbox 112 3513 207 3590; x_wconf 83' lang='lat' dir='ltr'><strong><em>dotes,</em></strong></span> <span class='ocrx_word' id='word_1_247' title='bbox 223 3517 257 3575; x_wconf 89' lang='lat' dir='ltr'><strong><em>et</em></strong></span> <span class='ocrx_word' id='word_1_248' title='bbox 273 3510 375 3574; x_wconf 86' lang='lat' dir='ltr'><strong><em>Laici.</em></strong></span> <span class='ocrx_word' id='word_1_249' title='bbox 418 3508 569 3572; x_wconf 91' lang='lat' dir='ltr'><strong><em>Necdum</em></strong></span> <span class='ocrx_word' id='word_1_250' title='bbox 584 3509 671 3572; x_wconf 91' lang='lat' dir='ltr'><strong><em>enim</em></strong></span> <span class='ocrx_word' id='word_1_251' title='bbox 686 3507 856 3571; x_wconf 81' lang='lat' dir='ltr'><strong><em>transierat</em></strong></span> <span class='ocrx_word' id='word_1_252' title='bbox 870 3507 905 3569; x_wconf 93' lang='lat' dir='ltr'><strong><em>in</em></strong></span> <span class='ocrx_word' id='word_1_253' title='bbox 920 3508 1028 3571; x_wconf 74' lang='lat' dir='ltr'><strong><em>Fidem</em></strong></span> <span class='ocrx_word' id='word_1_254' title='bbox 1043 3511 1207 3575; x_wconf 89' lang='lat' dir='ltr'><strong><em>Pontifieis</em></strong></span> 
     </span>
    </p>
   </div>
   <div class='ocr_carea' id='block_1_5' title="bbox 112 3693 1208 4274">
    <p class='ocr_par' dir='ltr' id='par_1_5' title="bbox 112 3693 1208 4086">
     <span class='ocr_line' id='line_1_32' title="bbox 143 3693 956 3760; baseline 0.004 -16"><span class='ocrx_word' id='word_1_255' title='bbox 143 3705 155 3728; x_wconf 85' lang='lat'><em>¹</em></span> <span class='ocrx_word' id='word_1_256' title='bbox 172 3693 329 3760; x_wconf 79' lang='lat' dir='ltr'><strong><em>[Videlosm</em></strong></span> <span class='ocrx_word' id='word_1_257' title='bbox 339 3693 440 3744; x_wconf 80' lang='lat' dir='ltr'><strong><em>Gerson.</em></strong></span> <span class='ocrx_word' id='word_1_258' title='bbox 448 3693 636 3757; x_wconf 69' lang='lat' dir='ltr'><strong><em>Propositfnet</em></strong></span> <span class='ocrx_word' id='word_1_259' title='bbox 682 3696 761 3746; x_wconf 69' lang='lat'>1584:</span> <span class='ocrx_word' id='word_1_260' title='bbox 778 3693 857 3744; x_wconf 87' lang='lat' dir='ltr'><strong><em>Lond.</em></strong></span> <span class='ocrx_word' id='word_1_261' title='bbox 871 3697 956 3760; x_wconf 73' lang='lat' dir='ltr'><strong><em>loss]</em></strong></span> 
     </span>
     <span class='ocr_line' id='line_1_33' title="bbox 112 3757 1207 3827; baseline 0.002 -15"><span class='ocrx_word' id='word_1_262' title='bbox 112 3776 195 3812; x_wconf 82' lang='lat' dir='ltr'><strong><em>cerem</em></strong></span> <span class='ocrx_word' id='word_1_263' title='bbox 207 3759 331 3822; x_wconf 70' lang='lat' dir='ltr'><strong><em>Anguem,</em></strong></span> <span class='ocrx_word' id='word_1_264' title='bbox 342 3757 442 3810; x_wconf 77' lang='lat' dir='ltr'><strong><em>consid.</em></strong></span> <span class='ocrx_word' id='word_1_265' title='bbox 454 3758 489 3805; x_wconf 86' lang='lat' dir='ltr'><strong><em>iv.</em></strong></span> <span class='ocrx_word' id='word_1_266' title='bbox 508 3757 564 3821; x_wconf 80' lang='lat' dir='ltr'><strong><em>Op,</em></strong></span> <span class='ocrx_word' id='word_1_267' title='bbox 576 3764 636 3809; x_wconf 89' lang='lat' dir='ltr'><strong><em>tom.</em></strong></span> <span class='ocrx_word' id='word_1_268' title='bbox 713 3759 817 3823; x_wconf 83' lang='lat' dir='ltr'><strong><em>·[Vids</em></strong></span> <span class='ocrx_word' id='word_1_269' title='bbox 840 3758 958 3824; x_wconf 78' lang='lat' dir='ltr'><strong><em>Respons</em></strong></span> <span class='ocrx_word' id='word_1_270' title='bbox 980 3760 1020 3811; x_wconf 86' lang='lat' dir='ltr'><strong><em>Jo.</em></strong></span> <span class='ocrx_word' id='word_1_271' title='bbox 1044 3762 1117 3813; x_wconf 85' lang='lat' dir='ltr'><strong><em>Hert.</em></strong></span> <span class='ocrx_word' id='word_1_272' title='bbox 1139 3764 1207 3827; x_wconf 85' lang='lat' dir='ltr'><strong><em>spud</em></strong></span> 
     </span>
     <span class='ocr_line' id='line_1_34' title="bbox 112 3821 1208 3888; baseline 0.004 -15"><span class='ocrx_word' id='word_1_273' title='bbox 112 3827 128 3875; x_wconf 89' lang='lat' dir='ltr'><strong><em>i.</em></strong></span> <span class='ocrx_word' id='word_1_274' title='bbox 141 3826 187 3875; x_wconf 85' lang='lat' dir='ltr'><strong><em>eol.</em></strong></span> <span class='ocrx_word' id='word_1_275' title='bbox 197 3826 253 3874; x_wconf 81' lang='lat'><strong><em>290.</em></strong></span> <span class='ocrx_word' id='word_1_276' title='bbox 265 3825 403 3886; x_wconf 73' lang='lat' dir='ltr'><strong><em>(perperam</em></strong></span> <span class='ocrx_word' id='word_1_277' title='bbox 416 3822 482 3884; x_wconf 81' lang='lat'><strong><em>890.)</em></strong></span> <span class='ocrx_word' id='word_1_278' title='bbox 491 3821 532 3884; x_wconf 86' lang='lat' dir='ltr'><strong><em>C.]</em></strong></span> <span class='ocrx_word' id='word_1_279' title='bbox 681 3823 725 3873; x_wconf 88' lang='lat' dir='ltr'><strong><em>lib.</em></strong></span> <span class='ocrx_word' id='word_1_280' title='bbox 733 3824 773 3873; x_wconf 88' lang='lat' dir='ltr'><strong><em>eui</em></strong></span> <span class='ocrx_word' id='word_1_281' title='bbox 781 3824 830 3883; x_wconf 75' lang='lat' dir='ltr'><strong><em>tit,</em></strong></span> <span class='ocrx_word' id='word_1_282' title='bbox 842 3823 882 3871; x_wconf 84' lang='lat' dir='ltr'><strong><em>‘A</em></strong></span> <span class='ocrx_word' id='word_1_283' title='bbox 890 3826 1025 3888; x_wconf 70' lang='lat' dir='ltr'><strong><em>particular</em></strong></span> <span class='ocrx_word' id='word_1_284' title='bbox 1032 3826 1208 3883; x_wconf 80' lang='lat' dir='ltr'><strong><em>Declnmtion.&#39;</em></strong></span> 
     </span>
     <span class='ocr_line' id='line_1_35' title="bbox 113 3885 1207 4004; baseline 0.004 -66"><span class='ocrx_word' id='word_1_285' title='bbox 113 3886 508 4004; x_wconf 39' lang='lat' dir='ltr'><strong><em>pbiiidQRffliimonissp&#39;</em></strong></span> <span class='ocrx_word' id='word_1_286' title='bbox 517 3888 557 3964; x_wconf 59' lang='lat'><strong><em>⁶³5.</em></strong></span> <span class='ocrx_word' id='word_1_287' title='bbox 568 3885 637 4001; x_wconf 63' lang='lat' dir='ltr'><strong><em>Edip.</em></strong></span> <span class='ocrx_word' id='word_1_288' title='bbox 681 3891 725 3982; x_wconf 55' lang='grc' dir='ltr'><strong><em>ἀοῖ</em></strong></span> <span class='ocrx_word' id='word_1_289' title='bbox 736 3887 862 4001; x_wconf 52' lang='grc' dir='ltr'>(Ἥρη,</span> <span class='ocrx_word' id='word_1_290' title='bbox 869 3905 893 3954; x_wconf 90' lang='lat' dir='ltr'><strong><em>p.</em></strong></span> <span class='ocrx_word' id='word_1_291' title='bbox 903 3890 959 3966; x_wconf 62' lang='lat' dir='ltr'><strong><em>tto.</em></strong></span> <span class='ocrx_word' id='word_1_292' title='bbox 966 3894 1020 4004; x_wconf 65' lang='lat' dir='ltr'><strong><em>ppt</em></strong></span> <span class='ocrx_word' id='word_1_293' title='bbox 1028 3890 1057 3952; x_wconf 56' lang='grc' dir='ltr'><strong><em>θ.)</em></strong></span> <span class='ocrx_word' id='word_1_294' title='bbox 1065 3893 1129 4004; x_wconf 50' lang='lat' dir='ltr'><strong><em>sig&amp;</em></strong></span> <span class='ocrx_word' id='word_1_295' title='bbox 1140 3892 1170 3942; x_wconf 88' lang='lat' dir='ltr'><strong><em>D.</em></strong></span> <span class='ocrx_word' id='word_1_296' title='bbox 1179 3891 1207 3955; x_wconf 78' lang='lat' dir='ltr'><strong><em>i]</em></strong></span> 
     </span>
     <span class='ocr_line' id='line_1_36' title="bbox 112 3951 1207 4086; baseline 0.001 -18"><span class='ocrx_word' id='word_1_297' title='bbox 112 3970 168 4069; x_wconf 63' lang='lat' dir='ltr'><strong><em>bdl.</em></strong></span> <span class='ocrx_word' id='word_1_298' title='bbox 181 3967 249 4079; x_wconf 48' lang='lat' dir='ltr'><strong><em>&#39;lide</em></strong></span> <span class='ocrx_word' id='word_1_299' title='bbox 341 3987 347 3999; x_wconf 30' lang='grc' dir='ltr'>ι</span> <span class='ocrx_word' id='word_1_300' title='bbox 395 3964 428 4013; x_wconf 83' lang='lat' dir='ltr'><strong><em>p..</em></strong></span> <span class='ocrx_word' id='word_1_301' title='bbox 479 3965 568 4000; x_wconf 43' lang='grc' dir='ltr'><strong><em>ΜΠ.</em></strong></span> <span class='ocrx_word' id='word_1_302' title='bbox 590 3965 637 4000; x_wconf 41' lang='grc' dir='ltr'><strong><em>ω.</em></strong></span> <span class='ocrx_word' id='word_1_303' title='bbox 681 3951 763 4079; x_wconf 63' lang='lat' dir='ltr'><strong><em>spui</em></strong></span> <span class='ocrx_word' id='word_1_304' title='bbox 781 3951 979 4086; x_wconf 51' lang='lat' dir='ltr'><strong><em>ipirdugdltdffitt</em></strong></span> <span class='ocrx_word' id='word_1_305' title='bbox 997 3962 1207 4070; x_wconf 40' lang='lat' dir='ltr'><strong><em>&amp;Quadri</em></strong></span> 
     </span>
    </p>

    <p class='ocr_par' dir='ltr' id='par_1_6' title="bbox 114 4078 1049 4259">
     <span class='ocr_line' id='line_1_37' title="bbox 146 4078 827 4145; baseline -0.001 -15"><span class='ocrx_word' id='word_1_306' title='bbox 146 4115 156 4138; x_wconf 73' lang='lat' dir='ltr'><strong><em>r</em></strong></span> <span class='ocrx_word' id='word_1_307' title='bbox 175 4080 255 4145; x_wconf 85' lang='lat' dir='ltr'><strong><em>[Vide</em></strong></span> <span class='ocrx_word' id='word_1_308' title='bbox 278 4078 453 4128; x_wconf 75' lang='lat' dir='ltr'><strong><em>Prsefstionem</em></strong></span> <span class='ocrx_word' id='word_1_309' title='bbox 482 4079 638 4142; x_wconf 83' lang='lat' dir='ltr'><strong><em>inscriptum,</em></strong></span> <span class='ocrx_word' id='word_1_310' title='bbox 682 4080 719 4128; x_wconf 86' lang='lat' dir='ltr'><strong><em>iii.</em></strong></span> <span class='ocrx_word' id='word_1_311' title='bbox 740 4095 764 4143; x_wconf 88' lang='lat' dir='ltr'><strong><em>p.</em></strong></span> <span class='ocrx_word' id='word_1_312' title='bbox 776 4083 827 4143; x_wconf 71' lang='lat' dir='ltr'><strong><em>bb]</em></strong></span> 
     </span>
     <span class='ocr_line' id='line_1_38' title="bbox 114 4141 1049 4259; baseline 0.004 -65"><span class='ocrx_word' id='word_1_313' title='bbox 114 4141 639 4234; x_wconf 34' lang='lat' dir='ltr'><strong><em>‘Johanrttotheind&#39;ifferentRepderss</em></strong></span> <span class='ocrx_word' id='word_1_314' title='bbox 715 4143 818 4220; x_wconf 76' lang='lat' dir='ltr'><strong><em>clbid.</em></strong></span> <span class='ocrx_word' id='word_1_315' title='bbox 829 4160 871 4259; x_wconf 78' lang='lat' dir='ltr'><strong><em>pp.</em></strong></span> <span class='ocrx_word' id='word_1_316' title='bbox 881 4150 920 4203; x_wconf 85' lang='grc'><strong><em>66,</em></strong></span> <span class='ocrx_word' id='word_1_317' title='bbox 931 4146 984 4209; x_wconf 66' lang='lat' dir='ltr'><strong><em>fl]</em></strong></span> <span class='ocrx_word' id='word_1_318' title='bbox 1032 4212 1049 4223; x_wconf 91' lang='lat'><strong><em>..</em></strong></span> 
     </span>
    </p>

    <p class='ocr_par' dir='ltr' id='par_1_7' title="bbox 167 4206 1208 4274">
     <span class='ocr_line' id='line_1_39' title="bbox 167 4206 1208 4274; baseline 0.003 -17"><span class='ocrx_word' id='word_1_319' title='bbox 167 4217 271 4257; x_wconf 69' lang='lat' dir='ltr'><strong><em>missam</em></strong></span> <span class='ocrx_word' id='word_1_320' title='bbox 292 4208 423 4266; x_wconf 85' lang='lat' dir='ltr'><strong><em>lrbr0,cu1</em></strong></span> <span class='ocrx_word' id='word_1_321' title='bbox 446 4207 544 4267; x_wconf 80' lang='lat' dir='ltr'><strong><em>titulus,</em></strong></span> <span class='ocrx_word' id='word_1_322' title='bbox 587 4206 639 4256; x_wconf 79' lang='lat' dir='ltr'><strong><em>&#39;Phe</em></strong></span> <span class='ocrx_word' id='word_1_323' title='bbox 714 4207 725 4239; x_wconf 56' lang='grc' dir='ltr'><strong>θ</strong></span> <span class='ocrx_word' id='word_1_324' title='bbox 761 4208 827 4259; x_wconf 80' lang='lat' dir='ltr'><strong><em>Vide</em></strong></span> <span class='ocrx_word' id='word_1_325' title='bbox 863 4226 898 4260; x_wconf 84' lang='lat' dir='ltr'><strong><em>ee.</em></strong></span> <span class='ocrx_word' id='word_1_326' title='bbox 920 4211 1051 4272; x_wconf 78' lang='lat' dir='ltr'><strong><em>Bosgmvn</em></strong></span> <span class='ocrx_word' id='word_1_327' title='bbox 1073 4212 1208 4274; x_wconf 76' lang='lat' dir='ltr'><strong><em>responsio</em></strong></span> 
     </span>
    </p>
   </div>
   <div class='ocr_carea' id='block_1_6' title="bbox 114 4224 1210 4465">
    <p class='ocr_par' dir='ltr' id='par_1_8' title="bbox 114 4224 1210 4465">
     <span class='ocr_line' id='line_1_40' title="bbox 114 4224 1210 4338; baseline 0.002 -16"><span class='ocrx_word' id='word_1_328' title='bbox 114 4224 176 4322; x_wconf 61' lang='lat' dir='ltr'><strong><em>didi]</em></strong></span> <span class='ocrx_word' id='word_1_329' title='bbox 188 4272 216 4322; x_wconf 85' lang='lat' dir='ltr'><strong><em>of</em></strong></span> <span class='ocrx_word' id='word_1_330' title='bbox 230 4271 273 4320; x_wconf 85' lang='lat' dir='ltr'><strong><em>the</em></strong></span> <span class='ocrx_word' id='word_1_331' title='bbox 285 4271 435 4321; x_wconf 83' lang='lat' dir='ltr'><strong><em>Conterenee</em></strong></span> <span class='ocrx_word' id='word_1_332' title='bbox 447 4270 557 4320; x_wconf 82' lang='lat' dir='ltr'><strong><em>between</em></strong></span> <span class='ocrx_word' id='word_1_333' title='bbox 570 4270 587 4320; x_wconf 82' lang='lat' dir='ltr'><strong>J</strong></span> <span class='ocrx_word' id='word_1_334' title='bbox 588 4271 640 4320; x_wconf 88' lang='lat' dir='ltr'><strong><em>ohn</em></strong></span> <span class='ocrx_word' id='word_1_335' title='bbox 682 4287 749 4328; x_wconf 87' lang='lat' dir='ltr'><strong><em>uem.</em></strong></span> <span class='ocrx_word' id='word_1_336' title='bbox 766 4273 832 4336; x_wconf 82' lang='lat' dir='ltr'><strong><em>spud</em></strong></span> <span class='ocrx_word' id='word_1_337' title='bbox 844 4275 888 4324; x_wconf 91' lang='lat' dir='ltr'><strong><em>lib.</em></strong></span> <span class='ocrx_word' id='word_1_338' title='bbox 901 4274 942 4324; x_wconf 90' lang='lat' dir='ltr'><strong><em>eui</em></strong></span> <span class='ocrx_word' id='word_1_339' title='bbox 956 4276 1006 4335; x_wconf 75' lang='lat' dir='ltr'><strong><em>tie,</em></strong></span> <span class='ocrx_word' id='word_1_340' title='bbox 1023 4276 1063 4324; x_wconf 77' lang='lat' dir='ltr'><strong><em>‘A</em></strong></span> <span class='ocrx_word' id='word_1_341' title='bbox 1074 4275 1210 4338; x_wconf 75' lang='lat' dir='ltr'><strong><em>particular</em></strong></span> 
     </span>
     <span class='ocr_line' id='line_1_41' title="bbox 115 4333 1208 4404; baseline 0 -18"><span class='ocrx_word' id='word_1_342' title='bbox 115 4335 250 4387; x_wconf 84' lang='lat' dir='ltr'><strong><em>Rninoldes</em></strong></span> <span class='ocrx_word' id='word_1_343' title='bbox 258 4333 459 4392; x_wconf 71' lang='lat' dir='ltr'><strong><em>sndlohnHurt</em></strong></span> <span class='ocrx_word' id='word_1_344' title='bbox 467 4336 588 4397; x_wconf 83' lang='lat' dir='ltr'><strong><em>toucbiug</em></strong></span> <span class='ocrx_word' id='word_1_345' title='bbox 596 4334 640 4385; x_wconf 88' lang='lat' dir='ltr'><strong><em>the</em></strong></span> <span class='ocrx_word' id='word_1_346' title='bbox 683 4335 858 4397; x_wconf 78' lang='lat' dir='ltr'><strong><em>Deelnrstlon,¹</em></strong></span> <span class='ocrx_word' id='word_1_347' title='bbox 877 4339 920 4387; x_wconf 79' lang='lat' dir='ltr'><strong><em>&amp;e</em></strong></span> <span class='ocrx_word' id='word_1_348' title='bbox 946 4339 986 4402; x_wconf 84' lang='lat' dir='ltr'><strong><em>(ut</em></strong></span> <span class='ocrx_word' id='word_1_349' title='bbox 1007 4354 1090 4403; x_wconf 71' lang='lat' dir='ltr'><strong><em>supra,</em></strong></span> <span class='ocrx_word' id='word_1_350' title='bbox 1112 4354 1137 4404; x_wconf 92' lang='lat' dir='ltr'><strong><em>p.</em></strong></span> <span class='ocrx_word' id='word_1_351' title='bbox 1153 4341 1208 4390; x_wconf 77' lang='lat'><strong><em>440.</em></strong></span> 
     </span>
     <span class='ocr_line' id='line_1_42' title="bbox 116 4398 937 4465; baseline 0 -14"><span class='ocrx_word' id='word_1_352' title='bbox 116 4400 179 4451; x_wconf 77' lang='lat' dir='ltr'><strong><em>bsed</em></strong></span> <span class='ocrx_word' id='word_1_353' title='bbox 191 4399 240 4448; x_wconf 79' lang='lat' dir='ltr'><strong><em>end</em></strong></span> <span class='ocrx_word' id='word_1_354' title='bbox 252 4398 295 4447; x_wconf 80' lang='lat' dir='ltr'><strong><em>the</em></strong></span> <span class='ocrx_word' id='word_1_355' title='bbox 303 4398 368 4448; x_wconf 76' lang='lat' dir='ltr'><strong><em>uisu</em></strong></span> <span class='ocrx_word' id='word_1_356' title='bbox 378 4399 407 4447; x_wconf 85' lang='lat' dir='ltr'><strong><em>ol</em></strong></span> <span class='ocrx_word' id='word_1_357' title='bbox 415 4398 458 4447; x_wconf 85' lang='lat' dir='ltr'><strong><em>the</em></strong></span> <span class='ocrx_word' id='word_1_358' title='bbox 470 4398 578 4458; x_wconf 82' lang='lat' dir='ltr'><strong><em>Oburch,</em></strong></span> <span class='ocrx_word' id='word_1_359' title='bbox 589 4414 638 4450; x_wconf 70' lang='lat' dir='ltr'><strong><em>nn.</em></strong></span> <span class='ocrx_word' id='word_1_360' title='bbox 682 4405 735 4449; x_wconf 74' lang='lat' dir='ltr'><strong><em>not.</em></strong></span> <span class='ocrx_word' id='word_1_361' title='bbox 747 4399 766 4449; x_wconf 54' lang='grc' dir='ltr'><strong><em>ἀ.</em></strong></span> <span class='ocrx_word' id='word_1_362' title='bbox 777 4401 842 4464; x_wconf 77' lang='lat' dir='ltr'><strong><em>sign.</em></strong></span> <span class='ocrx_word' id='word_1_363' title='bbox 855 4402 885 4451; x_wconf 91' lang='lat' dir='ltr'><strong><em>D.</em></strong></span> <span class='ocrx_word' id='word_1_364' title='bbox 898 4402 937 4465; x_wconf 79' lang='lat' dir='ltr'><strong><em>ii]</em></strong></span> 
     </span>
    </p>
   </div>
   <div class='ocr_carea' id='block_1_7' title="bbox 158 4493 953 4545">
    <p class='ocr_par' dir='ltr' id='par_1_9' title="bbox 158 4493 953 4545">
     <span class='ocr_line' id='line_1_43' title="bbox 158 4493 953 4545; baseline -0.003 -15"><span class='ocrx_word' id='word_1_365' title='bbox 158 4493 400 4530; x_wconf 66' lang='lat' dir='ltr'><strong><em>Arnum-uss.</em></strong></span> <span class='ocrx_word' id='word_1_366' title='bbox 914 4499 926 4544; x_wconf 85' lang='lat'>1</span> <span class='ocrx_word' id='word_1_367' title='bbox 941 4500 953 4545; x_wconf 85' lang='lat'>1</span> 
     </span>
    </p>
   </div>
   <div class='ocr_carea' id='block_1_8' title="bbox 0 0 1471 4926">
    <p class='ocr_par' dir='ltr' id='par_1_10' title="bbox 0 0 1471 4926">
     <span class='ocr_line' id='line_1_44' title="bbox 0 0 1471 4926; baseline 0 0"><span class='ocrx_word' id='word_1_368' title='bbox 0 0 1471 4926; x_wconf 95' lang='lat' dir='ltr'><strong><em> </em></strong></span> 
     </span>
    </p>
   </div>
  </div>
 </body>
</html>
