2910 4926
448 271 629 320 nronoenn
650 270 830 320 nmrorvsro.
1129 256 1192 321 107
1304 328 1307 335 ,

93 448 185 505 verae,
203 426 382 510 Septembr.
398 428 447 491 13.
464 449 540 491 ann.
555 429 638 491 1213
657 426 730 510 [leg.
744 426 853 510 1215],
867 423 899 489 ivi
917 424 964 488 ita
977 430 1191 489 asserentem:

97 531 173 594 Cam
191 532 324 593 Comiter
340 535 370 593 et
384 531 526 594 Berones
540 530 663 612 Acplioe
685 528 771 592 nobie
786 530 888 592 devoti
902 534 1012 606 cecant,
1028 534 1193 611 antequam

95 639 363 710 accolanarum
386 640 503 696 terram
525 633 659 695 dominio
682 637 784 695 vactro
806 631 956 713 &abjicere
979 650 1191 694 curaacemca:

95 742 209 799 celano
224 737 258 798 ia
272 756 329 798 noa
343 737 532 818 (specialiter
546 735 585 798 ab
597 736 678 816 laec),
691 736 772 798 meat
780 735 905 817 publice
917 736 1034 813 dicuat,
1045 736 1195 799 violenter

95 841 293 922 imrquntn.
339 838 426 905 Quid
450 838 589 922 quaeris?
634 839 840 920 [coercebant
861 839 1020 917 Proceres,
1047 839 1196 901 violenter

95 942 295 1024 tmurpeoant
317 941 352 1004 in
367 942 528 1019 Jocnaem,
551 940 649 1024 idque
669 941 707 1003 de
724 938 816 1021 facto
838 943 895 1003 hoc
917 941 986 1024 ejus
1008 941 1195 1023 specialiter,

96 1044 192 1128 idque
200 1065 271 1126 pre
285 1066 318 1107 ae
333 1043 483 1127 ferebant
490 1045 626 1126 publice.
657 1046 687 1107 6.
705 1044 928 1108 Reclamatum
944 1052 1052 1107 autem
1068 1044 1197 1107 etiama

99 1148 263 1232 Stephano
285 1149 354 1232 ipso
371 1151 404 1212 S.
422 1150 462 1212 R.
478 1149 517 1212 E.
534 1147 704 1212 Cardinale
714 1160 737 1226 ⁰,
754 1147 911 1230 Cleroque
933 1153 966 1210 et
988 1147 1197 1211 universitate

99 1253 214 1337 Regni.
262 1256 291 1317 7.
317 1252 540 1316 Reclamatum
563 1258 596 1314 et
621 1274 640 1314 a
664 1250 867 1334 Principibus
891 1251 1018 1331 exteris,
1043 1259 1197 1334 tanquam

97 1357 198 1418 errati
214 1357 320 1436 Papa,
337 1356 437 1418 erravi
454 1361 573 1433 autem,
589 1360 698 1417 contra
719 1375 806 1436 quem
827 1360 947 1418 clareat
970 1355 1015 1417 ad
1033 1360 1196 1418 morlcml'.

98 1460 130 1523 8.
147 1459 281 1522 Factum
294 1459 431 1541 denique
442 1456 588 1540 infectam
604 1457 643 1521 ab
654 1459 724 1541 ipso
736 1458 822 1541 Papa
834 1458 954 1540 (notavi
966 1480 1004 1522 er
1015 1458 1197 1541 Eulogioe),

99 1563 128 1627 ei
143 1563 313 1646 quicquam
329 1563 363 1626 id
382 1583 508 1646 qnoque
531 1562 571 1625 ad
592 1583 662 1625 rem
683 1562 834 1645 pertinet.
879 1561 995 1645 Neque
1009 1583 1084 1626 vero
1099 1561 1133 1624 in
1149 1583 1199 1625 re·

97 1687 170 1729 rum
185 1674 302 1730 natura
316 1665 466 1749 Diploma
480 1664 597 1728 illud':
621 1685 726 1747 neque
746 1685 804 1747 per
826 1685 927 1728 annos
946 1665 1016 1748 jam
1036 1671 1198 1728 trecentos

97 1770 149 1833 vel
163 1770 349 1853 homagium
363 1769 548 1853 recognovit
563 1769 643 1851 quis,
659 1767 708 1831 vel
724 1768 852 1831 Maroae
867 1767 1058 1831 numeravit.
1103 1767 1197 1831 Idem

99 1873 161 1938 hoe
177 1874 294 1958 objecit
310 1881 384 1937 ante
398 1874 533 1937 Tortus:
557 1872 643 1936 idern
654 1873 724 1955 jam
739 1871 800 1935 hoc
815 1870 996 1935 cardinalis
1010 1892 1198 1954 responsum

99 1976 227 2041 reserat.

133 2128 200 2191 Ergo
220 2127 272 2178 Rex
292 2129 434 2191 Anglorum
451 2167 457 2179 .
475 2163 481 2177 .
498 2165 504 2178 .
523 2143 573 2179 non
591 2129 671 2179 solam
690 2142 735 2191 per
754 2142 806 2176 non
824 2132 862 2177 eat
880 2127 993 2177 Romano
1010 2126 1136 2188 Pontifici,
1154 2127 1198 2177 aed

166 2212 262 2275 duplici
274 2211 333 2276 jure
352 2210 487 2274 subjectus,
507 2226 557 2262 uno
577 2211 706 2260 communi
724 2210 842 2260 omuibus
863 2209 1014 2260 Christianis
1030 2247 1036 2260 .
1102 2210 1199 2261 ratione

167 2293 319 2356 Apostolicae
330 2293 483 2356 potestatis„
494 2329 514 2342 ..
522 2293 599 2356 juxta
610 2291 673 2341 illud
686 2292 751 2341 Peal.
762 2292 830 2351 xliv„
839 2290 995 2341 ‘constitues
1006 2306 1048 2341 eoa
1058 2291 1202 2355 (Apostolos

167 2373 293 2439 videlieet)
312 2375 442 2438 Principes
458 2390 533 2438 snper
548 2389 650 2425 omnem
667 2374 882 2440 terrem.'—[Bell.
900 2375 974 2438 Apol.
991 2390 1037 2440 pro
1056 2374 1141 2440 Resp]
1158 2389 1200 2439 pp.
1300 2380 1304 2391 '

167 2458 206 2516 28,
219 2458 257 2507 29.
275 2455 341 2521 [ορ.,
351 2461 413 2506 tom.
425 2456 468 2506 vii.
485 2456 531 2507 eol.
545 2456 600 2508 721.
611 2454 653 2520 1.]

147 2585 274 2647 Neutro
285 2582 385 2666 igitur
389 2584 466 2666 jure
480 2581 612 2665 inferior
622 2584 700 2648 Rea.
732 2584 811 2647 Non
826 2584 1014 2666 Apostolicoe
1022 2585 1200 2666 potestatis,
1227 2599 1295 2714 Rreurpn
1295 2597 1365 2714 ,4¹:13i

1168 2687 1175 2700 ·
1225 2680 1240 2714 o

103 2687 196 2769 eujus
210 2686 246 2749 in
261 2687 358 2769 Papa,
374 2706 413 2748 ec
428 2687 504 2767 jure
527 2686 656 2769 quidem
679 2687 793 2764 divino,
809 2687 883 2770 plus
898 2708 964 2750 non
979 2695 1038 2766 eet,
1054 2709 1150 2771 quam
1166 2709 1201 2750 ιιι
1215 2727 1332 2779 Pontifici

102 2789 233 2872 reliquis
249 2789 385 2853 aliorum
402 2789 655 2853 Successoribua.
703 2789 817 2874 Siquid
838 2790 868 2853 ei
891 2791 1027 2874 amplius
1051 2791 1198 2869 accrevit,
1214 2793 1340 2871 cubJ'eetm

103 2892 144 2957 ab
168 2895 300 2955 lemano
318 2894 394 2975 jure
418 2898 473 2956 eet.
520 2892 683 2956 Psalmum
706 2892 834 2976 quidem
856 2892 948 2956 illum
965 2893 1118 2976 intelligit
1132 2859 1351 2987 Au-{ffifffm'

104 2997 251 3080 guntinus
275 2997 315 3060 de
340 2996 538 3081 Episcopis⁸.
583 2998 654 3061 Nec
684 2997 771 3061 enim
795 2996 887 3060 aliter
913 2997 1017 3061 David
1043 2998 1204 3082 Propheta

103 3122 207 3164 verus.
253 3101 332 3164 Non
358 3100 445 3164 enim
467 3100 543 3179 an,
568 3101 742 3186 Episcopoa
766 3101 897 3178 scilieet,
923 3101 1090 3184 Principes
1102 3130 1112 3164 .·
1147 3102 1203 3166 sed

104 3204 198 3282 Eam,
214 3204 404 3268 Pontificem
418 3224 544 3287 nempe,
561 3225 664 3267 unum
679 3204 775 3268 modo
790 3204 971 3286 Principem
986 3204 1203 3269 constituisset

104 3327 197 3387 anper
211 3328 328 3370 omnem
344 3312 470 3386 lavam,
481 3307 508 3369 si
522 3306 625 3370 solum
637 3308 767 3390 Papam,
780 3328 848 3371 non
863 3314 895 3371 et
910 3314 1051 3372 caeteros.
1078 3308 1203 3372 Iterum

105 3430 182 3491 ergo
202 3408 394 3492 multiplicat
417 3409 471 3472 hic
490 3410 593 3492 Papas
609 3409 811 3485 Cardinalis3
838 3409 925 3473 idem
943 3409 1061 3473 iterum
1081 3410 1135 3475 hie
1156 3411 1205 3473 illi

106 3513 252 3595 contigit,
267 3512 302 3575 in
321 3513 494 3575 Coralilaea
516 3533 576 3591 eoa,
593 3512 679 3596 quod
702 3519 788 3592 ante,
814 3512 849 3576 in
868 3512 996 3576 Obedilc
1011 3514 1203 3595 Proepoeitiv.

102 3616 297 3696 'Proepoeitoa
312 3615 358 3679 ibi
372 3615 506 3694 invenit,
518 3615 551 3678 id
568 3623 625 3693 eet,
639 3615 809 3697 Pontifices
817 3618 946 3698 pterea:
971 3618 1138 3699 Principes
1152 3617 1205 3681 hic

110 3718 155 3799 (id
177 3721 238 3801 eet)
256 3718 428 3800 Episcopoe
446 3721 576 3800 pterea:
601 3719 790 3784 Pontificem
806 3720 855 3784 vel
879 3719 1059 3804 Principem
1081 3721 1205 3785 comam

108 3843 200 3885 suum
215 3822 407 3886 inveniendo
422 3843 488 3886 non
505 3828 565 3886 est.

141 4017 152 4039 ¹²
170 4008 251 4074 [Vide
274 4009 376 4072 Rymeri
400 4010 512 4070 Foedera,
537 4013 598 4059 tom.
616 4009 633 4058 i.
710 4020 719 4045 ¹
743 4011 823 4075 [Vide
852 4016 936 4061 autem
961 4011 1064 4075 Bymeri
1092 4012 1206 4073 Foedere,

108 4088 160 4137 par.
173 4075 188 4122 i.
207 4088 231 4136 p.
244 4074 294 4139 ott]
678 4080 739 4125 tom.
758 4077 775 4125 i.
798 4091 849 4140 par.
865 4077 884 4125 i.
907 4092 931 4140 p.
945 4078 984 4127 57.
1010 4079 1055 4127 nbi
1077 4079 1171 4129 citatur
1192 4093 1205 4128 e

142 4147 152 4171 ⁰
170 4138 273 4203 [naeth.
287 4139 364 4189 Paria.
378 4139 445 4189 Hist.
459 4139 518 4203 Mej.
526 4139 553 4188 in
560 4138 577 4188 J
579 4153 634 4188 oen.
679 4140 745 4190 Bibl.
758 4141 858 4190 Cotton
872 4140 940 4191 Nero
952 4142 979 4192 C.
992 4141 1026 4206 2,]

108 4203 141 4252 ad
153 4218 212 4252 ann.
225 4206 295 4253 1213.
312 4219 336 4268 p.
351 4204 417 4268 228]
712 4213 721 4237 ·
737 4206 764 4271 [“
772 4205 858 4255 Patres
869 4206 940 4254 misal
952 4212 1012 4256 ennt
1023 4207 1147 4269 Apostoli,
1160 4221 1206 4269 pro

141 4276 152 4307 ν
170 4268 251 4331 [Vide
273 4269 365 4320 Matlh.
386 4269 464 4318 Paria.
483 4267 551 4317 llist.
572 4268 634 4317 Min.
679 4270 809 4333 apostolia
825 4270 873 4318 filli
893 4271 946 4320 nati
963 4276 1023 4319 eant
1041 4271 1097 4330 tibi,
1116 4273 1205 4321 eonsti-

108 4331 140 4381 ad
157 4348 215 4383 ann.
229 4336 301 4393 1216,
320 4340 349 4383 ut
367 4335 436 4384 ellat.
454 4333 521 4398 apud
537 4333 635 4384 'Fortun
680 4336 731 4384 tuti
746 4339 806 4384 eunt
823 4335 1021 4398 Episcopi.”—S.
1035 4337 1101 4398 Aug.
1117 4335 1205 4385 Enarr.

109 4397 188 4455 Porti,
201 4414 242 4461 pp.
252 4401 307 4449 257.
320 4402 375 4449 258.
394 4398 462 4448 Edit.
475 4397 564 4460 noete]
681 4401 708 4448 in
725 4399 764 4448 Pa.
779 4400 839 4450 xliv.
863 4403 928 4462 132.
952 4400 1007 4464 Op,
1030 4405 1090 4448 tom.
1109 4400 1141 4449 iv.
1160 4401 1206 4450 eol.

142 4472 152 4502 ¹¹
171 4463 283 4527 [Tortor.
296 4464 374 4526 vorti,
391 4464 497 4535 latit]
682 4467 736 4514 tol.
750 4463 788 4528 C.]
