2910 4926
102 711 141 776 [S.
154 710 234 760 Maxi·

99 792 157 826 mus
169 776 230 825 'Pau-

100 841 164 907 rin]

266 263 309 324 54
580 279 624 326 ao
645 279 837 328 caanmams
858 279 1057 327 amnmmm

299 431 324 481 S.
333 432 461 483 Maximus
473 433 501 483 in
509 433 588 483 Scrm.
596 433 627 483 de
638 433 723 498 (laud)
734 434 870 497 S.Agnetc.
878 471 884 483 .
893 471 914 483 ..
925 433 1190 498 ‘Osplcadidarirga
1199 437 1244 482 etc.
1253 431 1368 481 utnostri

330 515 476 564 meminisse
491 515 611 578 digneris,
625 516 716 579 quibus
728 518 860 579 possumus
876 517 992 580 precibus
1003 531 1135 566 exoramus
1142 515 1283 580 ¹¹¹.'-[Bell.
1293 513 1367 576 Apol.

330 612 376 661 pro
387 597 472 662 Resp]
488 613 513 662 p.
526 599 564 649 17.
582 597 649 663 [Op.,
660 604 721 647 tom.
733 599 776 647 vii.
789 598 835 649 col.
848 598 904 649 714.
918 598 945 648 B.
956 598 997 662 C.]

310 705 447 768 Maximi
470 713 578 769 autem
603 706 764 785 Homiliae,
781 713 813 770 ct
835 707 967 790 reliquae
988 707 1054 770 sore
1072 727 1142 790 quac
1158 707 1197 770 de
1212 707 1368 788 Tempore

262 808 307 872 de
324 809 450 873 Sanctis
460 809 739 889 circumferuntur,
750 811 880 873 macinii
891 810 1045 874 faciendae
1059 832 1126 873 non
1142 817 1227 873 sunt.
1261 809 1367 874 Quam

266 912 431 992 enim,ch
453 914 506 977 hic
529 915 608 977 citat
633 914 813 978 Cardinalis
836 914 974 977 Maximi
998 915 1189 989 Homiliam,
1205 913 1368 977 Ambrosii

266 1038 303 1079 ea
319 1016 375 1079 diu
390 1025 479 1093 crat;
499 1017 578 1100 jam,
599 1016 737 1079 Maximi
754 1017 886 1081 fecistis.
933 1017 996 1094 Ita,
1013 1039 1101 1081 nuno
1116 1017 1201 1094 huic,
1217 1038 1305 1079 nunc
1320 1016 1368 1077 illi

266 1120 421 1204 ascriptas
444 1121 532 1204 legas
549 1121 709 1184 Homilias
728 1121 833 1197 hasce,
858 1127 954 1204 prout
973 1121 1063 1184 vobis
1085 1121 1215 1183 titulum
1240 1121 1367 1202 affigere

263 1224 370 1288 libuit.
415 1225 488 1289 Nec
503 1224 582 1287 fides
598 1233 696 1303 corta,
711 1224 768 1288 ubi
783 1232 896 1288 auctor
911 1224 1064 1288 incertus.

296 1360 321 1410 a
341 1361 443 1425 [orca]
469 1361 588 1411 Nazissssz·
611 1362 680 1411 Orat„
703 1362 731 1410 in
747 1360 772 1410 S.
791 1360 907 1424 Cypriam
941 1359 1014 1419 ‘aa’
1030 1360 1122 1423 inquit,
1142 1363 1168 1409 ‘e
1185 1359 1299 1423 supernis
1322 1373 1366 1406 nos

328 1445 432 1507 respice,
443 1448 469 1494 ot
480 1444 601 1508 populum
613 1443 680 1492 hunc
694 1442 815 1493 Sanctum
827 1442 910 1506 dirige
917 1443 943 1492 ¹.’
955 1462 982 1482 =

222 1594 229 1607 ·
308 1552 380 1616 Nec
395 1560 453 1631 cst,
468 1574 571 1636 usque
593 1553 672 1616 adeo
694 1551 824 1636 liquidae
846 1551 920 1614 fidei
943 1550 1043 1614 oratio
1058 1550 1122 1629 ilia,
1144 1573 1240 1633 quam
1263 1551 1365 1628 ail'crt,

150 1656 163 1670 ”
263 1655 473 1720 Nazianzeni.
519 1657 607 1719 Nam
631 1657 702 1740 quis
727 1655 791 1717 fuit
812 1655 867 1718 ille
883 1654 1088 1738 Cyprianus?
1134 1655 1241 1717 Nemo
1263 1653 1366 1730 nobis,

268 1761 339 1843 (nec
351 1759 530 1823 Cardinalis
542 1758 647 1840 credo)
667 1758 790 1822 nodum
802 1756 960 1841 expediet.
998 1759 1061 1835 Ita,
1073 1778 1162 1820 nuno
1172 1757 1264 1837 Afer,
1280 1779 1367 1821 nunc

263 1863 485 1942 Antiocheam,
506 1871 643 1946 uterque,
664 1869 780 1927 neuter.
827 1862 881 1925 Ita
902 1862 1037 1925 fluctuat
1059 1882 1109 1924 res
1126 1868 1203 1939 tota,
1230 1861 1277 1924 ita
1296 1883 1363 1944 per·

263 1967 356 2050 plcxa
378 1968 423 2032 ibi
439 1967 565 2032 omnia:
590 1967 638 2031 Ut
653 1988 720 2030 non
739 1966 833 2029 aliter
847 1985 999 2028 excusare
1014 1986 1083 2027 rem
1098 1965 1200 2049 possit
1216 1964 1331 2028 Billius
1343 1978 1365 2042 ⁰,

265 2093 361 2155 quam
376 2078 414 2135 ut
432 2071 527 2149 dicat,
544 2071 713 2133 caecutiisse
728 2070 772 2132 idi
786 2069 1039 2146 Nazianzenum,
1056 2076 1088 2131 ct
1103 2068 1205 2145 illum,
1222 2089 1279 2150 pro
1295 2068 1364 2144 hoc,

263 2175 351 2238 hunc
376 2196 435 2257 pro
449 2175 505 2238 illo
528 2173 708 2257 sumpsisse.
757 2173 972 2235 decorantem
994 2179 1102 2235 autom
1122 2171 1193 2253 quis
1215 2178 1366 2253 sequatur

263 2277 369 2341 libens
384 2279 399 2339 ?
445 2279 534 2355 Non,
551 2277 636 2360 qnod
650 2276 792 2340 multum
806 2276 842 2338 in
857 2296 896 2339 ea
909 2275 1066 2339 momenti
1082 2275 1125 2338 sit
1140 2282 1268 2336 tamen:
1286 2275 1367 2337 Tota

264 2379 351 2443 enim
366 2401 418 2443 res
438 2380 504 2443 exit
525 2378 571 2443 ibi
593 2380 628 2442 in
643 2379 783 2462 fipuram
797 2380 965 2456 scatentia,
982 2377 1127 2442 Oratoris
1148 2398 1263 2461 nempe
1280 2378 1367 2459 Apo-

264 2485 420 2564 stropheo,
437 2505 504 2547 noa
522 2484 652 2546 Orontis
667 2484 903 2548 Invooalioaem.

300 2646 328 2666 =
340 2624 492 2674 Etibidcm.
505 2663 511 2674 .
523 2625 703 2688 fvirgincm:
716 2624 808 2688 inquit,
820 2623 942 2673 ‘Mariam
954 2624 1059 2686 rogarit,
1069 2627 1097 2673 ut
1108 2623 1264 2687 periclitanti
1273 2625 1368 2687 virgini

331 2722 405 2770 opem
417 2707 637 2771 senecas-[Beli.
649 2706 722 2770 Apol.
735 2721 781 2770 pro
793 2705 880 2769 Bosp]
894 2720 918 2769 p.
931 2707 970 2754 14.
982 2706 1052 2770 [Op.,
1062 2711 1123 2756 tom.
1135 2707 1178 2756 rii.
1190 2707 1235 2756 ool.
1248 2708 1303 2757 712.
1316 2707 1359 2770 B.]

308 2810 354 2870 At
363 2810 471 2889 puello
485 2809 529 2870 ibi
550 2809 708 2890 Verpinem
723 2808 865 2870 Mariam
880 2807 1053 2869 invocabat.
1100 2807 1174 2884 Sed,
1190 2830 1232 2870 an
1247 2808 1368 2871 sactum

266 2911 381 2995 pucllae
406 2914 573 2976 statutum
599 2911 775 2975 Ecclesiae?
820 2912 875 2974 An
897 2932 936 2973 cx
961 2910 1141 2993 puellarum
1165 2911 1268 2990 factis,
1294 2913 1368 2975 fidoi

266 3014 359 3076 nobis
375 3014 502 3096 figenda
517 3014 628 3096 regula
639 3016 710 3077 est?
742 3014 807 3076 Sed
820 3015 900 3076 caim
908 3013 1034 3094 facium
1049 3035 1110 3076 aon
1123 3016 1367 3095 reprehenditur.

269 3102 352 3194 Im0‚
375 3117 460 3180 idem
481 3118 571 3197 illud,
589 3139 662 3181 cum
685 3117 829 3202 ejusdcm
845 3138 940 3179 sexus
955 3117 1065 3179 multae
1080 3117 1232 3195 facerent,
1253 3119 1369 3181 acritcr

267 3220 474 3304 reprehendit
488 3220 689 3304 Epiphanius
705 3220 817 3283 eodem
833 3222 950 3284 sacculo
965 3220 999 3282 in
1015 3220 1274 3304 Collyridianis‘l.

301 3400 317 3422 ¹¹¹
335 3391 369 3456 [‘⁴
381 3391 470 3455 itaquo
493 3392 517 3441 0
533 3391 667 3455 splendida
695 3391 796 3442 Christo
840 3389 958 3440 tiocheao
996 3390 1118 3440 nonnulla
1153 3391 1279 3453 tribuerit,
1314 3408 1369 3455 quas

267 3458 374 3521 pulchra
385 3457 433 3507 Dei
445 3456 553 3518 miraei
561 3457 679 3506 omnibus
692 3457 797 3519 Angelis
840 3456 928 3518 Aphro
939 3455 1152 3520 conveniebant']

268 3528 295 3572 et
313 3522 479 3585 Archangelis
498 3526 577 3584 grais,
594 3528 625 3571 ut
643 3523 731 3580 nostri,
750 3527 796 3570 ctc.
873 3529 884 3559 Ρ
903 3521 996 3584 [Ταῦτα
1014 3522 1052 3569 sul
1069 3521 1142 3570 πλείω
1155 3519 1246 3571 τούτων
1257 3522 1368 3583 ἐπιφημί-

269 3586 294 3636 S.
309 3588 370 3636 Max
390 3588 462 3637 Τοῦτ.
475 3586 551 3636 Hom.
570 3587 602 3636 de
619 3586 644 3636 S.
657 3589 797 3649 Agneie.-
840 3585 922 3648 ζουσα,
946 3587 986 3634 καὶ
1007 3586 1055 3644 τήν
1078 3588 1193 3648 παρθένον
1210 3587 1303 3649 Μαρίου
1322 3590 1369 3635 hcc-

269 3651 326 3701 Bib.
340 3652 408 3701 Max.
424 3651 499 3711 Patr„
510 3656 571 3701 lom.
581 3653 613 3700 vi.
626 3655 696 3715 psi.
710 3650 753 3712 Fa]
839 3650 944 3700 σεόουσο
955 3653 1071 3710 βοηθῆσαι
1079 3650 1185 3712 παρθένῳ
1195 3650 1370 3708 κινδυνευούσῃ,

301 3724 313 3747 '⁴
331 3715 377 3779 [zi
406 3717 430 3765 dl
459 3717 520 3776 ἡμᾶς
545 3716 687 3766 ἐποπτεύων
709 3717 797 3766 ἄνωθεν
838 3718 867 3766 τὸ
882 3717 927 3773 τῆς
945 3717 1056 3773 νηστείας
1071 3717 1111 3765 sai
1125 3714 1253 3776 χαμεονῖας
1267 3715 1370 3776 προβάλ-

267 3782 345 3840 illem,
357 3782 450 3831 καὶτὸν
463 3780 705 3844 ἡμέτερουδιεξάγοις
720 3780 797 3842 λόγον
840 3791 909 3830 herae
928 3779 1116 3841 eripuissem-S.
1130 3780 1205 3842 Greg.
1220 3779 1282 3828 Nar.
1301 3781 1368 3828 Orat.

269 3845 307 3896 καὶ
326 3846 386 3904 βίον,
411 3844 451 3895 καὶ
470 3846 499 3894 τὸ
520 3847 583 3909 ἱερὸν
601 3849 674 3896 τοῦτο
692 3844 798 3904 ποίμνιον
840 3847 911 3895 xviii.
932 3845 960 3892 in
977 3845 1043 3894 laud.
1066 3844 1091 3894 S.
1102 3844 1174 3907 cypr.
1196 3844 1251 3906 Op..
1274 3851 1334 3894 lom.
1352 3845 1368 3893 i.

268 3911 404 3970 ποιμαίνοις,
416 3929 437 3960 κ.
449 3929 472 3958 τ.
485 3910 563 3959 λ.-8.
573 3909 646 3972 Grcg.
656 3909 718 3960 Nan
728 3910 797 3960 Orat.
841 3925 865 3974 p.
875 3912 929 3960 279.
944 3909 986 3973 D.]

268 3975 340 4026 xviii.
363 3976 391 4023 in
411 3974 477 4025 laud.
496 3974 521 4023 S.
538 3975 612 4038 cypr.
629 3975 685 4039 Op„
703 3979 764 4025 tom.
780 3976 797 4024 i.
876 3984 887 4015 ‘¹
906 3972 1281 4039 [xhrdnsydpdurrrhaedmrai
1292 3977 1371 4035 γραῶν

268 4054 293 4104 p.
307 4042 363 4089 286.
376 4038 418 4102 ih]
842 4042 945 4104 ὀμῦθος,
963 4044 994 4090 uis
1006 4040 1086 4097 εἰπεῖν,
1101 4043 1145 4097 τῆς
1156 4036 1268 4101 αἱρέσεως
1279 4041 1308 4088 τὸ
1320 4040 1372 4097 διή-

301 4114 313 4137 ⁰
332 4104 412 4169 [Vide
431 4103 537 4153 Billium
556 4105 583 4153 in
604 4107 672 4154 Orat.
685 4105 755 4154 xviii.
775 4105 800 4154 S.
843 4102 1021 4168 γημοΊοίοδέ
1032 4105 1160 4168 τιςγροφὴ
1174 4103 1369 4168 διηηοὶσατοπερὶ

270 4170 344 4231 (drag.
354 4169 416 4219 Naz-
427 4170 491 4232 (Op,
504 4175 565 4218 tom.
573 4171 601 4218 ii.
613 4171 658 4218 col.
667 4173 724 4229 686,
733 4170 801 4283 6873
843 4169 942 4228 τούτους
959 4172 1025 4221 ποῖος
1040 4173 1172 4231 Προφητῶν
1188 4169 1320 4231 ἐπέτρεψεν
1334 4170 1372 4218 ἄν·

269 4235 314 4298 qui
329 4249 383 4284 rem
401 4239 482 4283 lartum
495 4235 530 4284 ila
542 4234 686 4292 concludit3
707 4235 783 4284 “liiii
845 4242 935 4300 θρωπον
951 4237 1138 4300 προσκυνεῖσθαι,
1158 4237 1186 4283 οὐ
1203 4236 1251 4295 μὴν
1270 4238 1373 4295 γυναῖκα

271 4299 392 4357 dicemus,
403 4299 459 4348 fieri
470 4299 573 4350 fumasse
585 4300 800 4362 patrissant...
845 4301 944 4362 λέγεινς
973 4300 1093 4362 ἐξαίρετον
1118 4299 1163 4361 μὲν
1190 4299 1237 4362 ’γάρ
1264 4302 1318 4349 ἐστι
1342 4302 1371 4348 τὸ

270 4363 406 4427 Gregorius
416 4365 445 4413 in
455 4363 552 4413 duobus
563 4364 675 4428 ejusdem
691 4366 802 4414 nominis
847 4368 940 4426 σκεῦος,
951 4365 1016 4415 ἀλλὰ
1027 4363 1097 4424 γονὴ,
1108 4366 1148 4413 καὶ
1160 4363 1228 4413 οὐδὲν
1243 4368 1289 4424 τὴν
1300 4365 1373 4426 φύσιν

271 4430 341 4487 viris,
358 4427 547 4491 multarumque
574 4429 801 4493 pulcherrimarum
844 4431 1041 4495 παρηλλαγμένη,
1052 4429 1099 4488 τὴν
1110 4429 1135 4479 δὲ
1151 4428 1255 4490 γνώμην,
1273 4431 1312 4478 καὶ
1327 4431 1374 4488 τὴν

271 4506 353 4543 rerum
382 4495 552 4544 similitudine
573 4494 723 4557 conjunctim
746 4496 799 4544 An·
844 4500 955 4557 αἴσθησιν
963 4500 989 4546 ἓν
999 4494 1371 4561 τιμῇτετιμημίνη.-8.Ερίρῑι.
