2910 4926
442 283 623 332 uroroorun
645 283 826 333 nmroumo
1117 267 1181 329 483

82 448 160 516 erat,
184 440 302 503 Rhetor
325 446 393 503 erat
416 439 531 522 potius,
559 460 655 522 quam
674 440 851 521 lleolopue.
896 439 968 501 Nec
995 439 1180 519 disputatio·

81 562 153 604 nam
167 542 241 605 finis
256 543 345 605 alius.
379 543 472 619 Cum,
488 561 585 623 quam
599 541 645 605 ibi
659 542 767 605 nullus
782 548 874 618 esset,
891 541 1036 604 viderent
1051 562 1176 605 omnes:

79 650 151 707 tum
166 645 297 708 demum
311 645 374 708 alia
388 666 439 708 res
455 643 507 726 agi
518 644 624 727 coepit,
637 652 733 727 atque
749 643 788 707 de
796 643 977 724 proditione
987 644 1057 726 ejus
1067 642 1189 706 haberi¹

81 747 224 827 quaeutio,
240 747 326 830 quod
348 747 431 811 viam
454 747 574 811 scilicet
596 747 752 810 invasioni
766 746 884 809 futurae
899 753 1064 823 sterneret,
1081 754 1177 829 atque

80 849 121 910 ad
144 870 194 913 reu
216 871 316 914 novas
337 850 540 915 subditorum
566 850 690 914 animos
714 848 909 926 sollicitaret,
928 849 1077 932 quodque
1092 850 1178 913 Con·

80 951 191 1013 ventui
214 973 287 1015 eum
310 952 345 1015 in
365 953 464 1016 finem
485 952 608 1028 habito,
623 952 659 1015 in
673 951 894 1015 transmarinis
909 950 1062 1034 partibus,
1078 951 1176 1014 inter·
1234 940 1298 999 350

79 1051 201 1116 fuisset.
241 1055 340 1137 Cujus
354 1055 407 1118 ille
421 1055 567 1138 legitimo
586 1054 708 1137 judicio
723 1056 879 1117 convictae
894 1052 978 1117 esth:
1003 1054 1037 1117 in
1052 1075 1115 1137 quo
1130 1054 1178 1117 nil

79 1153 120 1216 de
133 1157 289 1233 heretica,
304 1163 434 1220 tantum
449 1156 488 1221 de
503 1157 684 1239 proditoria
700 1158 862 1238 pravitate
877 1157 1045 1240 quaeaitum
1060 1160 1118 1220 eat.

111 1355 192 1405 Vidi.
206 1391 212 1404 .
223 1392 230 1406 .
242 1358 437 1420 responsionem,
456 1372 505 1420 qua
521 1358 638 1408 Aetionis
650 1395 656 1407 .
668 1394 674 1407 .
686 1394 692 1407 .
705 1357 837 1408 mendacia
853 1356 1013 1420 deteguntur,
1030 1363 1057 1408 et
1071 1358 1131 1408 inde
1149 1360 1177 1407 iu

144 1438 270 1487 sententia
280 1438 442 1489 confirmatur
454 1454 518 1499 aum,
536 1476 542 1488 .
554 1475 560 1490 .
572 1476 579 1488 .
590 1453 643 1490 non
653 1440 729 1489 fuisse
740 1440 793 1490 ullo
804 1440 920 1502 legitimo
926 1438 1024 1501 judicio
1035 1439 1176 1503 probatum,

145 1517 316 1581 proditionem
332 1519 500 1583 pulverariam
520 1519 570 1569 ulia
585 1521 636 1581 ria,
652 1535 728 1583 quam
747 1519 940 1570 Sacramentum
958 1520 1127 1579 consessionis,
1143 1519 1177 1569 ad

144 1597 295 1649 (lametturu
313 1598 483 1664 [per]veniese,
500 1599 567 1662 quod
584 1601 638 1664 ipae
658 1605 684 1649 et
703 1601 731 1649 iu
744 1599 851 1663 judicio,
871 1603 896 1649 et
913 1600 944 1650 ad
963 1600 1105 1663 patibulum
1121 1614 1176 1649 con·

141 1680 219 1729 fessus
230 1680 383 1744 eat-[Bell.
396 1681 469 1744 Apol.
480 1695 526 1744 pro
537 1681 622 1746 Resp]
632 1696 657 1745 p.
669 1683 725 1731 206.
744 1680 815 1745 [Op.,
830 1685 892 1730 tem.
902 1681 946 1730 vii.
962 1681 1007 1730 col.
1020 1682 1075 1730 820.
1088 1679 1128 1744 B.]

120 1785 173 1849 Ad
188 1786 536 1870 Decimumquintumi.
581 1789 783 1851 Mendacium
798 1788 859 1851 hoo
873 1810 939 1852 non
955 1788 1049 1851 aliter
1061 1787 1176 1852 Cardi·
1190 1796 1262 1863 [(15.)
1275 1798 1314 1848 De

77 1888 159 1951 nalis
174 1889 262 1967 eluit,
280 1912 375 1973 quam
390 1889 476 1973 quod
491 1889 585 1968 dicat,
602 1891 687 1955 nolle
702 1911 735 1953 se
751 1891 876 1954 veritati
891 1891 1029 1969 credere,
1046 1891 1126 1955 velle
1142 1913 1175 1955 ac
1188 1862 1307 1992 ffiffi

78 1989 113 2052 in
127 1992 286 2054 mendacio
301 1991 470 2072 obfirmari.
515 1992 616 2056 Malle
639 2014 671 2056 se
694 1993 792 2056 Siculi
814 1992 979 2076 cujusdam
994 1992 1090 2076 nugis
1109 1994 1174 2076 (qui
1187 1992 1322 2067 niqpulva

76 2098 147 2156 tota
162 2092 201 2158 de
215 2115 250 2158 re
265 2095 347 2157 nihil
369 2095 449 2159 scire
471 2095 587 2177 potuit,
603 2095 685 2158 nihil
700 2094 845 2173 seribere,
861 2080 1073 2178 praeterquam
1089 2095 1174 2179 quod
1187 2070 1328 2196 {iffi}

78 2215 117 2259 ex
145 2196 286 2259 mendaci
315 2196 490 2280 transfugae
519 2197 654 2279 alicujus
684 2197 839 2261 relatione
872 2197 1046 2280 acceperat)
1077 2220 1120 2281 qu

80 2297 226 2360 Garnetti
240 2300 339 2380 ipeine
353 2301 567 2381 Autoprapho.
601 2298 694 2362 Nihil
709 2299 796 2362 enim
810 2297 846 2361 in
861 2297 1053 2379 Praesatimee
1068 2300 1173 2381 Repia,

76 2399 158 2462 nihil
180 2401 215 2463 in
237 2401 315 2464 libro
334 2399 488 2478 cmitak,
504 2400 589 2483 quod
611 2423 677 2464 non
696 2400 795 2484 ipsius
818 2422 917 2465 manu
940 2400 1078 2465 habetur
1099 2422 1175 2465 con-

77 2501 250 2584 signatum.
285 2505 328 2565 1⁰.
348 2502 422 2565 Non
441 2523 534 2584 pocae
555 2523 588 2565 ae
607 2523 669 2584 pro
696 2508 779 2566 certo
803 2503 969 2586 affirmare,
989 2497 1176 2566 Greeawello

77 2605 213 2666 animam
234 2602 340 2686 filinae
363 2611 437 2683 tum,
463 2626 500 2667 eo
526 2625 592 2687 que
618 2605 780 2682 narrabat,
807 2605 863 2667 eal
884 2602 1079 2686 Confessioae
1102 2625 1176 2667 nur-

76 2707 172 2768 rende'
186 2705 205 2771 ¹.
253 2707 328 2771 Alia
356 2729 433 2790 ergo
462 2708 523 2786 via,
553 2729 650 2790 quam
682 2707 929 2771 sacramentalis
959 2706 1175 2770 confessionis.

77 2811 121 2872 2⁰.
144 2809 218 2871 Non
236 2810 273 2871 id
290 2807 539 2891 conscacam‘eibi
562 2811 791 2888 Greenwellum,
812 2815 848 2871 at
864 2816 1048 2890 peccatum,-
1071 2830 1176 2872 verum

77 2912 273 2974 ementiendi
284 2914 392 2994 pratia
400 2922 435 2974 n¹:
459 2934 525 2976 non
545 2934 622 2995 ergo
641 2912 700 2975 sub
716 2910 946 2976 sacramentali
968 2910 1174 2975 consessione.
1286 2931 1289 2935 ·

76 3014 120 3077 3⁰.
145 3014 302 3078 Praeeente
317 3017 409 3078 tertio
430 3016 601 3097 (Catiabeio
613 3015 758 3094 scilicet)
773 3015 855 3076 idem
870 3015 927 3076 icoc
933 3012 1067 3094 saetam,
1084 3015 1176 3095 idque

76 3116 215 3178 canalio
225 3115 302 3196 fine,
319 3137 410 3197 quam
424 3122 460 3178 ut
471 3116 558 3178 ambo
574 3117 735 3178 inscelere
750 3116 1030 3197 confirmarentur-¹¹.
1075 3116 1178 3177 Extra

79 3217 322 3280 Sacramentum
337 3218 446 3301 igitur.
470 3223 515 3280 4⁰.
533 3219 684 3281 Peccacee
698 3236 740 3293 ee,
753 3217 843 3298 quod,
854 3236 920 3297 qtae
934 3217 995 3278 cibi
1009 3223 1175 3296 comperta,

77 3320 232 3382 celassem
278 3323 321 3382 5⁰.
344 3321 394 3383 Ae
410 3320 492 3401 quaed
505 3341 566 3383 non
581 3320 762 3401 aperuisset,
777 3319 952 3399 juatieeime
967 3319 1174 3381 damnatumu.

77 3422 120 3483 6⁰.
144 3421 233 3484 Male
246 3422 307 3483 eibi
322 3424 477 3485 eandum
496 3420 609 3503 senae,
626 3441 665 3484 ac
681 3441 744 3503 per
765 3423 822 3483 hoe
839 3422 873 3483 in
887 3421 1001 3502 Repem
1017 3440 1174 3502 pecccare,

77 3524 318 3604 suppliciterque
332 3526 453 3587 venium
464 3531 573 3606 petere
584 3537 608 3588 a.
654 3523 771 3601 Quare,
787 3544 854 3587 non
869 3520 929 3585 sub
945 3523 1068 3605 Sigillo.
1113 3523 1177 3585 Illa

78 3625 166 3688 enim
181 3625 294 3702 celare,
310 3633 477 3709 peccatum
499 3627 636 3704 nullum,
653 3633 761 3709 atque,
776 3624 809 3688 id
832 3625 887 3707 qui
910 3624 1015 3702 faeiat,
1037 3626 1127 3687 venia
1146 3625 1176 3687 ai

78 3823 107 3857 or
120 3808 204 3858 radiet
221 3808 319 3872 private
336 3809 493 3869 conferenoe,
514 3809 565 3860 had
577 3810 606 3859 iu
652 3825 676 3875 p.
689 3808 759 3872 ua]

79 3873 123 3922 the
130 3872 215 3922 'lower
222 3873 250 3923 ol
254 3872 359 3923 noanon
366 3874 605 3938 withllclcampion
685 3872 691 3904 ¹
714 3873 792 3938 [Vide
809 3871 888 3922 Henr.
905 3871 1009 3923 Gameti
1026 3874 1131 3935 Autogr.
1142 3871 1174 3922 ad

78 3935 183 3995 Jeauite,
196 3937 245 3985 &c'
265 3937 343 3986 bend.
357 3938 441 4001 losa]
652 3936 712 3999 Reg.
722 3937 772 4002 Ap.
784 3939 815 3992 6.,
830 3940 859 3986 ut
875 3937 945 3986 citat.
957 3936 1023 4000 apud
1041 3937 1174 3986 'lorturam

12 4025 15 4032 ·
111 3999 374 4064 h[ExututActiouis
392 4002 420 4050 in
438 4002 498 4051 Cam
517 4003 604 4051 iaunm
651 4001 723 4051 l'orti
744 4016 768 4064 p.
786 4002 841 4051 28⁵.
874 3999 953 4050 Loud.
973 4004 1042 4051 1669.
1066 4001 1102 4064 (p.
1119 4002 1173 4051 347.

79 4064 154 4127 plena
178 4066 288 4114 uenatio
311 4067 339 4114 in
359 4065 432 4115 MSS.
452 4017 522 4116 llari.
543 4066 603 4116 Cod.
649 4065 709 4114 edit
721 4064 821 4132 nostrl]

80 4127 281 4192 6666666226]
680 4137 698 4160 “
730 4126 1141 4191 Aetion.inGarnetum.p.110.]

111 4191 117 4222 ¹
141 4192 222 4255 [Vide
231 4193 349 4256 Rcepcnu
360 4193 439 4253 l'orti,
451 4208 474 4257 p.
484 4196 523 4244 65.
535 4193 604 4243 Edit.
681 4201 693 4224 ¹¹
734 4192 785 4244 bid.
796 4193 829 4242 ad
840 4193 883 4243 lin
896 4194 925 4243 in
936 4192 1072 4256 Supplicia
1085 4206 1109 4255 p.
1119 4191 1155 4254 6.]

80 4254 170 4311 Polla:
198 4261 225 4305 et
247 4256 309 4307 Bell.
335 4256 391 4322 0p.,
412 4262 472 4308 tona
491 4259 535 4308 vii.
558 4257 604 4308 col.
682 4266 693 4290 ⁰
722 4256 858 4334 lbid.p.2

80 4318 497 4449 essff'ffiiminsllorthamptoniae
508 4400 549 4443 ue,
562 4386 606 4448 qul
681 4331 693 4425 i
721 4320 855 4450 iiiii&

80 4446 187 4497 habetur
203 4448 271 4511 apud
289 4450 391 4500 Action.
410 4451 439 4499 iu
459 4449 604 4500 Gametum.

840 4532 916 4593 112
