2910 4926
263 271 305 336 78
576 290 621 337 an
642 289 832 339 exsomnis
853 290 1053 339 nannenus

260 442 338 526 ejus,
356 441 441 525 quod
456 443 606 508 omuibus
621 447 767 528 praestari
782 446 888 526 debet,
904 449 1038 510 ananiam
1052 468 1119 511 non
1133 456 1249 530 putent
1263 449 1362 512 iuter-

259 566 339 609 esse.
400 547 523 611 Vident
552 546 592 611 de
618 550 741 627 vestris,
765 550 867 629 inviti,
894 551 991 615 etiam
1022 551 1077 633 qui
1107 551 1223 614 nolunt
1246 552 1361 632 vidore,

259 668 445 712 commanem
459 650 512 713 hic
527 671 655 715 causam
667 652 738 735 agi;
758 653 942 736 scripturos,
954 674 1024 736 quae
1035 675 1094 716 nos
1105 654 1174 737 jam
1185 654 1362 734 scribimus,

258 751 409 831 facturos,
432 753 517 837 quod
532 756 698 835 proximas
717 755 794 819 fecit
819 754 997 838 occupati,
1017 757 1074 820 ubi
1093 777 1150 819 aaa
1172 777 1223 820 rea
1243 764 1361 840 agatur,

258 858 450 936 comperies
466 858 587 920 ardebit
593 855 617 922 ¹‘.

95 953 246 1033 [intimato
302 959 426 1022 Verum
449 982 516 1023 non
539 962 630 1023 anias
650 962 827 1023 Jaromaati
849 982 900 1025 res
923 968 989 1038 est;
1014 962 1121 1026 dolose
1144 962 1179 1026 id
1202 963 1324 1027 dictum
1345 987 1363 1027 a

94 1018 234 1133 :mill
259 1061 446 1128 Cardinale:
481 1071 614 1127 suntet
638 1072 728 1128 extra
750 1065 972 1147 juramentum
999 1066 1061 1128 alia
1083 1066 1145 1145 hic,
1171 1075 1204 1130 et
1233 1066 1362 1149 quidem

95 1147 201 1212 mlh]
258 1166 371 1243 multa,
402 1168 531 1245 Caesari,
562 1168 767 1251 Regibusque
804 1188 878 1231 cum
914 1169 999 1250 Repe
1034 1178 1144 1232 nostro
1180 1171 1360 1232 cerimonia.

260 1269 405 1332 Penitius
434 1271 534 1354 igitur
563 1269 717 1334 doctrinae
746 1271 844 1354 hujus
874 1271 972 1355 adyta
994 1271 1260 1354 introspiciamus,
1287 1280 1319 1335 et
1343 1295 1363 1336 a

260 1371 428 1436 Cardinale
450 1382 677 1457 percontemur
685 1398 694 1451 3
727 1373 866 1439 Quodsi
891 1374 988 1457 (quod
1007 1396 1112 1458 nuper
1126 1375 1271 1438 Venetiis
1289 1384 1361 1439 ten-

258 1475 349 1557 tavit)
366 1476 480 1559 jubeat
496 1476 645 1540 Pontifex
659 1477 749 1559 refigi
764 1479 853 1558 leges,
870 1477 986 1540 disnitti
1003 1479 1166 1560 maleficos,
1183 1499 1242 1542 nec
1257 1479 1292 1540 in
1307 1499 1360 1542 eos

259 1578 468 1643 animadverti
489 1580 597 1643 sinat?
621 1586 791 1643 tantumne
807 1600 845 1642 ea
862 1601 913 1643 res
928 1581 1050 1662 Regem
1072 1580 1249 1643 Britanniae
1264 1581 1360 1644 attiu-

259 1680 330 1762 git?
351 1682 433 1745 nihil
449 1684 617 1761 Caesarem,
629 1682 712 1745 nihil
724 1683 829 1766 Reges
840 1683 1004 1766 reliquos?
1028 1684 1110 1748 Quae
1120 1685 1215 1746 vestri
1226 1685 1362 1746 morines

259 1785 378 1866 passim
388 1785 458 1869 jam
472 1787 662 1868 scriptitant,
676 1789 747 1867 (nec
762 1807 816 1850 eos
832 1786 982 1850 Pontifex
996 1787 1179 1869 compescit)
1201 1787 1315 1869 quibus
1328 1787 1362 1850 id

259 1887 374 1968 agitur,
396 1895 434 1951 ut
456 1909 609 1972 caespes
632 1888 742 1952 orbem
764 1895 932 1967 terrarum,
953 1889 1102 1971 idemque
1125 1910 1268 1968 motinus,
1288 1910 1361 1952 cum

258 1989 445 2071 Hierarcha,
462 2000 533 2055 tum
548 1992 724 2055 Monarclta
740 1993 791 2070 sit,
809 1992 864 2074 qui
878 1991 1036 2055 directum
1050 1992 1228 2055 dominium
1245 1992 1362 2056 habeat

259 2092 294 2154 in
316 2094 417 2176 Reges
438 2095 603 2159 universos
628 2102 661 2159 ct
687 2097 817 2179 Regna:
849 2095 955 2174 Quod,
976 2094 1143 2176 vectigalia
1161 2095 1231 2178 jam
1253 2095 1301 2157 illi
1321 2095 1361 2158 de

255 2197 329 2280 jure
352 2198 417 2260 sint
438 2199 546 2262 omnia
569 2200 682 2282 Regna
701 2219 759 2281 per
782 2199 955 2281 Europam,
974 2198 1148 2279 (Steuchus
1169 2197 1230 2260 hoc
1257 2198 1333 2261 olim
1343 2197 1360 2277 ¹,

259 2322 363 2384 nuper
377 2303 517 2365 Martam
532 2323 600 2365 cum
610 2302 776 2386 privilegio
790 2301 967 2379 Pontificis,
978 2299 1047 2364 orbi
1062 2299 1270 2383 spectandum
1287 2322 1360 2383 pro-

259 2405 377 2486 posuit)
397 2412 494 2487 atque
513 2405 568 2483 ita,
587 2405 743 2489 primatus
760 2404 933 2485 Apostolici
953 2409 1118 2487 praetextu,
1140 2403 1360 2466 Monarchiani

259 2505 320 2569 sibi
334 2527 371 2569 ae
385 2507 525 2589 Regem
540 2508 578 2571 de
592 2509 649 2570 boc
664 2508 798 2570 standon
812 2505 972 2584 moliatur,
985 2505 1070 2589 qaod
1085 2512 1117 2568 et
1133 2513 1208 2569 autc
1224 2513 1298 2584 stet,
1315 2514 1358 2584 et,

258 2609 322 2671 nisi
333 2616 418 2686 ante,
431 2618 543 2673 contra
558 2617 621 2674 stet
637 2611 758 2694 Regnis
772 2609 901 2692 reliquis
913 2630 932 2671 a
944 2610 1014 2673 Deo
1029 2608 1230 2673 constitutis:
1253 2609 1358 2688 Quod,

259 2712 457 2794 spiritualem
477 2720 668 2796 potestatem
683 2720 795 2791 totam,
811 2712 994 2795 temporalis
1013 2712 1111 2775 ctiam
1133 2719 1257 2794 partem
1272 2733 1358 2775 sum-

257 2835 345 2877 mam
369 2815 585 2899 optimamque
607 2816 754 2880 invadat:
778 2836 838 2879 nce
855 2815 891 2878 iu
907 2814 1003 2878 rebus
1025 2814 1122 2879 modo
1140 2814 1358 2897 spiritualibus

257 2939 407 3000 personas
438 2921 574 3003 Regum,
599 2920 654 2984 scd
684 2928 775 2983 extra
802 2919 884 2997 illas,
914 2920 998 3002 ipsas
1027 2940 1153 3002 quoque
1181 2926 1357 3001 potestates

259 3022 396 3104 Regum,
421 3024 482 3086 sibi
505 3023 662 3108 subjiciat,
687 3024 782 3107 idque
808 3022 842 3085 in
868 3022 1115 3105 temporalibus:
1141 3021 1247 3099 Quod,
1268 3023 1356 3084 Aac·

256 3125 440 3206 baptismam
469 3127 559 3209 quasi
584 3147 704 3190 novum
727 3126 920 3204 introducat,
945 3146 1002 3209 per
1032 3125 1182 3206 Regnum
1206 3126 1357 3188 Ecclesiae

257 3229 429 3311 spirituale,
457 3231 572 3312 Regna
600 3237 728 3294 terrena
756 3229 957 3306 enervand03
985 3230 1060 3312 jura
1086 3249 1206 3306 eorum,
1235 3230 1359 3311 Magis-

255 3337 370 3410 tratus,
390 3331 454 3393 vim
473 3353 603 3395 omnem
624 3331 771 3414 denique,
795 3330 852 3394 ubi
874 3329 1011 3407 videtur,
1031 3328 1178 3393 elidendo
1188 3355 1197 3407 3
1227 3331 1358 3412 reliquae

256 3457 367 3499 omues
390 3443 428 3499 ut
453 3418 592 3520 jaccant,
621 3437 689 3499 sola
713 3444 826 3518 regnet
852 3435 970 3517 ubique
999 3442 1141 3516 potestas
1168 3435 1354 3498 Pontificio:

248 3541 420 3620 propriane
439 3540 508 3603 haec
526 3540 624 3622 Regis
643 3539 768 3602 nostri?
791 3539 911 3602 Nonne
932 3538 1102 3600 commonia
1121 3545 1196 3599 sunt
1214 3538 1356 3617 Casa-ris,

253 3650 286 3704 ct
302 3644 484 3723 Principum
500 3642 720 3727 reliquorum?

89 3740 131 3803 [in
142 3742 228 3819 reguis
297 3745 401 3822 Quod,
417 3753 587 3828 postquam
601 3747 802 3808 Dictaturam
817 3743 937 3807 diutius
957 3743 1027 3827 jam
1042 3764 1152 3826 gerere
1167 3764 1233 3806 non
1249 3751 1355 3825 potest

89 3805 237 3870 mmm]
252 3848 399 3910 Pontifex
410 3874 419 3924 ;
450 3848 602 3910 Tribunos
625 3848 699 3910 fiat:
727 3868 787 3909 nce
805 3848 910 3929 Reges
934 3867 953 3907 a
976 3846 1047 3909 Deo
1071 3845 1138 3908 solo
1160 3852 1354 3928 potestatem

251 3971 341 4011 suam
361 3949 489 4028 habere,
506 3951 570 4028 sed,
586 3950 693 4013 nescio
710 3949 796 4033 quid,
813 3948 853 4011 de
873 3947 998 4030 plebeia
1015 3953 1174 4030 potestate
1195 3947 1353 4010 habituali

251 4053 378 4128 mutire,
404 4060 500 4136 atque
526 4054 573 4116 ite
598 4054 752 4136 populum
779 4073 852 4114 cum
880 4052 968 4133 Rege
995 4051 1212 4114 committere:
1247 4051 1351 4128 Quod,

250 4176 321 4238 quae
336 4157 502 4218 successisti
518 4157 600 4239 juris
619 4163 695 4219 sunt
717 4157 839 4237 Regna,
855 4155 988 4218 electiva
1001 4153 1139 4217 faciendi
1159 4162 1352 4237 potestatem

282 4306 287 4338 ¹
312 4307 392 4370 [Vide
403 4308 477 4370 Virg.
490 4307 544 4357 AEn.
557 4308 584 4356 ii.
596 4308 666 4371 ala]
819 4308 846 4356 ii.
857 4306 911 4370 Op..
922 4311 981 4355 tom.
990 4306 1026 4355 iii.
1036 4321 1060 4369 p.
1071 4305 1349 4368 236.F.Venet.1591.]

282 4371 292 4402 '¹
310 4371 390 4436 [Vide
403 4372 491 4421 Horat.
503 4372 584 4435 Epist.
597 4374 614 4422 i.
627 4375 664 4421 18.
678 4371 730 4434 8t.]
852 4381 869 4402 ¹¹¹
882 4372 934 4435 [De
945 4370 1040 4419 Jurisd.
1058 4385 1110 4433 par.
1123 4371 1139 4419 i.
1158 4385 1210 4434 cap.
1223 4374 1260 4421 18.
1274 4386 1297 4434 p.
1311 4374 1350 4423 37.

280 4435 286 4466 ¹
304 4436 381 4500 [Vide
393 4439 458 4498 Aug.
471 4436 569 4485 Steuch.
582 4436 678 4498 llugnb.
691 4442 778 4485 contra
821 4437 901 4486 Arcu.
914 4434 1000 4496 ulla]

247 4500 776 4552 Laurentl'ullamchonat.Couetant.lib.
853 4509 865 4532 ²¹
883 4499 963 4565 [Vide
974 4499 988 4548 J
993 4514 1047 4549 ean.
1060 4499 1132 4549 xviii.
1144 4500 1195 4564 tta]
