2880 4928
246 241 290 305 46
563 256 607 306 nu
627 256 820 306 aremulus
840 257 1040 307 ammnunu

245 414 339 498 pauci
353 419 440 492 suut,
453 412 569 497 quibus
584 413 638 478 hic
653 413 796 498 suffragii
806 415 861 499 jus
876 422 936 493 est,
952 436 972 480 a
986 415 1157 482 Cardinule
1172 420 1346 500 praeteriti:

247 518 373 602 quibus,
397 538 491 581 annm
516 517 569 583 hio
592 519 730 582 unimam
751 539 818 583 non
840 519 951 599 fiiiase,
976 519 1033 584 sed
1054 520 1129 584 iisse
1151 541 1205 586 eos
1227 522 1263 585 in
1284 522 1348 584 alia

246 624 363 702 omnia,
379 623 467 706 legas
482 623 533 688 vel
547 623 634 708 apud
648 622 852 688 cardinalem
867 622 998 708 ipsumf.

290 731 321 791 5.
345 727 396 791 Da
416 727 468 805 iis,
488 746 554 808 qne
574 727 618 788 ed
638 727 771 790 salntem
792 729 978 806 necessaria,
1000 727 1099 791 verba
1117 727 1215 811 Regis
1238 736 1345 791 suntss:

175 833 183 857 ’
246 853 318 916 quae
339 851 413 895 vero
437 829 617 896 cardinalis
647 829 790 909 adduxit,
811 833 948 912 privates
968 832 1139 895 denotionis
1164 832 1306 914 obsequio
1330 852 1349 895 a

246 934 438 1019 quibusdam
452 933 558 997 facta:
584 933 713 1015 publiea
740 935 889 999 Ecclesioe
913 935 1068 1015 doctrine,
1086 925 1141 1000 'vel
1165 937 1349 998 necessitate

244 1039 310 1101 nite
324 1035 472 1102 facienda
486 1036 526 1100 ab
541 1035 691 1100 omnibus
712 1059 780 1102 non
804 1045 1039 1122 proponuntur.
1085 1038 1233 1102 Multum
1248 1040 1347 1102 inter-

245 1150 305 1221 est,
322 1141 463 1206 animine
485 1139 599 1205 ardore
621 1140 774 1225 abreptus
795 1142 868 1226 quis
887 1164 956 1206 rem
978 1143 1086 1221 faciat,
1105 1145 1169 1227 (cui
1186 1143 1348 1226 indulgeri

244 1247 362 1332 potest)
391 1267 443 1325 an,
468 1246 558 1329 quasi
580 1245 615 1310 id
636 1247 666 1311 ei
692 1247 732 1331 (si
757 1248 862 1313 salvus
887 1269 955 1312 esse
981 1248 1079 1331 velit)
1105 1250 1277 1313 necessario
1305 1249 1347 1311 sit

244 1349 437 1414 faciendum.
482 1349 554 1412 Nec
577 1348 664 1413 enim
690 1350 735 1430 id,
762 1350 801 1414 de
824 1350 938 1416 vestris
968 1351 1085 1436 (credo)
1109 1352 1278 1436 quisquam
1302 1352 1351 1425 ita,

244 1453 385 1518 frontem
400 1450 594 1537 perfricabit,
610 1463 648 1516 ut
663 1454 810 1534 affirmet,
826 1463 894 1519 tam
909 1455 978 1519 haec
998 1458 1173 1520 necessaria
1189 1477 1258 1520 esse
1267 1483 1277 1533 ;
1300 1464 1347 1534 ut,

245 1557 301 1641 qui
316 1555 468 1641 quotidie,
484 1556 606 1636 sedulo,
624 1558 731 1623 Deum
745 1581 803 1644 per
817 1560 985 1625 Christum
999 1561 1127 1626 invocet
1155 1560 1216 1645 (uti
1238 1561 1347 1626 Chris-

244 1661 370 1724 tianum
384 1680 442 1744 par
456 1659 518 1743 est)
536 1661 597 1726 etsi
620 1661 753 1728 Sanetus
766 1685 834 1728 non
848 1664 1032 1748 interpellet
1046 1665 1197 1748 penitus:
1221 1674 1277 1729 unt
1293 1666 1348 1749 qui

246 1763 409 1848 Reliquias
425 1762 513 1827 haud
526 1785 671 1848 unquam
685 1766 811 1847 viderit,
833 1768 884 1831 vel
908 1767 937 1831 si
960 1768 1085 1848 viderit,
1109 1768 1226 1833 dubius
1249 1769 1348 1832 animi

245 1868 297 1946 sit,
321 1890 362 1932 an
382 1890 465 1934 verse
494 1869 650 1954 Reliquias
672 1870 749 1948 sint,
771 1891 833 1935 nec
849 1871 943 1955 proin
967 1872 1088 1951 adoret,
1113 1873 1250 1936 salutem
1274 1895 1350 1937 con-

246 1973 337 2055 sequi
351 1996 418 2037 non
432 1975 545 2058 possit,
562 1981 618 2037 aut
634 1974 740 2038 anima
755 1975 785 2039 ei
799 1975 876 2040 inde
889 1977 982 2040 valde
997 1976 1209 2060 periclitetur.

289 2081 321 2141 6.
344 2078 394 2142 De
407 2077 475 2161 fide
496 2088 680 2161 susceperat
696 2078 886 2157 Cardinalis,
903 2086 935 2142 et
946 2079 1046 2162 fidem
1068 2077 1205 2142 subinde
1228 2085 1347 2161 crepat,

247 2202 306 2244 nec
326 2188 436 2246 tamen
465 2183 591 2245 verbnm
614 2181 677 2244 Dei
699 2183 807 2260 ultam,
832 2188 887 2245 aut
911 2181 951 2244 de
974 2203 1037 2265 quo
1061 2181 1215 2262 Synsbole,
1232 2181 1271 2244 dc
1287 2201 1348 2262 qne

247 2284 398 2348 Ecclesia
427 2285 608 2366 definitione
636 2285 706 2348 haec
728 2284 812 2365 fides
841 2284 892 2365 sit,
922 2305 1058 2366 usquam
1087 2284 1218 2348 indicat.
1268 2286 1348 2348 Haec

248 2395 357 2451 nutem
374 2388 439 2452 tria
451 2388 503 2452 vel
518 2388 695 2453 Pontificiia
712 2386 810 2469 fidem
835 2387 1111 2452 circumscribunt.
1155 2389 1250 2451 Fides
1271 2410 1348 2472 ergo

247 2491 376 2574 integra
391 2498 537 2556 constare
551 2498 667 2575 potest,
683 2498 721 2556 ut
737 2492 877 2556 stolones
893 2497 1004 2556 tamen
1018 2492 1054 2555 hi
1068 2492 1291 2575 praeeidantur.

291 2591 385 2656 Nihil
399 2614 475 2676 ergo
498 2593 551 2657 hic
571 2593 712 2657 effecerit
734 2591 924 2671 Cardinalis,
944 2593 1008 2657 nisi
1018 2594 1204 2656 Sanctorum
1225 2595 1349 2656 invoca-

248 2695 371 2772 tionem,
389 2715 457 2758 non
478 2695 736 2772 intercessionem,
753 2701 786 2757 et
804 2694 1021 2777 Reliqnicrnm
1043 2696 1266 2774 adorationem,
1282 2719 1349 2761 non

246 2800 473 2862 venerationem
496 2801 659 2881 acceperit.
703 2798 778 2862 Nisi
796 2820 858 2881 per
881 2821 978 2862 annes
1000 2800 1263 2883 quadrinpentos:
1286 2802 1349 2864 nisi

245 2904 394 2967 statuisse
408 2924 462 2967 eas
477 2901 620 2966 docuerit
635 2903 751 2966 Patres
761 2929 771 2964 .·
782 2902 845 2966 nisi
859 2905 999 2966 unanimi
1017 2924 1164 2967 consensa
1178 2906 1347 2967 statuisse:

246 3016 281 3071 et
295 3006 442 3069 statuisse
464 3006 502 3069 de
518 3004 596 3086 fide,
611 3005 663 3070 vel
684 3012 834 3088 tanquam
857 3007 903 3069 cd
922 3013 1070 3070 eternam
1091 3007 1223 3069 salntem
1244 3027 1347 3069 neees-

245 3109 360 3174 sarius.
407 3109 507 3173 Hunc
521 3108 609 3172 enim
624 3108 684 3173 sibi
700 3109 886 3192 quaestionis
909 3116 1031 3174 statum
1058 3110 1128 3173 fixit
1151 3111 1237 3174 Rex:
1260 3110 1348 3174 hunc

247 3212 428 3277 Cardinalis
441 3219 567 3276 mutare
582 3233 649 3276 non
664 3210 787 3276 debuit.

289 3315 392 3400 Atqui
413 3315 497 3379 nihil
517 3315 633 3380 horum
655 3316 743 3396 facit,
758 3336 800 3380 ne
815 3322 952 3380 conatur
966 3316 1105 3399 quidem.
1153 3317 1349 3381 Transcribit

246 3421 310 3485 hue
325 3420 422 3485 modo
437 3421 582 3504 quaedam
599 3421 639 3485 de
655 3421 887 3486 Controversiis
911 3421 986 3500 suis,
1001 3421 1195 3505 interpolata
1209 3430 1348 3501 tantum,

245 3533 279 3590 et
308 3525 440 3590 turbato
462 3525 611 3590 nonnihil
634 3525 755 3605 ordine,
783 3547 846 3609 quo
868 3525 914 3589 ibi
936 3525 1098 3608 leguntur.
1151 3526 1261 3609 Atque
1288 3527 1349 3590 hoe

246 3631 356 3695 labore
372 3651 577 3714 supervacuo.
616 3629 699 3696 Quis
714 3631 801 3694 enim
816 3630 871 3693 illa
882 3630 952 3712 jam
967 3629 1094 3693 nescit?
1128 3630 1209 3695 Quis
1225 3652 1291 3693 non
1308 3631 1348 3693 ad

246 3758 399 3800 nauseam
413 3736 515 3817 legit?
561 3736 629 3799 Cur
644 3735 698 3798 hic
713 3756 790 3817 ergo
804 3734 911 3799 denuo
926 3733 1098 3799 inferciat?
1137 3734 1224 3798 Novi
1238 3747 1347 3797 autem

245 3841 327 3904 nihil
343 3841 513 3924 quiequam
528 3838 723 3922 superaddit.
764 3838 887 3922 Ageret
902 3860 979 3903 vero
993 3839 1143 3920 ingenue,
1160 3844 1193 3901 et
1209 3837 1347 3901 diceret:

246 3944 431 4009 Exhaustus
453 3965 545 4008 sum:
570 3943 636 4007 dixi
659 3943 698 4007 de
721 3943 771 4006 his
794 3963 866 4026 quae
887 3942 988 4026 potui,
1004 3961 1064 4006 nee
1085 3947 1143 4019 est,
1160 3941 1246 4023 quod
1261 3963 1281 4004 a
1296 3963 1347 4004 me

245 4047 339 4131 plura
354 4047 424 4131 jam
439 4047 558 4110 Lector
571 4053 729 4129 expectet,
745 4046 839 4129 plura
853 4045 940 4109 enim
956 4043 1091 4108 dicenda
1105 4064 1173 4106 non
1189 4042 1302 4107 haheo.

289 4151 343 4214 Ne
365 4156 475 4213 tamen
499 4148 561 4212 sibi
591 4148 676 4212 dicat
701 4170 768 4212 non
791 4168 991 4231 responsum,
1020 4166 1080 4209 nos
1108 4167 1235 4229 quoque
1265 4148 1347 4209 iden

243 4275 356 4317 sanum
375 4251 558 4333 volvemnsl,
584 4274 659 4317 cum
682 4252 776 4316 venia
790 4260 902 4316 tamen
922 4250 1087 4315 hectoris:
1112 4269 1186 4312 cum
1204 4249 1244 4312 ad
1267 4251 1345 4330 lnce,

275 4407 284 4440 ¹
308 4407 399 4472 [Bell]
423 4408 462 4458 De
484 4407 568 4458 Senot.
598 4406 667 4457 Beat.
690 4407 734 4457 lib.
753 4407 770 4457 i.
846 4415 859 4448 Ι
892 4402 1169 4466 Prseillonit.p.48.]

242 4489 295 4539 cap.
309 4479 346 4524 20.
359 4475 426 4539 [Op.
437 4479 497 4525 tona
511 4475 537 4524 ii.
551 4488 575 4538 p.
588 4475 644 4524 435.
657 4472 700 4537 R]
848 4470 859 4502 l
893 4470 959 4521 Vide
971 4469 1026 4519 Ter.
1039 4469 1153 4519 nunucu
1166 4483 1189 4519 v.
1199 4471 1221 4519 9.
1236 4468 1287 4533 55.]
