<?xml version="1.0" encoding="UTF-8"?>
<!DOCTYPE html PUBLIC "-//W3C//DTD XHTML 1.0 Transitional//EN"
    "http://www.w3.org/TR/xhtml1/DTD/xhtml1-transitional.dtd">
<html xmlns="http://www.w3.org/1999/xhtml" xml:lang="en" lang="en">
 <head>
  <title>
</title>
<meta http-equiv="Content-Type" content="text/html;charset=utf-8" />
  <meta name='ocr-system' content='tesseract 3.04.00' />
  <meta name='ocr-capabilities' content='ocr_page ocr_carea ocr_par ocr_line ocrx_word'/>
</head>
<body>
  <div class='ocr_page' id='page_1' title='image "./responsioadapol00andrgoog_0106.png"; bbox 0 0 2910 4926; ppageno 0'>
   <div class='ocr_carea' id='block_1_1' title="bbox 440 260 1183 328">
    <p class='ocr_par' dir='ltr' id='par_1_1' title="bbox 440 260 1183 328">
     <span class='ocr_line' id='line_1_1' title="bbox 440 260 1183 328; baseline -0.008 -2"><span class='ocrx_word' id='word_1_1' title='bbox 440 279 623 328; x_wconf 76' lang='lat' dir='ltr'>iromeriu</span> <span class='ocrx_word' id='word_1_2' title='bbox 644 279 825 327; x_wconf 76' lang='lat' dir='ltr'>unsroxsro.</span> <span class='ocrx_word' id='word_1_3' title='bbox 1141 260 1183 320; x_wconf 85' lang='grc'>63</span> 
     </span>
    </p>
   </div>
   <div class='ocr_carea' id='block_1_2' title="bbox 82 433 1320 828">
    <p class='ocr_par' dir='ltr' id='par_1_2' title="bbox 82 433 1320 828">
     <span class='ocr_line' id='line_1_2' title="bbox 125 433 1320 550; baseline -0.01 -52"><span class='ocrx_word' id='word_1_4' title='bbox 125 435 305 518; x_wconf 82' lang='lat' dir='ltr'>Nyssenus,</span> <span class='ocrx_word' id='word_1_5' title='bbox 328 435 366 516; x_wconf 89' lang='lat' dir='ltr'>(si</span> <span class='ocrx_word' id='word_1_6' title='bbox 390 442 500 498; x_wconf 87' lang='lat' dir='ltr'>tamen</span> <span class='ocrx_word' id='word_1_7' title='bbox 524 435 693 518; x_wconf 85' lang='lat' dir='ltr'>Nyssenus</span> <span class='ocrx_word' id='word_1_8' title='bbox 717 434 746 498; x_wconf 86' lang='lat' dir='ltr'>is</span> <span class='ocrx_word' id='word_1_9' title='bbox 770 437 830 517; x_wconf 87' lang='lat' dir='ltr'>est)</span> <span class='ocrx_word' id='word_1_10' title='bbox 854 434 924 498; x_wconf 82' lang='lat' dir='ltr'>uult</span> <span class='ocrx_word' id='word_1_11' title='bbox 950 433 1089 515; x_wconf 70' lang='lat' dir='ltr'>nunnioni</span> <span class='ocrx_word' id='word_1_12' title='bbox 1115 452 1183 495; x_wconf 76' lang='lat' dir='ltr'>cerm</span> <span class='ocrx_word' id='word_1_13' title='bbox 1205 437 1320 550; x_wconf 41' lang='lat' dir='ltr'>eure?</span> 
     </span>
     <span class='ocr_line' id='line_1_3' title="bbox 82 519 1295 620; baseline -0.003 -19"><span class='ocrx_word' id='word_1_14' title='bbox 82 526 197 601; x_wconf 77' lang='lat' dir='ltr'>honore</span> <span class='ocrx_word' id='word_1_15' title='bbox 215 559 325 619; x_wconf 74' lang='lat' dir='ltr'>eorpus</span> <span class='ocrx_word' id='word_1_16' title='bbox 345 539 516 620; x_wconf 72' lang='lat' dir='ltr'>Martyris,</span> <span class='ocrx_word' id='word_1_17' title='bbox 540 545 569 601; x_wconf 87' lang='lat' dir='ltr'>et</span> <span class='ocrx_word' id='word_1_18' title='bbox 593 540 626 601; x_wconf 85' lang='lat' dir='ltr'>in</span> <span class='ocrx_word' id='word_1_19' title='bbox 650 546 780 620; x_wconf 76' lang='lat' dir='ltr'>unpueto</span> <span class='ocrx_word' id='word_1_20' title='bbox 803 543 987 619; x_wconf 81' lang='lat' dir='ltr'>sacratoque</span> <span class='ocrx_word' id='word_1_21' title='bbox 1011 539 1076 599; x_wconf 90' lang='lat' dir='ltr'>loeo</span> <span class='ocrx_word' id='word_1_22' title='bbox 1094 537 1182 618; x_wconf 85' lang='lat' dir='ltr'>poni.</span> <span class='ocrx_word' id='word_1_23' title='bbox 1222 519 1295 568; x_wconf 54' lang='grc' dir='ltr'>Μ’</span> 
     </span>
     <span class='ocr_line' id='line_1_4' title="bbox 84 640 1181 725; baseline -0.003 -20"><span class='ocrx_word' id='word_1_24' title='bbox 84 642 178 705; x_wconf 91' lang='lat' dir='ltr'><strong>Idem</strong></span> <span class='ocrx_word' id='word_1_25' title='bbox 193 642 255 705; x_wconf 91' lang='lat' dir='ltr'>hoe</span> <span class='ocrx_word' id='word_1_26' title='bbox 276 642 354 719; x_wconf 72' lang='lat' dir='ltr'>vult,</span> <span class='ocrx_word' id='word_1_27' title='bbox 371 650 404 704; x_wconf 89' lang='lat' dir='ltr'>et</span> <span class='ocrx_word' id='word_1_28' title='bbox 425 643 522 720; x_wconf 65' lang='lat' dir='ltr'>Rern,</span> <span class='ocrx_word' id='word_1_29' title='bbox 544 642 582 725; x_wconf 88' lang='lat' dir='ltr'>(si</span> <span class='ocrx_word' id='word_1_30' title='bbox 604 642 671 705; x_wconf 89' lang='lat' dir='ltr'>veri</span> <span class='ocrx_word' id='word_1_31' title='bbox 686 643 855 723; x_wconf 75' lang='lat' dir='ltr'>Martyris,</span> <span class='ocrx_word' id='word_1_32' title='bbox 877 641 904 704; x_wconf 89' lang='lat' dir='ltr'>si</span> <span class='ocrx_word' id='word_1_33' title='bbox 924 662 1035 705; x_wconf 86' lang='lat' dir='ltr'>verum</span> <span class='ocrx_word' id='word_1_34' title='bbox 1056 640 1181 723; x_wconf 83' lang='lat' dir='ltr'>corpus)</span> 
     </span>
     <span class='ocr_line' id='line_1_5' title="bbox 82 744 1088 828; baseline -0.002 -20"><span class='ocrx_word' id='word_1_35' title='bbox 82 747 251 828; x_wconf 68' lang='lat' dir='ltr'>honorifico</span> <span class='ocrx_word' id='word_1_36' title='bbox 267 746 331 808; x_wconf 91' lang='lat' dir='ltr'>loco</span> <span class='ocrx_word' id='word_1_37' title='bbox 346 747 513 808; x_wconf 73' lang='lat' dir='ltr'><em>solenniter</em></span> <span class='ocrx_word' id='word_1_38' title='bbox 527 744 663 826; x_wconf 78' lang='lat' dir='ltr'>inferri:</span> <span class='ocrx_word' id='word_1_39' title='bbox 689 746 754 810; x_wconf 87' lang='lat' dir='ltr'>Sed</span> <span class='ocrx_word' id='word_1_40' title='bbox 768 745 915 828; x_wconf 91' lang='lat' dir='ltr'>uunquid</span> <span class='ocrx_word' id='word_1_41' title='bbox 931 744 1088 807; x_wconf 76' lang='lat' dir='ltr'>adorari?</span> 
     </span>
    </p>
   </div>
   <div class='ocr_carea' id='block_1_3' title="bbox 1307 501 1329 566">
    <p class='ocr_par' dir='ltr' id='par_1_3' title="bbox 1307 501 1329 566">
     <span class='ocr_line' id='line_1_6' title="bbox 1307 501 1329 566; baseline 0 0"><span class='ocrx_word' id='word_1_42' title='bbox 1307 501 1329 566; x_wconf 76' lang='lat' dir='ltr'>‚l</span> 
     </span>
    </p>
   </div>
   <div class='ocr_carea' id='block_1_4' title="bbox 114 877 1185 1110">
    <p class='ocr_par' dir='ltr' id='par_1_4' title="bbox 114 877 1185 1110">
     <span class='ocr_line' id='line_1_7' title="bbox 114 877 1185 945; baseline -0.005 -14"><span class='ocrx_word' id='word_1_43' title='bbox 114 883 164 941; x_wconf 89' lang='lat' dir='ltr'>Qui</span> <span class='ocrx_word' id='word_1_44' title='bbox 172 883 249 932; x_wconf 77' lang='lat' dir='ltr'>etium</span> <span class='ocrx_word' id='word_1_45' title='bbox 259 880 339 941; x_wconf 76' lang='lat' dir='ltr'>addit,</span> <span class='ocrx_word' id='word_1_46' title='bbox 351 881 497 930; x_wconf 80' lang='lat' dir='ltr'>‘Pulverem</span> <span class='ocrx_word' id='word_1_47' title='bbox 506 881 598 945; x_wconf 85' lang='lat' dir='ltr'>ipsum,</span> <span class='ocrx_word' id='word_1_48' title='bbox 607 881 650 944; x_wconf 91' lang='lat' dir='ltr'>qui</span> <span class='ocrx_word' id='word_1_49' title='bbox 661 882 727 931; x_wconf 82' lang='lat' dir='ltr'>eires</span> <span class='ocrx_word' id='word_1_50' title='bbox 736 881 905 931; x_wconf 78' lang='lat' dir='ltr'>conditorium</span> <span class='ocrx_word' id='word_1_51' title='bbox 913 880 1086 943; x_wconf 79' lang='lat' dir='ltr'>Reliquinrurn</span> <span class='ocrx_word' id='word_1_52' title='bbox 1095 877 1185 942; x_wconf 84' lang='lat' dir='ltr'>reperi·</span> 
     </span>
     <span class='ocr_line' id='line_1_8' title="bbox 148 962 1184 1028; baseline -0.003 -15"><span class='ocrx_word' id='word_1_53' title='bbox 148 970 190 1014; x_wconf 86' lang='lat' dir='ltr'>tur</span> <span class='ocrx_word' id='word_1_54' title='bbox 198 979 244 1028; x_wconf 90' lang='lat' dir='ltr'>pro</span> <span class='ocrx_word' id='word_1_55' title='bbox 255 979 347 1026; x_wconf 72' lang='lat' dir='ltr'>magno</span> <span class='ocrx_word' id='word_1_56' title='bbox 356 979 459 1012; x_wconf 84' lang='lat' dir='ltr'>munere</span> <span class='ocrx_word' id='word_1_57' title='bbox 470 978 485 1014; x_wconf 82' lang='lat' dir='ltr'>n</span> <span class='ocrx_word' id='word_1_58' title='bbox 497 965 546 1026; x_wconf 84' lang='lat' dir='ltr'>piis</span> <span class='ocrx_word' id='word_1_59' title='bbox 556 964 696 1027; x_wconf 76' lang='lat' dir='ltr'><strong>peregrinis</strong></span> <span class='ocrx_word' id='word_1_60' title='bbox 705 965 760 1028; x_wconf 86' lang='lat' dir='ltr'>rupi</span> <span class='ocrx_word' id='word_1_61' title='bbox 769 963 1048 1028; x_wconf 52' lang='lat' dir='ltr'>consuevisse-[Bell.</span> <span class='ocrx_word' id='word_1_62' title='bbox 1056 962 1129 1026; x_wconf 77' lang='lat' dir='ltr'>Apol.</span> <span class='ocrx_word' id='word_1_63' title='bbox 1139 974 1184 1025; x_wconf 88' lang='lat' dir='ltr'>pro</span> 
     </span>
     <span class='ocr_line' id='line_1_9' title="bbox 149 1044 708 1110; baseline -0.002 -15"><span class='ocrx_word' id='word_1_64' title='bbox 149 1045 233 1109; x_wconf 87' lang='lat' dir='ltr'>Resp]</span> <span class='ocrx_word' id='word_1_65' title='bbox 246 1060 271 1108; x_wconf 89' lang='lat' dir='ltr'>p.</span> <span class='ocrx_word' id='word_1_66' title='bbox 283 1048 320 1095; x_wconf 79' lang='lat'>13.</span> <span class='ocrx_word' id='word_1_67' title='bbox 335 1044 403 1110; x_wconf 90' lang='lat' dir='ltr'>[Op.,</span> <span class='ocrx_word' id='word_1_68' title='bbox 416 1050 476 1094; x_wconf 91' lang='lat' dir='ltr'>tom.</span> <span class='ocrx_word' id='word_1_69' title='bbox 485 1046 528 1094; x_wconf 87' lang='lat' dir='ltr'>vii.</span> <span class='ocrx_word' id='word_1_70' title='bbox 541 1046 585 1095; x_wconf 90' lang='lat' dir='ltr'>col.</span> <span class='ocrx_word' id='word_1_71' title='bbox 600 1047 655 1097; x_wconf 75' lang='lat'>712.</span> <span class='ocrx_word' id='word_1_72' title='bbox 669 1045 708 1109; x_wconf 90' lang='lat' dir='ltr'>B.]</span> 
     </span>
    </p>
   </div>
   <div class='ocr_carea' id='block_1_5' title="bbox 77 1136 1184 2149">
    <p class='ocr_par' dir='ltr' id='par_1_5' title="bbox 77 1136 1184 2149">
     <span class='ocr_line' id='line_1_10' title="bbox 126 1136 1184 1220; baseline -0.003 -19"><span class='ocrx_word' id='word_1_73' title='bbox 126 1140 182 1214; x_wconf 81' lang='lat' dir='ltr'>At,</span> <span class='ocrx_word' id='word_1_74' title='bbox 195 1136 294 1220; x_wconf 89' lang='lat' dir='ltr'>aliqui</span> <span class='ocrx_word' id='word_1_75' title='bbox 306 1138 475 1218; x_wconf 70' lang='lat' dir='ltr'>pulverent,</span> <span class='ocrx_word' id='word_1_76' title='bbox 492 1139 545 1219; x_wconf 83' lang='lat' dir='ltr'>qni</span> <span class='ocrx_word' id='word_1_77' title='bbox 560 1138 646 1201; x_wconf 83' lang='lat' dir='ltr'>eirea</span> <span class='ocrx_word' id='word_1_78' title='bbox 660 1139 843 1219; x_wconf 61' lang='lat' dir='ltr'>sonnonem,</span> <span class='ocrx_word' id='word_1_79' title='bbox 861 1158 920 1220; x_wconf 81' lang='lat' dir='ltr'>pro</span> <span class='ocrx_word' id='word_1_80' title='bbox 935 1158 1045 1220; x_wconf 73' lang='lat' dir='ltr'>megine</span> <span class='ocrx_word' id='word_1_81' title='bbox 1059 1156 1184 1199; x_wconf 81' lang='lat' dir='ltr'>monere</span> 
     </span>
     <span class='ocr_line' id='line_1_11' title="bbox 80 1241 1183 1325; baseline -0.002 -21"><span class='ocrx_word' id='word_1_82' title='bbox 80 1247 262 1323; x_wconf 65' lang='lat' dir='ltr'>rapuerunt.</span> <span class='ocrx_word' id='word_1_83' title='bbox 310 1241 376 1304; x_wconf 86' lang='lat' dir='ltr'>Sed</span> <span class='ocrx_word' id='word_1_84' title='bbox 390 1262 495 1324; x_wconf 89' lang='lat' dir='ltr'>neque</span> <span class='ocrx_word' id='word_1_85' title='bbox 513 1243 622 1324; x_wconf 77' lang='lat' dir='ltr'>puleio</span> <span class='ocrx_word' id='word_1_86' title='bbox 643 1263 742 1325; x_wconf 89' lang='lat' dir='ltr'>prope</span> <span class='ocrx_word' id='word_1_87' title='bbox 758 1242 950 1325; x_wconf 90' lang='lat' dir='ltr'>sepulerum,</span> <span class='ocrx_word' id='word_1_88' title='bbox 967 1241 1183 1322; x_wconf 78' lang='lat' dir='ltr'>Reliquiorurn</span> 
     </span>
     <span class='ocr_line' id='line_1_12' title="bbox 82 1345 1184 1429; baseline 0 -21"><span class='ocrx_word' id='word_1_89' title='bbox 82 1345 253 1429; x_wconf 75' lang='lat' dir='ltr'>pernulla:</span> <span class='ocrx_word' id='word_1_90' title='bbox 277 1351 310 1408; x_wconf 83' lang='lat' dir='ltr'>et</span> <span class='ocrx_word' id='word_1_91' title='bbox 324 1365 445 1427; x_wconf 82' lang='lat' dir='ltr'>rapere,</span> <span class='ocrx_word' id='word_1_92' title='bbox 461 1367 526 1408; x_wconf 89' lang='lat' dir='ltr'>uon</span> <span class='ocrx_word' id='word_1_93' title='bbox 547 1353 595 1408; x_wconf 87' lang='lat' dir='ltr'>est</span> <span class='ocrx_word' id='word_1_94' title='bbox 610 1346 753 1408; x_wconf 84' lang='lat' dir='ltr'>odorare.</span> <span class='ocrx_word' id='word_1_95' title='bbox 798 1347 842 1409; x_wconf 87' lang='lat' dir='ltr'>Et</span> <span class='ocrx_word' id='word_1_96' title='bbox 858 1366 931 1409; x_wconf 92' lang='lat' dir='ltr'>eum</span> <span class='ocrx_word' id='word_1_97' title='bbox 949 1345 1085 1428; x_wconf 90' lang='lat' dir='ltr'>populus</span> <span class='ocrx_word' id='word_1_98' title='bbox 1101 1366 1184 1428; x_wconf 83' lang='lat' dir='ltr'>saepe</span> 
     </span>
     <span class='ocr_line' id='line_1_13' title="bbox 86 1448 1184 1532; baseline 0 -20"><span class='ocrx_word' id='word_1_99' title='bbox 86 1448 207 1532; x_wconf 75' lang='lat' dir='ltr'>(populi</span> <span class='ocrx_word' id='word_1_100' title='bbox 230 1449 331 1530; x_wconf 89' lang='lat' dir='ltr'>more)</span> <span class='ocrx_word' id='word_1_101' title='bbox 361 1449 474 1520; x_wconf 85' lang='lat' dir='ltr'>multa,</span> <span class='ocrx_word' id='word_1_102' title='bbox 503 1448 564 1511; x_wconf 86' lang='lat' dir='ltr'>etsi</span> <span class='ocrx_word' id='word_1_103' title='bbox 594 1450 719 1532; x_wconf 81' lang='lat' dir='ltr'>impetu</span> <span class='ocrx_word' id='word_1_104' title='bbox 748 1469 841 1526; x_wconf 76' lang='lat' dir='ltr'>eicco,</span> <span class='ocrx_word' id='word_1_105' title='bbox 867 1470 934 1511; x_wconf 88' lang='lat' dir='ltr'>non</span> <span class='ocrx_word' id='word_1_106' title='bbox 963 1449 1048 1512; x_wconf 83' lang='lat' dir='ltr'>male</span> <span class='ocrx_word' id='word_1_107' title='bbox 1073 1456 1184 1512; x_wconf 86' lang='lat' dir='ltr'>temen</span> 
     </span>
     <span class='ocr_line' id='line_1_14' title="bbox 82 1540 1184 1628; baseline 0.001 -15"><span class='ocrx_word' id='word_1_108' title='bbox 82 1559 192 1615; x_wconf 86' lang='lat' dir='ltr'>mente</span> <span class='ocrx_word' id='word_1_109' title='bbox 209 1550 361 1628; x_wconf 82' lang='lat' dir='ltr'>lacerent,</span> <span class='ocrx_word' id='word_1_110' title='bbox 377 1551 540 1614; x_wconf 82' lang='lat' dir='ltr'>indultum</span> <span class='ocrx_word' id='word_1_111' title='bbox 560 1561 608 1614; x_wconf 82' lang='lat' dir='ltr'>est</span> <span class='ocrx_word' id='word_1_112' title='bbox 629 1551 772 1615; x_wconf 82' lang='lat' dir='ltr'>fortusse.</span> <span class='ocrx_word' id='word_1_113' title='bbox 817 1540 916 1615; x_wconf 82' lang='lat' dir='ltr'>Aliud</span> <span class='ocrx_word' id='word_1_114' title='bbox 933 1552 1019 1614; x_wconf 90' lang='lat' dir='ltr'>enim</span> <span class='ocrx_word' id='word_1_115' title='bbox 1035 1552 1184 1615; x_wconf 82' lang='lat' dir='ltr'>docebant</span> 
     </span>
     <span class='ocr_line' id='line_1_15' title="bbox 83 1654 1183 1736; baseline 0 -18"><span class='ocrx_word' id='word_1_116' title='bbox 83 1656 205 1732; x_wconf 84' lang='lat' dir='ltr'>Patres,</span> <span class='ocrx_word' id='word_1_117' title='bbox 222 1654 309 1717; x_wconf 84' lang='lat' dir='ltr'>aliud</span> <span class='ocrx_word' id='word_1_118' title='bbox 328 1654 551 1719; x_wconf 64' lang='lat' dir='ltr'>sustinebam</span> <span class='ocrx_word' id='word_1_119' title='bbox 596 1656 694 1732; x_wconf 85' lang='lat' dir='ltr'>Num,</span> <span class='ocrx_word' id='word_1_120' title='bbox 711 1664 744 1718; x_wconf 88' lang='lat' dir='ltr'>et</span> <span class='ocrx_word' id='word_1_121' title='bbox 764 1657 868 1719; x_wconf 81' lang='lat' dir='ltr'>omnia</span> <span class='ocrx_word' id='word_1_122' title='bbox 885 1663 956 1718; x_wconf 85' lang='lat' dir='ltr'>tum</span> <span class='ocrx_word' id='word_1_123' title='bbox 974 1657 1071 1736; x_wconf 83' lang='lat' dir='ltr'>plenu</span> <span class='ocrx_word' id='word_1_124' title='bbox 1093 1663 1183 1720; x_wconf 77' lang='lat' dir='ltr'>erum</span> 
     </span>
     <span class='ocr_line' id='line_1_16' title="bbox 77 1743 1184 1845; baseline -0.001 -23"><span class='ocrx_word' id='word_1_125' title='bbox 77 1758 397 1845; x_wconf 69' lang='lat' dir='ltr'>presumptioniiw,</span> <span class='ocrx_word' id='word_1_126' title='bbox 414 1765 446 1821; x_wconf 88' lang='lat' dir='ltr'>et</span> <span class='ocrx_word' id='word_1_127' title='bbox 463 1759 600 1822; x_wconf 84' lang='lat' dir='ltr'>tolerare</span> <span class='ocrx_word' id='word_1_128' title='bbox 622 1743 727 1821; x_wconf 69' lang='lat' dir='ltr'>multi</span> <span class='ocrx_word' id='word_1_129' title='bbox 749 1760 852 1823; x_wconf 84' lang='lat' dir='ltr'>euecti</span> <span class='ocrx_word' id='word_1_130' title='bbox 873 1767 949 1822; x_wconf 80' lang='lat' dir='ltr'>sunt</span> <span class='ocrx_word' id='word_1_131' title='bbox 968 1760 1089 1838; x_wconf 84' lang='lat' dir='ltr'>Patres,</span> <span class='ocrx_word' id='word_1_132' title='bbox 1112 1780 1184 1843; x_wconf 83' lang='lat' dir='ltr'>quae</span> 
     </span>
     <span class='ocr_line' id='line_1_17' title="bbox 83 1862 1182 1945; baseline -0.001 -20"><span class='ocrx_word' id='word_1_133' title='bbox 83 1862 195 1926; x_wconf 89' lang='lat' dir='ltr'>tollere</span> <span class='ocrx_word' id='word_1_134' title='bbox 219 1883 286 1925; x_wconf 90' lang='lat' dir='ltr'>non</span> <span class='ocrx_word' id='word_1_135' title='bbox 310 1868 495 1945; x_wconf 84' lang='lat' dir='ltr'>potuerunt.</span> <span class='ocrx_word' id='word_1_136' title='bbox 542 1862 614 1925; x_wconf 85' lang='lat' dir='ltr'>Scio</span> <span class='ocrx_word' id='word_1_137' title='bbox 632 1883 697 1925; x_wconf 73' lang='lat' dir='ltr'>enee</span> <span class='ocrx_word' id='word_1_138' title='bbox 712 1862 859 1944; x_wconf 77' lang='lat' dir='ltr'>qnondam</span> <span class='ocrx_word' id='word_1_139' title='bbox 876 1862 1093 1944; x_wconf 78' lang='lat' dir='ltr'>Sepulerorum</span> <span class='ocrx_word' id='word_1_140' title='bbox 1108 1863 1182 1924; x_wconf 86' lang='lat' dir='ltr'>edo-</span> 
     </span>
     <span class='ocr_line' id='line_1_18' title="bbox 83 1964 1184 2048; baseline -0.002 -20"><span class='ocrx_word' id='word_1_141' title='bbox 83 1964 234 2043; x_wconf 62' lang='lat' dir='ltr'>rator-esi,</span> <span class='ocrx_word' id='word_1_142' title='bbox 251 1966 295 2028; x_wconf 85' lang='lat' dir='ltr'>ait</span> <span class='ocrx_word' id='word_1_143' title='bbox 312 1966 523 2048; x_wconf 82' lang='lat' dir='ltr'>Augustinus.</span> <span class='ocrx_word' id='word_1_144' title='bbox 561 1966 640 2028; x_wconf 76' lang='lat' dir='ltr'>Esne</span> <span class='ocrx_word' id='word_1_145' title='bbox 656 1966 811 2048; x_wconf 77' lang='lat' dir='ltr'>pecodem.</span> <span class='ocrx_word' id='word_1_146' title='bbox 859 1965 922 2029; x_wconf 87' lang='lat' dir='ltr'>Sed</span> <span class='ocrx_word' id='word_1_147' title='bbox 939 1967 996 2028; x_wconf 81' lang='lat' dir='ltr'>loe</span> <span class='ocrx_word' id='word_1_148' title='bbox 1012 1966 1184 2028; x_wconf 72' lang='lat' dir='ltr'><em>Christiani</em></span> 
     </span>
     <span class='ocr_line' id='line_1_19' title="bbox 82 2068 461 2149; baseline 0.005 -19"><span class='ocrx_word' id='word_1_149' title='bbox 82 2071 224 2132; x_wconf 79' lang='lat' dir='ltr'>nielioree</span> <span class='ocrx_word' id='word_1_150' title='bbox 238 2090 299 2131; x_wconf 87' lang='lat' dir='ltr'>non</span> <span class='ocrx_word' id='word_1_151' title='bbox 307 2068 433 2149; x_wconf 84' lang='lat' dir='ltr'>fuciunt</span> <span class='ocrx_word' id='word_1_152' title='bbox 441 2079 461 2132; x_wconf 80' lang='lat'>⁰.</span> 
     </span>
    </p>
   </div>
   <div class='ocr_carea' id='block_1_6' title="bbox 117 2204 1184 2438">
    <p class='ocr_par' dir='ltr' id='par_1_6' title="bbox 117 2204 1184 2438">
     <span class='ocr_line' id='line_1_20' title="bbox 117 2204 1184 2268; baseline -0.002 -12"><span class='ocrx_word' id='word_1_153' title='bbox 117 2206 237 2257; x_wconf 76' lang='lat' dir='ltr'>Noniani.</span> <span class='ocrx_word' id='word_1_154' title='bbox 250 2245 256 2259; x_wconf 89' lang='lat'>.</span> <span class='ocrx_word' id='word_1_155' title='bbox 269 2246 275 2258; x_wconf 89' lang='lat'>.</span> <span class='ocrx_word' id='word_1_156' title='bbox 288 2245 293 2257; x_wconf 94' lang='lat'>.</span> <span class='ocrx_word' id='word_1_157' title='bbox 308 2205 375 2256; x_wconf 83' lang='lat' dir='ltr'>Ornt.</span> <span class='ocrx_word' id='word_1_158' title='bbox 388 2207 404 2255; x_wconf 87' lang='lat' dir='ltr'>i.</span> <span class='ocrx_word' id='word_1_159' title='bbox 416 2206 444 2255; x_wconf 91' lang='lat' dir='ltr'>in</span> <span class='ocrx_word' id='word_1_160' title='bbox 460 2206 477 2256; x_wconf 88' lang='lat' dir='ltr'>J</span> <span class='ocrx_word' id='word_1_161' title='bbox 480 2207 554 2255; x_wconf 87' lang='lat' dir='ltr'>nliun.</span> <span class='ocrx_word' id='word_1_162' title='bbox 566 2243 572 2254; x_wconf 96' lang='lat'>.</span> <span class='ocrx_word' id='word_1_163' title='bbox 590 2243 596 2254; x_wconf 93' lang='lat'>.</span> <span class='ocrx_word' id='word_1_164' title='bbox 612 2205 725 2267; x_wconf 75' lang='lat' dir='ltr'>.‘11ae0,·</span> <span class='ocrx_word' id='word_1_165' title='bbox 740 2206 833 2268; x_wconf 87' lang='lat' dir='ltr'>inquit,</span> <span class='ocrx_word' id='word_1_166' title='bbox 846 2209 912 2256; x_wconf 86' lang='lat' dir='ltr'>‘non</span> <span class='ocrx_word' id='word_1_167' title='bbox 929 2205 998 2264; x_wconf 89' lang='lat' dir='ltr'>colis,</span> <span class='ocrx_word' id='word_1_168' title='bbox 1016 2204 1060 2254; x_wconf 88' lang='lat' dir='ltr'>scd</span> <span class='ocrx_word' id='word_1_169' title='bbox 1076 2208 1184 2255; x_wconf 83' lang='lat' dir='ltr'>coutem-</span> 
     </span>
     <span class='ocr_line' id='line_1_21' title="bbox 149 2287 1184 2354; baseline -0.005 -13"><span class='ocrx_word' id='word_1_170' title='bbox 149 2292 189 2340; x_wconf 88' lang='lat' dir='ltr'>nis</span> <span class='ocrx_word' id='word_1_171' title='bbox 199 2297 225 2341; x_wconf 88' lang='lat' dir='ltr'>et</span> <span class='ocrx_word' id='word_1_172' title='bbox 236 2291 383 2354; x_wconf 80' lang='lat' dir='ltr'>asperneris,</span> <span class='ocrx_word' id='word_1_173' title='bbox 398 2290 442 2352; x_wconf 90' lang='lat' dir='ltr'>qui</span> <span class='ocrx_word' id='word_1_174' title='bbox 461 2288 579 2338; x_wconf 82' lang='lat' dir='ltr'>Herculis</span> <span class='ocrx_word' id='word_1_175' title='bbox 595 2303 684 2351; x_wconf 78' lang='lat' dir='ltr'>rogum</span> <span class='ocrx_word' id='word_1_176' title='bbox 697 2325 702 2337; x_wconf 97' lang='lat'>.</span> <span class='ocrx_word' id='word_1_177' title='bbox 715 2325 721 2338; x_wconf 86' lang='lat'>.</span> <span class='ocrx_word' id='word_1_178' title='bbox 735 2325 740 2338; x_wconf 93' lang='lat'>.</span> <span class='ocrx_word' id='word_1_179' title='bbox 755 2287 951 2338; x_wconf 62' lang='lat' dir='ltr'>cumimrisdx-</span> <span class='ocrx_word' id='word_1_180' title='bbox 960 2288 1038 2353; x_wconf 86' lang='lat' dir='ltr'>[Bell.</span> <span class='ocrx_word' id='word_1_181' title='bbox 1051 2288 1125 2352; x_wconf 78' lang='lat' dir='ltr'>Apol.</span> <span class='ocrx_word' id='word_1_182' title='bbox 1139 2302 1184 2352; x_wconf 90' lang='lat' dir='ltr'>pro</span> 
     </span>
     <span class='ocr_line' id='line_1_22' title="bbox 149 2369 718 2438; baseline -0.005 -16"><span class='ocrx_word' id='word_1_183' title='bbox 149 2371 238 2438; x_wconf 82' lang='lat' dir='ltr'>Resp]</span> <span class='ocrx_word' id='word_1_184' title='bbox 250 2388 273 2435; x_wconf 93' lang='lat' dir='ltr'>p.</span> <span class='ocrx_word' id='word_1_185' title='bbox 287 2373 325 2421; x_wconf 79' lang='lat'>14.</span> <span class='ocrx_word' id='word_1_186' title='bbox 340 2371 409 2437; x_wconf 91' lang='lat' dir='ltr'>[Op.,</span> <span class='ocrx_word' id='word_1_187' title='bbox 421 2376 481 2421; x_wconf 91' lang='lat' dir='ltr'>tom.</span> <span class='ocrx_word' id='word_1_188' title='bbox 493 2371 536 2420; x_wconf 79' lang='lat' dir='ltr'>vii.</span> <span class='ocrx_word' id='word_1_189' title='bbox 549 2370 594 2419; x_wconf 88' lang='lat' dir='ltr'>coi.</span> <span class='ocrx_word' id='word_1_190' title='bbox 608 2374 663 2420; x_wconf 73' lang='lat'>712.</span> <span class='ocrx_word' id='word_1_191' title='bbox 677 2369 718 2433; x_wconf 78' lang='grc'>0.]</span> 
     </span>
    </p>
   </div>
   <div class='ocr_carea' id='block_1_7' title="bbox 83 2544 1190 4558">
    <p class='ocr_par' dir='ltr' id='par_1_7' title="bbox 83 2544 1190 4558">
     <span class='ocr_line' id='line_1_23' title="bbox 85 2544 1185 2608; baseline -0.001 -11"><span class='ocrx_word' id='word_1_192' title='bbox 85 2545 299 2608; x_wconf 57' lang='lat' dir='ltr'>decimitertii</span> <span class='ocrx_word' id='word_1_193' title='bbox 311 2544 614 2607; x_wconf 67' lang='grc' dir='ltr'><strong><em>ε’νοικησιίσηςτὴνᾰφθεμ</em></strong></span> <span class='ocrx_word' id='word_1_194' title='bbox 657 2545 821 2607; x_wconf 72' lang='lat' dir='ltr'>promiserint</span> <span class='ocrx_word' id='word_1_195' title='bbox 841 2545 900 2595; x_wconf 89' lang='lat' dir='ltr'>Deo.</span> <span class='ocrx_word' id='word_1_196' title='bbox 935 2545 1001 2596; x_wconf 85' lang='lat' dir='ltr'>Novi</span> <span class='ocrx_word' id='word_1_197' title='bbox 1020 2547 1114 2596; x_wconf 85' lang='lat' dir='ltr'>multos</span> <span class='ocrx_word' id='word_1_198' title='bbox 1132 2561 1185 2596; x_wconf 88' lang='lat' dir='ltr'>esse</span> 
     </span>
     <span class='ocr_line' id='line_1_24' title="bbox 85 2610 1185 2674; baseline 0 -13"><span class='ocrx_word' id='word_1_199' title='bbox 85 2613 148 2669; x_wconf 78' lang='grc' dir='ltr'><strong><em>αἶαν.</em></strong></span> <span class='ocrx_word' id='word_1_200' title='bbox 161 2612 224 2671; x_wconf 81' lang='grc' dir='ltr'><strong><em>μετὰ</em></strong></span> <span class='ocrx_word' id='word_1_201' title='bbox 240 2613 333 2666; x_wconf 70' lang='grc' dir='ltr'>πολλῆς</span> <span class='ocrx_word' id='word_1_202' title='bbox 349 2613 418 2671; x_wconf 80' lang='grc' dir='ltr'><strong><em>τιμῆς</em></strong></span> <span class='ocrx_word' id='word_1_203' title='bbox 435 2611 475 2659; x_wconf 75' lang='grc' dir='ltr'>καὶ</span> <span class='ocrx_word' id='word_1_204' title='bbox 493 2611 614 2671; x_wconf 77' lang='grc' dir='ltr'><strong>θεραπείας</strong></span> <span class='ocrx_word' id='word_1_205' title='bbox 658 2610 827 2672; x_wconf 79' lang='lat' dir='ltr'>sepulcrorum</span> <span class='ocrx_word' id='word_1_206' title='bbox 834 2615 860 2660; x_wconf 88' lang='lat' dir='ltr'>et</span> <span class='ocrx_word' id='word_1_207' title='bbox 869 2612 1023 2674; x_wconf 77' lang='lat' dir='ltr'>picturarum</span> <span class='ocrx_word' id='word_1_208' title='bbox 1031 2612 1185 2661; x_wconf 75' lang='lat' dir='ltr'>adoratores:</span> 
     </span>
     <span class='ocr_line' id='line_1_25' title="bbox 83 2674 1185 2739; baseline 0.001 -14"><span class='ocrx_word' id='word_1_209' title='bbox 83 2677 235 2738; x_wconf 75' lang='grc' dir='ltr'><strong><em>περισταλὲν,</em></strong></span> <span class='ocrx_word' id='word_1_210' title='bbox 246 2677 337 2735; x_wconf 78' lang='grc' dir='ltr'><strong><em>σεμνῶς</em></strong></span> <span class='ocrx_word' id='word_1_211' title='bbox 354 2679 380 2724; x_wconf 78' lang='grc' dir='ltr'><strong><em>ἐν</em></strong></span> <span class='ocrx_word' id='word_1_212' title='bbox 398 2677 450 2739; x_wconf 71' lang='grc' dir='ltr'>1ερῷ</span> <span class='ocrx_word' id='word_1_213' title='bbox 465 2674 530 2736; x_wconf 76' lang='grc' dir='ltr'><strong><em>τόπῳ</em></strong></span> <span class='ocrx_word' id='word_1_214' title='bbox 545 2675 615 2723; x_wconf 71' lang='grc' dir='ltr'><strong><em>κατεί-</em></strong></span> <span class='ocrx_word' id='word_1_215' title='bbox 657 2676 716 2723; x_wconf 80' lang='lat' dir='ltr'>nusi</span> <span class='ocrx_word' id='word_1_216' title='bbox 739 2675 832 2724; x_wconf 88' lang='lat' dir='ltr'>multos</span> <span class='ocrx_word' id='word_1_217' title='bbox 854 2690 906 2725; x_wconf 77' lang='lat' dir='ltr'>esse</span> <span class='ocrx_word' id='word_1_218' title='bbox 923 2677 967 2739; x_wconf 92' lang='lat' dir='ltr'>qui</span> <span class='ocrx_word' id='word_1_219' title='bbox 987 2676 1185 2726; x_wconf 81' lang='lat' dir='ltr'>luxuriosissime</span> 
     </span>
     <span class='ocr_line' id='line_1_26' title="bbox 84 2738 1185 2804; baseline 0.001 -14"><span class='ocrx_word' id='word_1_220' title='bbox 84 2760 167 2799; x_wconf 83' lang='grc' dir='ltr'><strong><em>κειται,</em></strong></span> <span class='ocrx_word' id='word_1_221' title='bbox 178 2743 256 2802; x_wconf 70' lang='grc' dir='ltr'><strong><em>ὥσπερ</em></strong></span> <span class='ocrx_word' id='word_1_222' title='bbox 273 2760 296 2788; x_wconf 81' lang='grc' dir='ltr'>τι</span> <span class='ocrx_word' id='word_1_223' title='bbox 313 2741 437 2801; x_wconf 76' lang='grc' dir='ltr'><strong><em>κειμήλιον</em></strong></span> <span class='ocrx_word' id='word_1_224' title='bbox 453 2738 616 2799; x_wconf 70' lang='grc' dir='ltr'>πολυτίμητον</span> <span class='ocrx_word' id='word_1_225' title='bbox 658 2754 731 2802; x_wconf 74' lang='lat' dir='ltr'>super</span> <span class='ocrx_word' id='word_1_226' title='bbox 746 2745 858 2790; x_wconf 75' lang='lat' dir='ltr'>mortuos</span> <span class='ocrx_word' id='word_1_227' title='bbox 871 2741 968 2803; x_wconf 76' lang='lat' dir='ltr'>bibunt,</span> <span class='ocrx_word' id='word_1_228' title='bbox 979 2744 1005 2790; x_wconf 84' lang='lat' dir='ltr'>ei</span> <span class='ocrx_word' id='word_1_229' title='bbox 1019 2742 1105 2804; x_wconf 76' lang='lat' dir='ltr'>epulus</span> <span class='ocrx_word' id='word_1_230' title='bbox 1116 2741 1185 2791; x_wconf 83' lang='lat' dir='ltr'>cudu-</span> 
     </span>
     <span class='ocr_line' id='line_1_27' title="bbox 84 2804 1185 2870; baseline -0.001 -15"><span class='ocrx_word' id='word_1_231' title='bbox 84 2809 118 2868; x_wconf 68' lang='grc' dir='ltr'>τᾷ</span> <span class='ocrx_word' id='word_1_232' title='bbox 134 2809 205 2868; x_wconf 68' lang='grc' dir='ltr'><strong><em>καιρῷ</em></strong></span> <span class='ocrx_word' id='word_1_233' title='bbox 214 2808 258 2863; x_wconf 74' lang='grc' dir='ltr'>τῆς</span> <span class='ocrx_word' id='word_1_234' title='bbox 268 2804 455 2866; x_wconf 72' lang='grc' dir='ltr'><strong><em>παλιγγενεσίας</em></strong></span> <span class='ocrx_word' id='word_1_235' title='bbox 465 2804 614 2868; x_wconf 77' lang='grc' dir='ltr'><strong><em>τηρούμενον.</em></strong></span> <span class='ocrx_word' id='word_1_236' title='bbox 658 2805 758 2852; x_wconf 79' lang='lat' dir='ltr'>veribus</span> <span class='ocrx_word' id='word_1_237' title='bbox 785 2805 941 2866; x_wconf 83' lang='lat' dir='ltr'>exhibentes,</span> <span class='ocrx_word' id='word_1_238' title='bbox 968 2821 1044 2870; x_wconf 88' lang='lat' dir='ltr'>super</span> <span class='ocrx_word' id='word_1_239' title='bbox 1075 2807 1185 2868; x_wconf 89' lang='lat' dir='ltr'>sepultos</span> 
     </span>
     <span class='ocr_line' id='line_1_28' title="bbox 85 2867 1186 2934; baseline 0.001 -14"><span class='ocrx_word' id='word_1_240' title='bbox 85 2907 92 2920; x_wconf 89' lang='lat'>.</span> <span class='ocrx_word' id='word_1_241' title='bbox 105 2907 111 2918; x_wconf 91' lang='lat'>.</span> <span class='ocrx_word' id='word_1_242' title='bbox 124 2907 130 2918; x_wconf 94' lang='lat'>.</span> <span class='ocrx_word' id='word_1_243' title='bbox 143 2907 149 2919; x_wconf 90' lang='lat'>.</span> <span class='ocrx_word' id='word_1_244' title='bbox 163 2869 297 2920; x_wconf 66' lang='lat' dir='ltr'>uidissime</span> <span class='ocrx_word' id='word_1_245' title='bbox 306 2889 343 2920; x_wconf 73' lang='grc' dir='ltr'>τις</span> <span class='ocrx_word' id='word_1_246' title='bbox 360 2870 410 2928; x_wconf 74' lang='lat' dir='ltr'>dein</span> <span class='ocrx_word' id='word_1_247' title='bbox 422 2867 502 2934; x_wconf 65' lang='lat' dir='ltr'>pipeti</span> <span class='ocrx_word' id='word_1_248' title='bbox 512 2872 558 2926; x_wconf 76' lang='grc' dir='ltr'><strong><em>τὴν</em></strong></span> <span class='ocrx_word' id='word_1_249' title='bbox 570 2870 615 2916; x_wconf 71' lang='grc' dir='ltr'><strong><em>ἐπι·</em></strong></span> <span class='ocrx_word' id='word_1_250' title='bbox 658 2869 752 2931; x_wconf 79' lang='lat' dir='ltr'>seipsos</span> <span class='ocrx_word' id='word_1_251' title='bbox 763 2871 892 2933; x_wconf 74' lang='lat' dir='ltr'>sepeliant,</span> <span class='ocrx_word' id='word_1_252' title='bbox 903 2876 930 2920; x_wconf 77' lang='lat' dir='ltr'>ei</span> <span class='ocrx_word' id='word_1_253' title='bbox 945 2873 1093 2921; x_wconf 72' lang='lat' dir='ltr'>voracitates</span> <span class='ocrx_word' id='word_1_254' title='bbox 1109 2871 1186 2921; x_wconf 82' lang='lat' dir='ltr'>ebrie·</span> 
     </span>
     <span class='ocr_line' id='line_1_29' title="bbox 85 2934 1186 2999; baseline 0 -15"><span class='ocrx_word' id='word_1_255' title='bbox 85 2935 194 2996; x_wconf 69' lang='grc' dir='ltr'><strong><em>κειμένην</em></strong></span> <span class='ocrx_word' id='word_1_256' title='bbox 211 2938 243 2999; x_wconf 75' lang='grc' dir='ltr'>τῇ</span> <span class='ocrx_word' id='word_1_257' title='bbox 260 2934 384 2998; x_wconf 71' lang='grc' dir='ltr'><strong><em>ἐπιφανείᾳ</em></strong></span> <span class='ocrx_word' id='word_1_258' title='bbox 400 2937 444 2991; x_wconf 76' lang='grc' dir='ltr'>τῆς</span> <span class='ocrx_word' id='word_1_259' title='bbox 457 2934 615 2991; x_wconf 74' lang='grc' dir='ltr'><strong><em>ἀναπαύσεως,</em></strong></span> <span class='ocrx_word' id='word_1_260' title='bbox 660 2938 773 2996; x_wconf 82' lang='lat' dir='ltr'>tutesque</span> <span class='ocrx_word' id='word_1_261' title='bbox 790 2950 846 2984; x_wconf 79' lang='lat' dir='ltr'>suus</span> <span class='ocrx_word' id='word_1_262' title='bbox 869 2936 992 2998; x_wconf 80' lang='lat' dir='ltr'>deputent</span> <span class='ocrx_word' id='word_1_263' title='bbox 1014 2937 1186 2998; x_wconf 76' lang='lat' dir='ltr'>religioni.&#39;&#39;-</span> 
     </span>
     <span class='ocr_line' id='line_1_30' title="bbox 85 2998 1185 3064; baseline 0.002 -16"><span class='ocrx_word' id='word_1_264' title='bbox 85 3003 181 3063; x_wconf 76' lang='grc' dir='ltr'><strong><em>δόμονὸ</em></strong></span> <span class='ocrx_word' id='word_1_265' title='bbox 192 3002 251 3062; x_wconf 77' lang='grc' dir='ltr'><strong><em>χοῦς</em></strong></span> <span class='ocrx_word' id='word_1_266' title='bbox 266 2998 423 3058; x_wconf 65' lang='grc' dir='ltr'><strong><em>λαμβάνεται,</em></strong></span> <span class='ocrx_word' id='word_1_267' title='bbox 435 3000 475 3049; x_wconf 71' lang='grc' dir='ltr'>καὶ</span> <span class='ocrx_word' id='word_1_268' title='bbox 491 3001 522 3048; x_wconf 75' lang='grc' dir='ltr'>ὥς</span> <span class='ocrx_word' id='word_1_269' title='bbox 537 2999 616 3059; x_wconf 69' lang='lat' dir='ltr'>sternii·</span> <span class='ocrx_word' id='word_1_270' title='bbox 660 2999 685 3047; x_wconf 83' lang='lat' dir='ltr'>S.</span> <span class='ocrx_word' id='word_1_271' title='bbox 694 2999 774 3064; x_wconf 58' lang='lat' dir='ltr'>nup]</span> <span class='ocrx_word' id='word_1_272' title='bbox 787 2999 818 3049; x_wconf 92' lang='lat' dir='ltr'>do</span> <span class='ocrx_word' id='word_1_273' title='bbox 827 3000 917 3049; x_wconf 83' lang='lat' dir='ltr'>Morib.</span> <span class='ocrx_word' id='word_1_274' title='bbox 929 3001 996 3050; x_wconf 85' lang='lat' dir='ltr'>Eeel.</span> <span class='ocrx_word' id='word_1_275' title='bbox 1010 3000 1105 3050; x_wconf 74' lang='lat' dir='ltr'>cithol.</span> <span class='ocrx_word' id='word_1_276' title='bbox 1118 3000 1185 3064; x_wconf 80' lang='lat' dir='ltr'>[cup.</span> 
     </span>
     <span class='ocr_line' id='line_1_31' title="bbox 84 3063 1151 3130; baseline 0.003 -18"><span class='ocrx_word' id='word_1_277' title='bbox 84 3074 138 3113; x_wconf 81' lang='grc' dir='ltr'><strong><em>λιον</em></strong></span> <span class='ocrx_word' id='word_1_278' title='bbox 148 3065 203 3124; x_wconf 72' lang='grc' dir='ltr'>ἡγῇ</span> <span class='ocrx_word' id='word_1_279' title='bbox 215 3064 445 3127; x_wconf 51' lang='grc' dir='ltr'>ψωμίζεται-8.</span> <span class='ocrx_word' id='word_1_280' title='bbox 455 3063 528 3126; x_wconf 84' lang='lat' dir='ltr'>Greg.</span> <span class='ocrx_word' id='word_1_281' title='bbox 540 3063 565 3112; x_wconf 85' lang='grc' dir='ltr'>Ν</span> <span class='ocrx_word' id='word_1_282' title='bbox 567 3077 616 3125; x_wconf 76' lang='lat' dir='ltr'>yse.</span> <span class='ocrx_word' id='word_1_283' title='bbox 660 3065 746 3112; x_wconf 81' lang='lat' dir='ltr'>xxxiv.</span> <span class='ocrx_word' id='word_1_284' title='bbox 759 3065 814 3128; x_wconf 85' lang='lat' dir='ltr'>Op,</span> <span class='ocrx_word' id='word_1_285' title='bbox 826 3069 887 3114; x_wconf 89' lang='lat' dir='ltr'>tom.</span> <span class='ocrx_word' id='word_1_286' title='bbox 900 3066 917 3114; x_wconf 92' lang='grc'><strong>1.</strong></span> <span class='ocrx_word' id='word_1_287' title='bbox 928 3066 973 3115; x_wconf 91' lang='lat' dir='ltr'>cel.</span> <span class='ocrx_word' id='word_1_288' title='bbox 987 3068 1058 3117; x_wconf 78' lang='lat'>1163.</span> <span class='ocrx_word' id='word_1_289' title='bbox 1071 3065 1101 3114; x_wconf 89' lang='lat' dir='ltr'>B.</span> <span class='ocrx_word' id='word_1_290' title='bbox 1110 3065 1151 3130; x_wconf 86' lang='lat' dir='ltr'>C.]</span> 
     </span>
     <span class='ocr_line' id='line_1_32' title="bbox 85 3128 1186 3205; baseline 0.002 -27"><span class='ocrx_word' id='word_1_291' title='bbox 85 3129 117 3179; x_wconf 84' lang='lat' dir='ltr'>do</span> <span class='ocrx_word' id='word_1_292' title='bbox 127 3129 152 3178; x_wconf 84' lang='lat' dir='ltr'>S.</span> <span class='ocrx_word' id='word_1_293' title='bbox 165 3128 301 3178; x_wconf 79' lang='lat' dir='ltr'>Theodoro.</span> <span class='ocrx_word' id='word_1_294' title='bbox 314 3128 370 3192; x_wconf 84' lang='lat' dir='ltr'>Op,</span> <span class='ocrx_word' id='word_1_295' title='bbox 380 3132 441 3178; x_wconf 88' lang='lat' dir='ltr'>tom.</span> <span class='ocrx_word' id='word_1_296' title='bbox 453 3129 490 3177; x_wconf 91' lang='lat' dir='ltr'>iii.</span> <span class='ocrx_word' id='word_1_297' title='bbox 502 3143 542 3192; x_wconf 90' lang='lat' dir='ltr'>pp.</span> <span class='ocrx_word' id='word_1_298' title='bbox 560 3129 616 3182; x_wconf 80' lang='lat'>579.</span> <span class='ocrx_word' id='word_1_299' title='bbox 692 3135 702 3158; x_wconf 75' lang='lat'><em>⁶</em></span> <span class='ocrx_word' id='word_1_300' title='bbox 720 3129 746 3205; x_wconf 82' lang='lat'>[‘¹</span> <span class='ocrx_word' id='word_1_301' title='bbox 756 3130 915 3193; x_wconf 73' lang='lat' dir='ltr'>Quaecunque</span> <span class='ocrx_word' id='word_1_302' title='bbox 938 3131 1017 3195; x_wconf 80' lang='lat' dir='ltr'>igitur</span> <span class='ocrx_word' id='word_1_303' title='bbox 1033 3130 1186 3180; x_wconf 70' lang='lat' dir='ltr'>adhibentur</span> 
     </span>
     <span class='ocr_line' id='line_1_33' title="bbox 83 3193 1185 3258; baseline 0.001 -14"><span class='ocrx_word' id='word_1_304' title='bbox 83 3197 117 3245; x_wconf 76' lang='lat' dir='ltr'>A.</span> <span class='ocrx_word' id='word_1_305' title='bbox 131 3194 159 3242; x_wconf 84' lang='lat' dir='ltr'>B.</span> <span class='ocrx_word' id='word_1_306' title='bbox 172 3193 281 3257; x_wconf 66' lang='lat' dir='ltr'>seui]</span> <span class='ocrx_word' id='word_1_307' title='bbox 659 3193 832 3255; x_wconf 80' lang='lat' dir='ltr'>religiosorum</span> <span class='ocrx_word' id='word_1_308' title='bbox 854 3196 972 3258; x_wconf 80' lang='lat' dir='ltr'>obsequie</span> <span class='ocrx_word' id='word_1_309' title='bbox 993 3197 1021 3245; x_wconf 91' lang='lat' dir='ltr'>in</span> <span class='ocrx_word' id='word_1_310' title='bbox 1046 3199 1185 3258; x_wconf 71' lang='lat' dir='ltr'>martyrum</span> 
     </span>
     <span class='ocr_line' id='line_1_34' title="bbox 118 3257 1185 3323; baseline 0.003 -16"><span class='ocrx_word' id='word_1_311' title='bbox 118 3274 130 3307; x_wconf 88' lang='lat' dir='ltr'>r</span> <span class='ocrx_word' id='word_1_312' title='bbox 147 3258 219 3309; x_wconf 76' lang='lat' dir='ltr'>Proel.</span> <span class='ocrx_word' id='word_1_313' title='bbox 232 3257 322 3308; x_wconf 85' lang='lat' dir='ltr'>Monit.</span> <span class='ocrx_word' id='word_1_314' title='bbox 335 3273 359 3321; x_wconf 87' lang='lat' dir='ltr'>p.</span> <span class='ocrx_word' id='word_1_315' title='bbox 369 3260 407 3307; x_wconf 84' lang='grc'><strong>13.</strong></span> <span class='ocrx_word' id='word_1_316' title='bbox 421 3259 454 3323; x_wconf 89' lang='lat' dir='ltr'>[p.</span> <span class='ocrx_word' id='word_1_317' title='bbox 466 3258 518 3322; x_wconf 73' lang='lat' dir='ltr'>sl]</span> <span class='ocrx_word' id='word_1_318' title='bbox 660 3258 729 3319; x_wconf 81' lang='lat' dir='ltr'>locis,</span> <span class='ocrx_word' id='word_1_319' title='bbox 746 3265 893 3309; x_wconf 70' lang='lat' dir='ltr'>ornaments</span> <span class='ocrx_word' id='word_1_320' title='bbox 917 3267 976 3310; x_wconf 88' lang='lat' dir='ltr'>sunt</span> <span class='ocrx_word' id='word_1_321' title='bbox 998 3261 1185 3321; x_wconf 75' lang='lat' dir='ltr'>memoriarum,</span> 
     </span>
     <span class='ocr_line' id='line_1_35' title="bbox 120 3322 1185 3387; baseline 0.002 -14"><span class='ocrx_word' id='word_1_322' title='bbox 120 3342 129 3365; x_wconf 87' lang='grc' dir='ltr'><strong><em>ι</em></strong></span> <span class='ocrx_word' id='word_1_323' title='bbox 156 3324 193 3387; x_wconf 87' lang='lat' dir='ltr'>[S.</span> <span class='ocrx_word' id='word_1_324' title='bbox 215 3325 280 3386; x_wconf 78' lang='lat' dir='ltr'>Aug.</span> <span class='ocrx_word' id='word_1_325' title='bbox 301 3328 379 3372; x_wconf 82' lang='lat' dir='ltr'>conir.</span> <span class='ocrx_word' id='word_1_326' title='bbox 399 3322 483 3372; x_wconf 82' lang='lat' dir='ltr'>Faust.</span> <span class='ocrx_word' id='word_1_327' title='bbox 510 3324 554 3375; x_wconf 90' lang='lat' dir='ltr'>lib.</span> <span class='ocrx_word' id='word_1_328' title='bbox 572 3342 615 3376; x_wconf 83' lang='lat' dir='ltr'>xx.</span> <span class='ocrx_word' id='word_1_329' title='bbox 660 3337 711 3372; x_wconf 89' lang='lat' dir='ltr'>non</span> <span class='ocrx_word' id='word_1_330' title='bbox 730 3326 859 3373; x_wconf 81' lang='lat' dir='ltr'>merovei</span> <span class='ocrx_word' id='word_1_331' title='bbox 887 3326 1009 3375; x_wconf 78' lang='lat' dir='ltr'>sacrificiu</span> <span class='ocrx_word' id='word_1_332' title='bbox 1028 3328 1185 3375; x_wconf 87' lang='lat' dir='ltr'>mortuorum</span> 
     </span>
     <span class='ocr_line' id='line_1_36' title="bbox 85 3388 1185 3455; baseline 0.002 -18"><span class='ocrx_word' id='word_1_333' title='bbox 85 3394 145 3437; x_wconf 88' lang='lat' dir='ltr'>sect.</span> <span class='ocrx_word' id='word_1_334' title='bbox 158 3390 197 3437; x_wconf 82' lang='lat'>21.</span> <span class='ocrx_word' id='word_1_335' title='bbox 210 3388 266 3452; x_wconf 86' lang='lat' dir='ltr'>Op,</span> <span class='ocrx_word' id='word_1_336' title='bbox 277 3394 338 3437; x_wconf 91' lang='lat' dir='ltr'>tom.</span> <span class='ocrx_word' id='word_1_337' title='bbox 346 3389 400 3436; x_wconf 85' lang='lat' dir='ltr'>viii.</span> <span class='ocrx_word' id='word_1_338' title='bbox 413 3389 457 3437; x_wconf 91' lang='lat' dir='ltr'>eol.</span> <span class='ocrx_word' id='word_1_339' title='bbox 471 3390 526 3438; x_wconf 77' lang='lat' dir='ltr'>elo.</span> <span class='ocrx_word' id='word_1_340' title='bbox 539 3390 581 3455; x_wconf 86' lang='lat' dir='ltr'>A.]</span> <span class='ocrx_word' id='word_1_341' title='bbox 659 3391 779 3449; x_wconf 77' lang='lat' dir='ltr'>tunquam</span> <span class='ocrx_word' id='word_1_342' title='bbox 800 3388 917 3438; x_wconf 89' lang='lat' dir='ltr'>Deorum.</span> <span class='ocrx_word' id='word_1_343' title='bbox 938 3389 1085 3452; x_wconf 83' lang='lat' dir='ltr'>Quicunque</span> <span class='ocrx_word' id='word_1_344' title='bbox 1107 3391 1185 3439; x_wconf 84' lang='lat' dir='ltr'>etiam</span> 
     </span>
     <span class='ocr_line' id='line_1_37' title="bbox 120 3452 1186 3519; baseline 0.002 -17"><span class='ocrx_word' id='word_1_345' title='bbox 120 3462 131 3484; x_wconf 79' lang='lat'>⁸</span> <span class='ocrx_word' id='word_1_346' title='bbox 149 3453 237 3517; x_wconf 83' lang='lat' dir='ltr'>[“Sed</span> <span class='ocrx_word' id='word_1_347' title='bbox 265 3453 311 3503; x_wconf 90' lang='lat' dir='ltr'>hoc</span> <span class='ocrx_word' id='word_1_348' title='bbox 339 3453 417 3501; x_wconf 89' lang='lat' dir='ltr'>nimis</span> <span class='ocrx_word' id='word_1_349' title='bbox 444 3453 525 3512; x_wconf 86' lang='lat' dir='ltr'>doleo,</span> <span class='ocrx_word' id='word_1_350' title='bbox 545 3455 615 3519; x_wconf 90' lang='lat' dir='ltr'>quod</span> <span class='ocrx_word' id='word_1_351' title='bbox 659 3452 985 3514; x_wconf 81' lang='lat' dir='ltr'>epulessuaseodelerunt,</span> <span class='ocrx_word' id='word_1_352' title='bbox 1000 3454 1067 3516; x_wconf 83' lang='lat' dir='ltr'>quod</span> <span class='ocrx_word' id='word_1_353' title='bbox 1083 3453 1186 3517; x_wconf 87' lang='lat' dir='ltr'>quidem</span> 
     </span>
     <span class='ocr_line' id='line_1_38' title="bbox 85 3517 1186 3582; baseline 0 -14"><span class='ocrx_word' id='word_1_354' title='bbox 85 3518 168 3568; x_wconf 77' lang='lat' dir='ltr'>mulie</span> <span class='ocrx_word' id='word_1_355' title='bbox 190 3534 247 3582; x_wconf 79' lang='lat' dir='ltr'>quie</span> <span class='ocrx_word' id='word_1_356' title='bbox 274 3519 302 3567; x_wconf 93' lang='lat' dir='ltr'>in</span> <span class='ocrx_word' id='word_1_357' title='bbox 330 3518 425 3566; x_wconf 81' lang='lat' dir='ltr'>divinis</span> <span class='ocrx_word' id='word_1_358' title='bbox 453 3518 616 3570; x_wconf 81' lang='lat' dir='ltr'>suluberrimo</span> <span class='ocrx_word' id='word_1_359' title='bbox 659 3517 836 3567; x_wconf 77' lang='lat' dir='ltr'>errisiienis</span> <span class='ocrx_word' id='word_1_360' title='bbox 847 3518 994 3568; x_wconf 87' lang='lat' dir='ltr'>melioribus</span> <span class='ocrx_word' id='word_1_361' title='bbox 1008 3534 1059 3568; x_wconf 90' lang='lat' dir='ltr'>non</span> <span class='ocrx_word' id='word_1_362' title='bbox 1072 3519 1109 3577; x_wconf 82' lang='lat' dir='ltr'>fit,</span> <span class='ocrx_word' id='word_1_363' title='bbox 1122 3520 1186 3568; x_wconf 84' lang='lat' dir='ltr'>etin</span> 
     </span>
     <span class='ocr_line' id='line_1_39' title="bbox 86 3581 1187 3647; baseline 0 -14"><span class='ocrx_word' id='word_1_364' title='bbox 86 3587 212 3647; x_wconf 67' lang='lat' dir='ltr'>precepto</span> <span class='ocrx_word' id='word_1_365' title='bbox 235 3587 295 3632; x_wconf 85' lang='lat' dir='ltr'>sunt</span> <span class='ocrx_word' id='word_1_366' title='bbox 322 3583 407 3631; x_wconf 83' lang='lat' dir='ltr'>minus</span> <span class='ocrx_word' id='word_1_367' title='bbox 429 3590 561 3642; x_wconf 60' lang='lat' dir='ltr'>cusentum</span> <span class='ocrx_word' id='word_1_368' title='bbox 589 3590 616 3634; x_wconf 87' lang='lat' dir='ltr'>et</span> <span class='ocrx_word' id='word_1_369' title='bbox 659 3581 785 3644; x_wconf 85' lang='lat' dir='ltr'>plerisque</span> <span class='ocrx_word' id='word_1_370' title='bbox 796 3589 919 3632; x_wconf 80' lang='lat' dir='ltr'>terrarum</span> <span class='ocrx_word' id='word_1_371' title='bbox 931 3584 1002 3633; x_wconf 80' lang='lat' dir='ltr'>nuile</span> <span class='ocrx_word' id='word_1_372' title='bbox 1012 3584 1071 3633; x_wconf 81' lang='lat' dir='ltr'>tulis</span> <span class='ocrx_word' id='word_1_373' title='bbox 1081 3587 1120 3633; x_wconf 87' lang='lat' dir='ltr'>est</span> <span class='ocrx_word' id='word_1_374' title='bbox 1131 3599 1187 3633; x_wconf 91' lang='lat' dir='ltr'>con·</span> 
     </span>
     <span class='ocr_line' id='line_1_40' title="bbox 86 3647 1186 3713; baseline 0 -15"><span class='ocrx_word' id='word_1_375' title='bbox 86 3657 141 3698; x_wconf 70' lang='lat' dir='ltr'>tam</span> <span class='ocrx_word' id='word_1_376' title='bbox 152 3649 240 3698; x_wconf 90' lang='lat' dir='ltr'>multis</span> <span class='ocrx_word' id='word_1_377' title='bbox 250 3647 533 3711; x_wconf 79' lang='lat' dir='ltr'>praesumptienibusslc</span> <span class='ocrx_word' id='word_1_378' title='bbox 541 3650 616 3713; x_wconf 76' lang='lat' dir='ltr'>plena</span> <span class='ocrx_word' id='word_1_379' title='bbox 659 3649 777 3706; x_wconf 83' lang='lat' dir='ltr'>suetudo;</span> <span class='ocrx_word' id='word_1_380' title='bbox 794 3652 880 3697; x_wconf 81' lang='lat' dir='ltr'>tomen</span> <span class='ocrx_word' id='word_1_381' title='bbox 892 3649 1034 3711; x_wconf 86' lang='lat' dir='ltr'>quicunque</span> <span class='ocrx_word' id='word_1_382' title='bbox 1044 3649 1072 3698; x_wconf 88' lang='lat' dir='ltr'>id</span> <span class='ocrx_word' id='word_1_383' title='bbox 1083 3649 1186 3710; x_wconf 76' lang='lat' dir='ltr'>fuciunt,</span> 
     </span>
     <span class='ocr_line' id='line_1_41' title="bbox 86 3714 1187 3777; baseline 0.003 -15"><span class='ocrx_word' id='word_1_384' title='bbox 86 3718 148 3762; x_wconf 82' lang='lat' dir='ltr'>sunt</span> <span class='ocrx_word' id='word_1_385' title='bbox 158 3714 250 3771; x_wconf 81' lang='lat' dir='ltr'>omnin,</span> <span class='ocrx_word' id='word_1_386' title='bbox 259 3717 289 3762; x_wconf 89' lang='lat' dir='ltr'>nt</span> <span class='ocrx_word' id='word_1_387' title='bbox 298 3714 400 3774; x_wconf 73' lang='lat' dir='ltr'>grunius</span> <span class='ocrx_word' id='word_1_388' title='bbox 411 3715 561 3775; x_wconf 79' lang='lat' dir='ltr'>corripietur</span> <span class='ocrx_word' id='word_1_389' title='bbox 571 3717 614 3777; x_wconf 90' lang='lat' dir='ltr'>qui</span> <span class='ocrx_word' id='word_1_390' title='bbox 660 3725 720 3773; x_wconf 72' lang='lat' dir='ltr'>quus</span> <span class='ocrx_word' id='word_1_391' title='bbox 736 3727 793 3761; x_wconf 86' lang='lat' dir='ltr'>cum</span> <span class='ocrx_word' id='word_1_392' title='bbox 810 3715 979 3776; x_wconf 71' lang='lat' dir='ltr'>opposuerint,</span> <span class='ocrx_word' id='word_1_393' title='bbox 991 3719 1072 3773; x_wconf 80' lang='lat' dir='ltr'>oraui,</span> <span class='ocrx_word' id='word_1_394' title='bbox 1083 3719 1110 3762; x_wconf 87' lang='lat' dir='ltr'>et</span> <span class='ocrx_word' id='word_1_395' title='bbox 1122 3716 1187 3765; x_wconf 84' lang='lat' dir='ltr'>unie-</span> 
     </span>
     <span class='ocr_line' id='line_1_42' title="bbox 87 3778 1186 3844; baseline 0.004 -18"><span class='ocrx_word' id='word_1_396' title='bbox 87 3793 133 3841; x_wconf 86' lang='lat' dir='ltr'>per</span> <span class='ocrx_word' id='word_1_397' title='bbox 153 3783 253 3828; x_wconf 76' lang='lat' dir='ltr'>octavus</span> <span class='ocrx_word' id='word_1_398' title='bbox 275 3793 331 3827; x_wconf 83' lang='lat' dir='ltr'>sues</span> <span class='ocrx_word' id='word_1_399' title='bbox 351 3783 443 3826; x_wconf 87' lang='lat' dir='ltr'>terrum</span> <span class='ocrx_word' id='word_1_400' title='bbox 465 3778 533 3829; x_wconf 89' lang='lat' dir='ltr'>nudo</span> <span class='ocrx_word' id='word_1_401' title='bbox 552 3781 615 3844; x_wconf 83' lang='lat' dir='ltr'>pede</span> <span class='ocrx_word' id='word_1_402' title='bbox 660 3782 726 3835; x_wconf 87' lang='lat' dir='ltr'>runt,</span> <span class='ocrx_word' id='word_1_403' title='bbox 745 3781 774 3826; x_wconf 83' lang='lat' dir='ltr'>ut</span> <span class='ocrx_word' id='word_1_404' title='bbox 791 3785 929 3838; x_wconf 78' lang='lat' dir='ltr'>vescuntur,</span> <span class='ocrx_word' id='word_1_405' title='bbox 947 3780 987 3829; x_wconf 85' lang='lat' dir='ltr'>vel</span> <span class='ocrx_word' id='word_1_406' title='bbox 1007 3794 1037 3829; x_wconf 84' lang='lat' dir='ltr'>ex</span> <span class='ocrx_word' id='word_1_407' title='bbox 1058 3780 1090 3829; x_wconf 87' lang='lat' dir='ltr'>iis</span> <span class='ocrx_word' id='word_1_408' title='bbox 1109 3781 1186 3833; x_wconf 81' lang='lat' dir='ltr'>etium</span> 
     </span>
     <span class='ocr_line' id='line_1_43' title="bbox 87 3842 1187 3906; baseline 0.006 -18"><span class='ocrx_word' id='word_1_409' title='bbox 87 3843 208 3904; x_wconf 72' lang='lat' dir='ltr'>tetigerit,</span> <span class='ocrx_word' id='word_1_410' title='bbox 236 3857 311 3905; x_wconf 71' lang='lat' dir='ltr'>quum</span> <span class='ocrx_word' id='word_1_411' title='bbox 339 3843 383 3905; x_wconf 90' lang='lat' dir='ltr'>qui</span> <span class='ocrx_word' id='word_1_412' title='bbox 411 3846 523 3892; x_wconf 83' lang='lat' dir='ltr'>mentem</span> <span class='ocrx_word' id='word_1_413' title='bbox 549 3847 616 3894; x_wconf 82' lang='lat' dir='ltr'>vino</span> <span class='ocrx_word' id='word_1_414' title='bbox 659 3842 834 3904; x_wconf 79' lang='lat' dir='ltr'>indigentibus</span> <span class='ocrx_word' id='word_1_415' title='bbox 861 3845 1008 3906; x_wconf 81' lang='lat' dir='ltr'>largiantur,</span> <span class='ocrx_word' id='word_1_416' title='bbox 1036 3847 1187 3897; x_wconf 77' lang='lat' dir='ltr'>sanctificari</span> 
     </span>
     <span class='ocr_line' id='line_1_44' title="bbox 87 3905 1187 3976; baseline 0.005 -20"><span class='ocrx_word' id='word_1_417' title='bbox 87 3908 166 3956; x_wconf 74' lang='lat' dir='ltr'>lentie</span> <span class='ocrx_word' id='word_1_418' title='bbox 177 3905 395 3971; x_wconf 58' lang='lat' dir='ltr'>sepelieritP-S]</span> <span class='ocrx_word' id='word_1_419' title='bbox 404 3909 470 3969; x_wconf 79' lang='lat' dir='ltr'>Aug.</span> <span class='ocrx_word' id='word_1_420' title='bbox 479 3908 558 3971; x_wconf 80' lang='lat' dir='ltr'>Epist.</span> <span class='ocrx_word' id='word_1_421' title='bbox 572 3910 615 3974; x_wconf 82' lang='lat' dir='ltr'>[lv.</span> <span class='ocrx_word' id='word_1_422' title='bbox 659 3907 708 3955; x_wconf 87' lang='lat' dir='ltr'>sibi</span> <span class='ocrx_word' id='word_1_423' title='bbox 725 3923 766 3956; x_wconf 82' lang='lat' dir='ltr'>ene</span> <span class='ocrx_word' id='word_1_424' title='bbox 777 3909 866 3957; x_wconf 80' lang='lat' dir='ltr'>volunt</span> <span class='ocrx_word' id='word_1_425' title='bbox 882 3910 1031 3972; x_wconf 72' lang='lat' dir='ltr'>permerito</span> <span class='ocrx_word' id='word_1_426' title='bbox 1047 3918 1187 3976; x_wconf 78' lang='lat' dir='ltr'>martyrum</span> 
     </span>
     <span class='ocr_line' id='line_1_45' title="bbox 89 3972 1188 4038; baseline 0.005 -17"><span class='ocrx_word' id='word_1_427' title='bbox 89 3972 148 4022; x_wconf 78' lang='lat' dir='ltr'>Bon.</span> <span class='ocrx_word' id='word_1_428' title='bbox 162 3973 216 4036; x_wconf 77' lang='lat' dir='ltr'>(ul.]</span> <span class='ocrx_word' id='word_1_429' title='bbox 234 3973 300 4022; x_wconf 83' lang='lat' dir='ltr'>cxix.</span> <span class='ocrx_word' id='word_1_430' title='bbox 322 3972 412 4036; x_wconf 85' lang='lat' dir='ltr'>[)Sect.</span> <span class='ocrx_word' id='word_1_431' title='bbox 430 3976 469 4022; x_wconf 84' lang='lat'>35.</span> <span class='ocrx_word' id='word_1_432' title='bbox 488 3975 543 4037; x_wconf 72' lang='lat' dir='ltr'>Op„</span> <span class='ocrx_word' id='word_1_433' title='bbox 554 3980 615 4024; x_wconf 90' lang='lat' dir='ltr'>tom.</span> <span class='ocrx_word' id='word_1_434' title='bbox 660 3972 687 4020; x_wconf 89' lang='lat' dir='ltr'>in</span> <span class='ocrx_word' id='word_1_435' title='bbox 704 3973 806 4022; x_wconf 87' lang='lat' dir='ltr'>nomine</span> <span class='ocrx_word' id='word_1_436' title='bbox 825 3973 929 4023; x_wconf 87' lang='lat' dir='ltr'>Domini</span> <span class='ocrx_word' id='word_1_437' title='bbox 947 3980 1093 4038; x_wconf 75' lang='lat' dir='ltr'>martyrum.</span> <span class='ocrx_word' id='word_1_438' title='bbox 1128 3977 1188 4027; x_wconf 90' lang='lat' dir='ltr'>Non</span> 
     </span>
     <span class='ocr_line' id='line_1_46' title="bbox 86 4037 1187 4106; baseline 0.005 -19"><span class='ocrx_word' id='word_1_439' title='bbox 86 4039 114 4087; x_wconf 90' lang='lat' dir='ltr'>ii.</span> <span class='ocrx_word' id='word_1_440' title='bbox 126 4037 172 4087; x_wconf 80' lang='lat' dir='ltr'>col.</span> <span class='ocrx_word' id='word_1_441' title='bbox 185 4041 239 4086; x_wconf 78' lang='lat'>212.</span> <span class='ocrx_word' id='word_1_442' title='bbox 253 4037 296 4100; x_wconf 89' lang='lat' dir='ltr'>B.]</span> <span class='ocrx_word' id='word_1_443' title='bbox 659 4043 744 4086; x_wconf 84' lang='lat' dir='ltr'>eutem</span> <span class='ocrx_word' id='word_1_444' title='bbox 767 4053 819 4087; x_wconf 91' lang='lat' dir='ltr'>esse</span> <span class='ocrx_word' id='word_1_445' title='bbox 842 4039 891 4089; x_wconf 83' lang='lat' dir='ltr'>isin</span> <span class='ocrx_word' id='word_1_446' title='bbox 909 4041 1031 4090; x_wconf 73' lang='lat' dir='ltr'>sacrificis</span> <span class='ocrx_word' id='word_1_447' title='bbox 1048 4047 1187 4106; x_wconf 78' lang='lat' dir='ltr'>martyrum</span> 
     </span>
     <span class='ocr_line' id='line_1_47' title="bbox 120 4099 1187 4168; baseline 0.002 -16"><span class='ocrx_word' id='word_1_448' title='bbox 120 4099 131 4133; x_wconf 62' lang='lat'>⁵</span> <span class='ocrx_word' id='word_1_449' title='bbox 152 4102 276 4166; x_wconf 80' lang='lat' dir='ltr'>[·‘Nolite</span> <span class='ocrx_word' id='word_1_450' title='bbox 298 4102 363 4150; x_wconf 90' lang='lat' dir='ltr'>mihi</span> <span class='ocrx_word' id='word_1_451' title='bbox 386 4103 504 4164; x_wconf 84' lang='lat' dir='ltr'>colligere</span> <span class='ocrx_word' id='word_1_452' title='bbox 526 4105 617 4166; x_wconf 82' lang='lat' dir='ltr'>proles·</span> <span class='ocrx_word' id='word_1_453' title='bbox 660 4103 738 4159; x_wconf 83' lang='lat' dir='ltr'>novit,</span> <span class='ocrx_word' id='word_1_454' title='bbox 761 4105 806 4165; x_wconf 85' lang='lat' dir='ltr'>qui</span> <span class='ocrx_word' id='word_1_455' title='bbox 826 4105 898 4153; x_wconf 79' lang='lat' dir='ltr'>novit</span> <span class='ocrx_word' id='word_1_456' title='bbox 920 4121 998 4154; x_wconf 90' lang='lat' dir='ltr'>unum</span> <span class='ocrx_word' id='word_1_457' title='bbox 1021 4107 1088 4168; x_wconf 89' lang='lat' dir='ltr'>quod</span> <span class='ocrx_word' id='word_1_458' title='bbox 1110 4109 1187 4158; x_wconf 86' lang='lat' dir='ltr'>etium</span> 
     </span>
     <span class='ocr_line' id='line_1_48' title="bbox 86 4167 1188 4232; baseline 0.005 -17"><span class='ocrx_word' id='word_1_459' title='bbox 86 4181 155 4216; x_wconf 82' lang='lat' dir='ltr'>sores</span> <span class='ocrx_word' id='word_1_460' title='bbox 172 4168 285 4217; x_wconf 80' lang='lat' dir='ltr'>nominis</span> <span class='ocrx_word' id='word_1_461' title='bbox 306 4167 452 4227; x_wconf 76' lang='lat' dir='ltr'>Christiani,</span> <span class='ocrx_word' id='word_1_462' title='bbox 464 4184 510 4217; x_wconf 89' lang='lat' dir='ltr'>nce</span> <span class='ocrx_word' id='word_1_463' title='bbox 527 4171 618 4232; x_wconf 85' lang='lat' dir='ltr'>proles·</span> <span class='ocrx_word' id='word_1_464' title='bbox 660 4167 714 4216; x_wconf 88' lang='lat' dir='ltr'>iilic</span> <span class='ocrx_word' id='word_1_465' title='bbox 735 4168 839 4217; x_wconf 85' lang='lat' dir='ltr'>offertur</span> <span class='ocrx_word' id='word_1_466' title='bbox 857 4168 1011 4219; x_wconf 84' lang='lat' dir='ltr'>Sacrificium</span> <span class='ocrx_word' id='word_1_467' title='bbox 1037 4171 1188 4220; x_wconf 76' lang='lat' dir='ltr'>Christiano</span> 
     </span>
     <span class='ocr_line' id='line_1_49' title="bbox 86 4233 1186 4298; baseline 0.004 -18"><span class='ocrx_word' id='word_1_468' title='bbox 86 4233 166 4281; x_wconf 86' lang='lat' dir='ltr'>sionis</span> <span class='ocrx_word' id='word_1_469' title='bbox 182 4247 234 4281; x_wconf 81' lang='lat' dir='ltr'>sune</span> <span class='ocrx_word' id='word_1_470' title='bbox 246 4233 298 4280; x_wconf 82' lang='lat' dir='ltr'>rim</span> <span class='ocrx_word' id='word_1_471' title='bbox 315 4238 360 4282; x_wconf 80' lang='lat' dir='ltr'>out</span> <span class='ocrx_word' id='word_1_472' title='bbox 370 4233 476 4281; x_wconf 83' lang='lat' dir='ltr'>scientes</span> <span class='ocrx_word' id='word_1_473' title='bbox 493 4237 537 4282; x_wconf 83' lang='lat' dir='ltr'>eut</span> <span class='ocrx_word' id='word_1_474' title='bbox 548 4233 617 4283; x_wconf 80' lang='lat' dir='ltr'>exbi-</span> <span class='ocrx_word' id='word_1_475' title='bbox 661 4234 783 4283; x_wconf 85' lang='lat' dir='ltr'>rum—S.</span> <span class='ocrx_word' id='word_1_476' title='bbox 794 4233 871 4297; x_wconf 70' lang='lat' dir='ltr'>Aug]</span> <span class='ocrx_word' id='word_1_477' title='bbox 883 4234 914 4284; x_wconf 90' lang='lat' dir='ltr'>de</span> <span class='ocrx_word' id='word_1_478' title='bbox 924 4235 976 4284; x_wconf 79' lang='lat' dir='ltr'>Cis.</span> <span class='ocrx_word' id='word_1_479' title='bbox 988 4235 1042 4283; x_wconf 90' lang='lat' dir='ltr'>Dei.</span> <span class='ocrx_word' id='word_1_480' title='bbox 1056 4234 1124 4298; x_wconf 81' lang='lat' dir='ltr'>[lib]</span> <span class='ocrx_word' id='word_1_481' title='bbox 1134 4237 1186 4284; x_wconf 80' lang='lat' dir='ltr'>viii.</span> 
     </span>
     <span class='ocr_line' id='line_1_50' title="bbox 87 4297 1188 4363; baseline 0 -16"><span class='ocrx_word' id='word_1_482' title='bbox 87 4297 182 4347; x_wconf 65' lang='lat' dir='ltr'>beate«.</span> <span class='ocrx_word' id='word_1_483' title='bbox 218 4297 305 4346; x_wconf 76' lang='lat' dir='ltr'>Nolite</span> <span class='ocrx_word' id='word_1_484' title='bbox 322 4299 458 4346; x_wconf 78' lang='lat' dir='ltr'>consectari</span> <span class='ocrx_word' id='word_1_485' title='bbox 471 4298 557 4348; x_wconf 79' lang='lat' dir='ltr'>turbas</span> <span class='ocrx_word' id='word_1_486' title='bbox 571 4301 616 4347; x_wconf 89' lang='lat' dir='ltr'>im·</span> <span class='ocrx_word' id='word_1_487' title='bbox 658 4298 743 4363; x_wconf 71' lang='lat' dir='ltr'>[cup]</span> <span class='ocrx_word' id='word_1_488' title='bbox 758 4301 796 4349; x_wconf 72' lang='grc'>17.</span> <span class='ocrx_word' id='word_1_489' title='bbox 812 4299 881 4363; x_wconf 84' lang='lat' dir='ltr'>[sect.</span> <span class='ocrx_word' id='word_1_490' title='bbox 895 4302 916 4347; x_wconf 84' lang='lat'>1.</span> <span class='ocrx_word' id='word_1_491' title='bbox 932 4301 987 4363; x_wconf 76' lang='lat' dir='ltr'>Op,</span> <span class='ocrx_word' id='word_1_492' title='bbox 999 4305 1059 4348; x_wconf 82' lang='lat' dir='ltr'>tom.</span> <span class='ocrx_word' id='word_1_493' title='bbox 1076 4301 1118 4349; x_wconf 88' lang='lat' dir='ltr'>vii.</span> <span class='ocrx_word' id='word_1_494' title='bbox 1131 4300 1188 4349; x_wconf 90' lang='lat' dir='ltr'>coll.</span> 
     </span>
     <span class='ocr_line' id='line_1_51' title="bbox 86 4362 924 4426; baseline 0.004 -16"><span class='ocrx_word' id='word_1_495' title='bbox 86 4363 235 4425; x_wconf 80' lang='lat' dir='ltr'>peritorum,</span> <span class='ocrx_word' id='word_1_496' title='bbox 247 4363 290 4424; x_wconf 81' lang='lat' dir='ltr'>qui</span> <span class='ocrx_word' id='word_1_497' title='bbox 310 4363 348 4410; x_wconf 82' lang='lat' dir='ltr'>vel</span> <span class='ocrx_word' id='word_1_498' title='bbox 368 4363 395 4410; x_wconf 90' lang='lat' dir='ltr'>in</span> <span class='ocrx_word' id='word_1_499' title='bbox 412 4362 466 4425; x_wconf 81' lang='lat' dir='ltr'>ipsu</span> <span class='ocrx_word' id='word_1_500' title='bbox 484 4379 543 4413; x_wconf 74' lang='lat' dir='ltr'>reru</span> <span class='ocrx_word' id='word_1_501' title='bbox 560 4365 614 4413; x_wconf 87' lang='lat' dir='ltr'>reli·</span> <span class='ocrx_word' id='word_1_502' title='bbox 660 4363 924 4426; x_wconf 64' lang='grc'><strong>3110113511]</strong></span> 
     </span>
     <span class='ocr_line' id='line_1_52' title="bbox 85 4426 1188 4491; baseline 0.001 -16"><span class='ocrx_word' id='word_1_503' title='bbox 85 4428 163 4489; x_wconf 78' lang='lat' dir='ltr'>gieue</span> <span class='ocrx_word' id='word_1_504' title='bbox 180 4427 350 4489; x_wconf 79' lang='lat' dir='ltr'>superstitiosi</span> <span class='ocrx_word' id='word_1_505' title='bbox 368 4432 435 4485; x_wconf 85' lang='lat' dir='ltr'>sunt,</span> <span class='ocrx_word' id='word_1_506' title='bbox 450 4428 490 4476; x_wconf 75' lang='lat' dir='ltr'>ici</span> <span class='ocrx_word' id='word_1_507' title='bbox 508 4429 545 4478; x_wconf 83' lang='lat' dir='ltr'>itu</span> <span class='ocrx_word' id='word_1_508' title='bbox 561 4428 616 4478; x_wconf 91' lang='lat' dir='ltr'>libi·</span> <span class='ocrx_word' id='word_1_509' title='bbox 693 4427 705 4459; x_wconf 82' lang='lat'>‘¹</span> <span class='ocrx_word' id='word_1_510' title='bbox 723 4428 812 4491; x_wconf 79' lang='grc' dir='ltr'><strong><em>[Ταῦτα</em></strong></span> <span class='ocrx_word' id='word_1_511' title='bbox 829 4431 856 4477; x_wconf 72' lang='grc' dir='ltr'>αὖ</span> <span class='ocrx_word' id='word_1_512' title='bbox 874 4429 954 4481; x_wconf 76' lang='grc' dir='ltr'><strong><em>σέβεις</em></strong></span> <span class='ocrx_word' id='word_1_513' title='bbox 966 4428 1021 4476; x_wconf 75' lang='grc' dir='ltr'>ἄλλ’</span> <span class='ocrx_word' id='word_1_514' title='bbox 1034 4426 1188 4488; x_wconf 58' lang='lat' dir='ltr'>irradiari</span> 
     </span>
     <span class='ocr_line' id='line_1_53' title="bbox 86 4491 1190 4558; baseline 0.001 -18"><span class='ocrx_word' id='word_1_515' title='bbox 86 4492 191 4541; x_wconf 76' lang='lat' dir='ltr'>dinibus</span> <span class='ocrx_word' id='word_1_516' title='bbox 216 4491 305 4552; x_wconf 74' lang='lat' dir='ltr'>dediti,</span> <span class='ocrx_word' id='word_1_517' title='bbox 328 4496 357 4540; x_wconf 79' lang='lat' dir='ltr'>ut</span> <span class='ocrx_word' id='word_1_518' title='bbox 384 4492 458 4541; x_wconf 90' lang='lat' dir='ltr'>obliti</span> <span class='ocrx_word' id='word_1_519' title='bbox 480 4494 533 4543; x_wconf 74' lang='lat' dir='ltr'>uini</span> <span class='ocrx_word' id='word_1_520' title='bbox 554 4495 616 4556; x_wconf 84' lang='lat' dir='ltr'>quid</span> <span class='ocrx_word' id='word_1_521' title='bbox 660 4496 706 4554; x_wconf 71' lang='grc' dir='ltr'><strong><em>τὴν</em></strong></span> <span class='ocrx_word' id='word_1_522' title='bbox 717 4493 859 4556; x_wconf 69' lang='grc' dir='ltr'><strong><em>Ἡρακλέους</em></strong></span> <span class='ocrx_word' id='word_1_523' title='bbox 874 4491 996 4553; x_wconf 67' lang='grc' dir='ltr'><strong><em>θαυμάζων</em></strong></span> <span class='ocrx_word' id='word_1_524' title='bbox 1011 4496 1088 4558; x_wconf 75' lang='grc' dir='ltr'><strong><em>πνριὶν</em></strong></span> <span class='ocrx_word' id='word_1_525' title='bbox 1102 4493 1147 4553; x_wconf 79' lang='grc' dir='ltr'><strong><em>τὴν</em></strong></span> <span class='ocrx_word' id='word_1_526' title='bbox 1163 4496 1190 4556; x_wconf 67' lang='grc' dir='ltr'>ἐξ</span> 
     </span>
    </p>
   </div>
   <div class='ocr_carea' id='block_1_8' title="bbox 0 0 1466 4926">
    <p class='ocr_par' dir='ltr' id='par_1_8' title="bbox 0 0 1466 4926">
     <span class='ocr_line' id='line_1_54' title="bbox 0 0 1466 4926; baseline 0 0"><span class='ocrx_word' id='word_1_527' title='bbox 0 0 1466 4926; x_wconf 95' lang='lat' dir='ltr'> </span> 
     </span>
    </p>
   </div>
  </div>
 </body>
</html>
