2910 4926
452 282 636 332 aromeuu
657 284 841 334 nrsrousro.
1131 272 1197 336 237

98 435 191 515 quari
217 455 329 516 eorpus
358 437 424 519 ejus
443 445 703 521 perunpentem'.
749 440 881 505 Thomae
911 439 1065 504 Beeletti
1093 440 1199 504 nostri

98 536 217 601 detrita
239 545 272 601 ct
298 539 404 604 lacera
430 541 598 606 femoralia
622 551 858 607 consuentem:
897 563 998 627 eoque
1028 544 1131 627 signo,
1154 563 1197 606 ne

96 640 327 725 Presbyterum
342 642 472 725 (durum
494 645 625 728 ingenio
641 668 738 730 supra
759 646 902 729 modum)
923 646 1024 728 gradu
1041 653 1195 724 moveret,

98 743 155 806 sed
170 765 246 808 eum
266 768 324 809 sua
345 747 573 812 insufficientia
594 750 761 813 literarum
776 750 984 832 dispensaret,
1001 771 1108 814 severe
1128 749 1196 813 edi-

96 854 255 911 centcm¹.
301 850 344 913 In
360 871 395 913 os
416 851 494 932 aegri
511 852 637 930 Clerici,
653 853 805 917 extractis
820 851 984 930 uberibus,
999 853 1051 916 lae
1067 852 1198 915 immul-

98 957 230 1032 gentem
242 961 265 1014 5.
306 952 431 1015 Laesam
447 953 601 1017 Monialis
617 955 730 1018 tibiam
746 963 915 1038 unguento
932 955 972 1018 de
987 954 1103 1039 pyxide
1118 954 1199 1019 obli·

96 1059 249 1129 nentcm;
276 1061 360 1137 post,
383 1077 517 1119 manum
544 1055 603 1120 sub
628 1066 741 1121 mento
766 1065 952 1142 ponentem,
976 1064 1009 1121 et
1036 1055 1197 1140 quomodo

97 1154 300 1243 disciplinate
325 1180 412 1242 genu
434 1159 579 1225 flecteret
604 1159 791 1225 edocentem
803 1173 824 1224 ¹.
870 1159 989 1225 Adami
1015 1158 1198 1224 Sacerdotis

102 1260 184 1341 (tum
212 1262 315 1344 pueri)
348 1262 530 1327 scabiosum
559 1271 656 1349 eaput
683 1273 851 1329 sanantem
861 1276 884 1329 ⁸.
932 1266 1035 1328 Juttae
1065 1263 1198 1328 filiolam

99 1360 260 1426 sublatam
279 1365 387 1447 (quam
402 1366 496 1449 lupus
519 1367 554 1429 in
569 1368 663 1431 silvas
677 1370 867 1451 asportaret)
886 1367 978 1431 anxie
997 1367 1197 1444 reddentem,

98 1462 205 1546 idque,
231 1488 303 1550 prae.
321 1467 437 1532 timore
460 1489 497 1533 ae
516 1470 615 1533 minis
627 1495 636 1546 3
669 1470 767 1535 filiolo
790 1471 877 1534 enim
899 1491 956 1534 suo
977 1470 1057 1532 Jesu
1079 1467 1199 1551 alioqui

99 1567 284 1648 carituram,
301 1591 398 1654 quem
419 1572 439 1634 J
443 1578 523 1650 utta,
542 1594 560 1636 e
583 1573 658 1636 sinu
678 1574 747 1656 ejus
763 1573 906 1636 avulsum
935 1573 981 1654 (in
994 1571 1197 1651 vindictam),

97 1691 264 1753 nunquam
288 1672 318 1736 ei
348 1673 514 1738 redditura
536 1674 652 1754 fuerat,
676 1675 737 1738 nisi
767 1675 793 1738 si
819 1682 960 1738 curasset
986 1673 1114 1737 restitui
1137 1672 1198 1736 sibi

93 1771 220 1849 ¹suuml.
267 1775 419 1839 Latronis
443 1777 591 1842 decollati
614 1799 730 1862 corpus
753 1778 969 1856 effodientem,
986 1783 1082 1860 eaput
1098 1775 1197 1840 eervi-

97 1875 188 1941 cibus
211 1877 429 1962 adaptantem,
451 1887 485 1944 ct
506 1881 692 1958 unientem,
716 1881 751 1943 in
772 1881 891 1944 feretro
912 1887 1097 1963 ponentem,
1120 1900 1196 1962 pur-

99 2000 181 2062 pura
199 1981 300 2062 (mirae
316 1988 462 2060 texturae,
479 1991 513 2046 et
535 1983 704 2065 plusquam
727 1982 863 2045 humaui
885 1982 1021 2063 artificii)
1041 1981 1197 2044 feretrum

98 2084 169 2167 ejus
199 2083 416 2168 obtegentem,
448 2086 487 2150 de
518 2086 660 2168 exequiis
694 2086 765 2170 ejus
794 2086 968 2150 honorifice
999 2083 1198 2149 celebrandis

103 2187 269 2270 (tanquam
284 2188 449 2271 Capellani
464 2189 524 2271 eui)
545 2209 652 2252 severe
668 2188 906 2272 praecipientem
915 2196 937 2248 ⁰.

131 2337 220 2401 Neque
231 2337 320 2390 dicunt
331 2354 386 2390 eam
402 2339 434 2390 ad
450 2341 534 2390 oscula
549 2343 576 2390 et
591 2339 723 2403 amplexus
740 2375 746 2388 .
764 2375 771 2389 .
788 2336 1052 2402 descendere-[Bell.
1065 2336 1140 2400 Apol.
1152 2350 1199 2401 pro

163 2419 247 2484 Resp]
259 2436 284 2485 p.
295 2422 334 2471 94.
345 2421 411 2486 [0p.,
422 2426 484 2471 tom.
495 2422 539 2471 vii.
550 2421 597 2472 col.
609 2420 664 2473 757.
678 2419 719 2484 B.]

142 2519 259 2602 Neque
284 2519 383 2583 etiam
409 2522 514 2584 oscula
540 2520 688 2604 neganda
714 2527 801 2597 suut,
828 2518 879 2582 vel
906 2517 1104 2598 compleam:
1141 2515 1198 2580 sed

97 2642 203 2703 neque
228 2622 331 2705 magis
353 2623 499 2686 ebrardo.
559 2624 683 2686 Accede
702 2623 747 2685 od
766 2644 823 2701 me,
840 2627 871 2685 et
885 2623 928 2685 da
949 2622 1027 2684 mibi
1049 2623 1197 2699 osculum,

102 2726 159 2808 (ait
171 2727 210 2788 B.
222 2726 335 2809 Virgo)
352 2733 382 2789 et
398 2729 495 2809 eoepit
511 2725 617 2800 eum‘b
642 2733 715 2810 post
731 2726 828 2790 etiam
844 2733 986 2807 strepam
1000 2725 1117 2804 tenuit,
1134 2745 1198 2807 quo

105 2848 219 2912 equum
241 2829 436 2892 ascenderet.
496 2829 611 2906 Alteri,
631 2829 799 2906 monache,
823 2829 944 2891 collum
965 2828 1035 2911 ejus
1059 2826 1199 2890 brachiis

99 2933 165 2996 suis
176 2932 348 3016 stringens,
359 2933 448 2998 dedit
459 2934 631 2998 osculum⁰.
663 2932 768 2996 Alteri
784 2931 819 2995 in
829 2931 978 2996 Pomario
994 2929 1197 2994 cantillavitf.

100 3036 143 3099 Et
165 3036 293 3101 cuinam
318 3037 389 3099 haee
411 3035 562 3100 videntur
588 3056 655 3099 non
684 3034 848 3097 absurda?
886 3034 951 3099 Sed
976 3034 1068 3097 etin
1092 3033 1198 3099 Chore

98 3140 336 3204 Monachorum
356 3139 557 3223 singulorum
571 3139 679 3203 vultus
703 3139 925 3221 detergentem
944 3138 1083 3218 videasss,
1105 3146 1138 3202 et
1159 3138 1198 3202 de

97 3242 216 3327 pyxide
246 3242 385 3326 quadam
415 3242 632 3320 electuarium,
659 3262 717 3325 per
740 3241 896 3319 cochlear,
925 3241 1138 3319 haurientem,
1166 3250 1199 3305 ct

100 3344 235 3426 singulis
265 3345 300 3407 in
325 3366 360 3408 os
382 3343 614 3408 immittentem
623 3341 648 3408 ¹¹.
705 3342 749 3405 Et
771 3343 806 3405 in
829 3343 919 3407 Cella
939 3342 1039 3407 lectos
1062 3343 1198 3406 eircum-

99 3455 240 3526 euntem,
257 3456 290 3510 ct
305 3469 439 3510 manum
454 3469 549 3530 super
567 3445 767 3527 singulorum
785 3444 892 3528 capita
907 3452 1082 3527 ponentem
1091 3444 1109 3508 l.
1155 3447 1199 3508 Et

98 3551 169 3614 haec
188 3571 297 3614 nonne
312 3550 474 3613 absurdo?
507 3549 594 3615 Quid
615 3548 693 3610 illa?
730 3549 814 3613 Cum
836 3549 939 3631 prima
954 3556 1050 3611 noete
1070 3549 1199 3632 nuptia-

98 3676 182 3732 rum,
199 3656 238 3717 B.
251 3656 353 3737 Virgo
368 3655 454 3716 iuter
469 3674 622 3737 sponsum
637 3659 671 3715 et
686 3672 835 3734 sponsam
850 3651 957 3714 media
970 3650 1137 3730 recubuit;
1161 3672 1200 3716 eo

100 3756 187 3839 quod
213 3777 348 3840 sponsus
377 3756 482 3819 adhue
510 3777 600 3839 puer,
627 3754 776 3839 imaginis
807 3776 874 3818 suae
904 3754 1014 3838 digito,
1042 3754 1199 3819 annulum

133 3925 149 3947 '¹
163 3916 259 3981 [Paul]
273 3916 399 3967 Bernried.
411 3917 473 3968 Vita
484 3916 557 3980 Greg.
566 3916 628 3967 Vll.
705 3923 716 3948 ¹
748 3915 837 3966 Coesar.
849 3917 937 3966 (lister.
955 3916 1020 3966 Dial.
1038 3916 1125 3967 Minae.
1143 3915 1199 3980 lib]

104 3997 146 4047 pp.
155 3984 193 4030 42.
204 3981 254 4046 [la.
274 3982 378 4043 lngolet.
391 3981 473 4047 lero]
673 3981 717 4029 vii.
745 3980 808 4045 cap]
820 3983 858 4031 25.
889 3996 931 4045 pp.
944 3982 983 4040 ts,
995 3981 1044 4045 lt]

133 4054 144 4077 ¹
162 4045 288 4109 [rhome]
314 4045 497 4110 Cantiprateue.
521 4045 630 4110 [Mimo]
705 4043 717 4076 l
747 4044 811 4093 lbid.
823 4060 876 4108 cap.
899 4048 938 4095 46.
950 4045 1001 4110 [pp.
1014 4044 1129 4108 etr—88]

102 4110 146 4158 lib.
165 4111 191 4158 ii.
217 4125 269 4174 cap.
287 4112 327 4159 29.
348 4110 434 4174 [acet]
455 4113 492 4159 12.
512 4110 568 4173 [pp.
582 4113 630 4160 285
707 4116 716 4140 θ
750 4109 814 4158 lbid.
841 4124 895 4172 cap.
908 4113 945 4159 59.
962 4108 1159 4173 [pp.103-105.]

100 4177 190 4223 -rea
204 4174 291 4234 nurci,
305 4175 391 4238 roos]
707 4171 719 4203 Δ
752 4172 816 4222 lbid.
843 4188 897 4236 cap.
910 4177 948 4223 aa.
972 4188 996 4236 p.
1007 4172 1056 4235 osa

133 4247 145 4279 1
168 4238 286 4287 Vinceut
309 4238 379 4303 Spee.
403 4238 471 4287 Hiat.
496 4237 569 4302 [lib]
586 4237 631 4286 vit.
708 4244 719 4271 θ
753 4236 818 4285 lbid.
847 4240 950 4300 oapbl.
973 4235 1060 4300 pto]

105 4301 230 4417 [⁰⁸de
243 4302 340 4378 [forse.
354 4302 432 4353 cols.
447 4302 536 4352 Venet
550 4301 632 4364 1691]
708 4300 717 4332 ¹
754 4301 816 4349 lbid.
845 4315 897 4364 cap.
910 4303 948 4350 22.
988 4299 1124 4365 p.43-45.]

135 4375 145 4397 ¹
177 4370 287 4416 'esaum
301 4366 416 4494 potetate.
431 4366 530 4429 Dialog.
545 4366 632 4415 Mirae.
708 4374 721 4407 Ι
754 4362 819 4414 lbid.
836 4379 889 4428 cap.
902 4368 941 4416 18.
953 4381 977 4428 p.
989 4363 1043 4426 35.]

103 4430 214 4495 lib.]vii.
229 4431 297 4495 [cap.
324 4430 633 4496 49.[tom.il.p.98.Col.
709 4428 817 4558 hplbid.
850 4444 903 4492 cap.
915 4432 955 4480 te.
964 4429 1019 4558 ppp.
1029 4431 1067 4478 91.
1079 4430 1118 4478 92.

101 4494 259 4561 Agarsel]
708 4492 715 4526 ¹
756 4492 820 4543 lbid.
848 4508 900 4557 cap.
913 4496 951 4544 13.
975 4508 1017 4557 pp.
1029 4494 1068 4542 24.
1080 4495 1119 4543 25.
