2910 4926
272 291 339 356 395
586 306 630 354 u>
650 303 843 354 crnmusms
864 303 1064 355 nmmnmur

272 486 353 550 opus
373 463 453 528 illud
467 463 643 548 frigescens
663 463 766 549 plebis
782 463 908 529 devotio
922 487 989 530 non
1007 463 1090 528 nihil
1103 464 1255 528 recslfiet.
1303 465 1377 530 111ae

272 588 348 633 vero
366 569 472 651 prolis
491 589 557 631 non
578 566 778 651 accipiuntur
793 569 914 646 Romae,
931 567 1019 631 domi
1039 569 1145 650 protis
1163 589 1231 632 non
1245 567 1378 634 dantur.

274 670 410 738 Quoties
439 681 549 734 cutem
579 671 767 754 intercepte
790 671 825 734 in
850 671 948 735 classe
971 670 1086 735 Indice
1106 671 1379 754 Indolpeotiorum

272 776 414 853 smdooe,
430 795 488 858 pro
506 773 623 858 quibus
642 775 782 858 pretium
798 775 844 838 ibi
860 774 1015 858 Hisponis
1030 782 1191 859 coguntur
1208 775 1377 859 penderet

274 879 361 942 Nam
372 878 506 957 Jobilaei,
523 877 576 942 cui
589 877 721 941 tandem
736 877 782 941 rei
797 877 928 955 inventi,
944 877 1005 941 nisi
1021 883 1059 941 ut
1075 879 1188 942 Romae
1201 898 1378 942 concursus

273 981 463 1065 populorum
481 981 548 1060 fiat,
564 989 659 1065 atque
679 980 755 1044 inde
770 980 854 1045 Urbi
875 981 917 1044 sit
937 980 1075 1045 melius?
1123 981 1293 1045 Centesimo
1308 982 1377 1065 pri·

271 1094 399 1148 mum¹¹2
426 1085 684 1168 Quirsqucpesimo
698 1091 806 1168 post':
827 1084 956 1148 demum
971 1085 1115 1148 mesimo
1130 1086 1236 1167 quitto
1252 1095 1376 1164 unno',

272 1196 467 1253 recurrunt..
492 1189 568 1251 lam
582 1208 657 1251 vero
672 1187 802 1271 spissius
824 1187 938 1266 adhuc,
955 1209 1051 1273 quam
1070 1188 1195 1272 pridem
1204 1197 1227 1252 ¹.
1267 1188 1378 1255 Quor·

273 1312 346 1354 sum
369 1297 478 1355 autem
501 1290 588 1355 hoc?
610 1298 648 1353 ut
671 1297 827 1370 teruntur,
852 1312 924 1374 quse
947 1291 1016 1355 sine
1038 1291 1185 1374 impensa
1207 1313 1377 1375 nunquam

273 1400 432 1473 teruntur,
448 1394 667 1476 Apostolorum
682 1393 805 1457 limina.
849 1394 971 1458 Narret
988 1394 1051 1458 ista
1065 1394 1157 1458 coecis
1172 1394 1376 1473 Cardinnlis3

152 1494 218 1557 286
273 1497 384 1561 oculos
394 1497 464 1582 jsm
474 1496 570 1562 Orbis
585 1497 716 1582 recepit,
731 1497 854 1581 imponi
870 1497 930 1562 sibi
946 1497 1067 1562 diutius
1083 1519 1149 1562 non
1165 1498 1253 1562 sinit.
1293 1499 1376 1578 Scit,

274 1595 308 1665 et
332 1600 504 1684 quantist
528 1599 643 1684 quibus
664 1607 803 1664 veneunt
817 1599 1022 1684 Indutqenttae
1048 1603 1079 1665 S.
1093 1602 1129 1665 P.
1141 1601 1182 1669 Q.
1196 1601 1235 1667 R.
1269 1602 1376 1666 Stulta

277 1703 414 1787 (nempe)
435 1704 555 1785 Populo
573 1703 728 1776 Quoerosti
742 1703 874 1767 Romam
882 1713 905 1768 1.

306 1857 347 1907 llx
358 1893 365 1907 .
376 1893 382 1906 .
393 1893 400 1907 .
412 1872 465 1922 esp.
473 1857 529 1908 xiii.
540 1895 546 1908 .
559 1894 566 1908 .
579 1872 639 1907 ‚nos
650 1858 731 1908 multo
742 1856 842 1909 fseilins
852 1894 874 1909 ..
885 1894 891 1907 .
903 1858 1105 1908 demonstramus
1112 1855 1301 1908 Antichristum
1313 1873 1376 1909 non·

338 1939 400 1989 dum
410 1941 514 1989 venisse·
548 1939 653 1998 Quando
664 1940 733 1990 enim
745 1939 920 1990 Antichristus
931 1941 1036 1998 venerit,
1047 1939 1181 2010 notissime
1191 1942 1266 1990 erunt
1277 1941 1375 2001 omniu,

338 2057 344 2069 .
358 2055 364 2067 .
377 2057 383 2069 .
395 2035 452 2084 quse
471 2036 538 2071 nunc
555 2021 593 2072 ito
608 2025 668 2071 sunt
679 2020 792 2082 obscure,
807 2024 837 2070 ut
847 2020 998 2085 coniecturis
1008 2024 1035 2070 et
1045 2019 1201 2071 diriustione
1218 2020 1253 2070 sit
1269 2036 1376 2085 opus—

340 2101 417 2166 [Bell.
430 2101 504 2166 Apol.
515 2117 561 2166 pro
573 2101 661 2167 Resp]
678 2116 703 2167 p.
716 2105 771 2153 158.
786 2101 856 2166 [Op.,
867 2106 928 2152 tom.
940 2102 984 2151 vii.
996 2101 1042 2152 col.
1054 2102 1109 2154 793.
1122 2101 1165 2167 0.]

110 2232 198 2297 [visio
214 2236 262 2284 ων·
317 2217 358 2282 In
374 2217 507 2283 Visione
524 2219 621 2284 tertia
637 2240 705 2303 cap.
718 2219 799 2282 xiii0.
815 2218 954 2283 multum
970 2217 1032 2282 sibi
1044 2218 1172 2282 facessit
1187 2218 1319 2303 negotii,
1336 2227 1376 2284 ut

107 2296 249 2428 2¹5⁸&ssss
273 2314 386 2385 doceat
400 2323 534 2386 nondum
546 2314 666 2386 senisse
680 2322 918 2400 Antichristom,
935 2321 1047 2386 doceat
1062 2329 1168 2385 sutem
1184 2322 1269 2400 inde,
1285 2323 1375 2406 quod

108 2426 234 2492 oneum]
272 2420 402 2486 obscuro
424 2423 603 2488 etiamnum
626 2423 701 2503 sint,
722 2443 794 2507 quse
816 2422 856 2487 de
882 2445 920 2487 eo
945 2422 991 2487 ibi
1013 2431 1188 2507 ponuntur.
1245 2424 1290 2487 Et
1312 2445 1379 2511 nos

272 2521 402 2619 obscura
424 2525 522 2590 fuisse
538 2524 660 2604 demus,
676 2525 822 2609 quoedam
836 2546 922 2603 vero,
938 2534 971 2590 et
987 2547 1054 2590 csse
1075 2527 1160 2611 jam;
1187 2548 1258 2610 quae
1275 2527 1373 2608 (scili-

271 2627 332 2708 cet)
351 2627 497 2691 nondum
519 2628 660 2711 impleta.
707 2628 864 2692 Nondum
879 2629 965 2691 enim
981 2630 1139 2714 completa
1160 2630 1245 2693 bons
1259 2651 1373 2694 eorum

270 2751 351 2813 pars.
396 2731 468 2795 Nec
483 2732 569 2795 enim
590 2731 693 2795 instar
714 2730 850 2816 fulguris
865 2741 1020 2796 venturus
1040 2732 1086 2796 ibi
1106 2733 1298 2816 praedicitur,
1315 2734 1372 2797 sed

270 2832 434 2916 paulatim,
459 2841 492 2897 et
522 2834 580 2917 (vel
607 2835 755 2918 Apostoli
781 2837 850 2919 jam
881 2836 1007 2918 saeculo)
1029 2844 1182 2919 operante
1205 2838 1371 2920 mysteri0,

269 2956 329 3000 nec
344 2935 421 2999 dum
442 2937 536 3020 plene
551 2944 692 3021 operato,
717 2944 754 3001 ut
776 2960 892 3022 nempe
909 2938 981 3003 cani
1006 2945 1179 3021 surrepunt
1202 2936 1309 3022 ospiti,
1333 2949 1371 3004 ut

268 3039 376 3104 tritico
406 3048 630 3105 succreverunt
660 3040 789 3104 zizania.
844 3042 916 3105 Nec
945 3049 1108 3105 momento
1138 3041 1278 3119 emicuit,
1309 3062 1371 3106 nec

268 3152 433 3208 momento
448 3144 527 3208 adeo
543 3144 700 3208 revelatus
716 3152 765 3208 est
774 3170 784 3221 3
808 3152 841 3207 et
860 3144 1012 3208 revelatio
1027 3145 1098 3228 ojus
1118 3145 1153 3206 in
1169 3151 1296 3227 tempus
1312 3152 1373 3222 est,

268 3255 301 3318 et
316 3247 450 3312 fortasse
465 3254 619 3333 tempora.
665 3247 823 3311 Nondum
838 3267 914 3330 ergo
930 3247 1024 3326 claro,
1040 3269 1112 3331 quae
1123 3248 1270 3312 nondum
1285 3267 1374 3310 com-

268 3351 371 3435 pleta:
396 3337 467 3435 ipuae
490 3373 564 3416 vero
585 3351 753 3434 completa,
768 3350 861 3414 nobis
885 3350 1026 3434 quidem,
1051 3373 1111 3414 nec
1134 3351 1227 3415 nobis
1251 3351 1370 3430 solum,

224 3449 227 3453 ¹
268 3454 338 3518 aliis
362 3477 489 3538 quoque
512 3455 632 3532 multis,
657 3476 723 3518 non
745 3454 875 3518 obscuro
901 3455 987 3537 jam:
1018 3461 1229 3537 praeterquam
1256 3454 1374 3537 quibus

268 3556 353 3621 Deus
368 3558 475 3621 mundi
490 3558 580 3639 liujus
594 3560 731 3621 velamen
739 3559 848 3639 posuit
862 3578 955 3637 stipor
969 3578 1023 3621 cor
1032 3567 1052 3635 ²,
1069 3565 1106 3620 ut
1121 3557 1186 3620 luci
1201 3556 1373 3621 occludunt

267 3662 388 3738 oculos,
404 3669 437 3724 et
452 3661 558 3725 videre
573 3661 688 3736 nolint,
706 3682 785 3744 quos
801 3661 926 3725 nollent
941 3659 1067 3739 vidisse,
1085 3659 1204 3743 seipsos
1223 3660 1367 3743 (scilicet)

268 3764 404 3827 nimium
420 3765 530 3827 affines
546 3764 756 3827 Antichristo.

299 3958 312 3981 ¹¹
330 3950 410 4014 [Vide
434 3951 534 4000 Bullnm
553 3951 597 3999 vii.
621 3950 702 4000 Bonis.
721 3950 795 4000 Vlll.
840 3950 1041 4000 biiis’-Bullor.
1063 3949 1134 3999 Rom.
1147 3952 1209 3999 tom.
1220 3949 1237 3998 i.
1256 3962 1297 4012 pp.
1313 3952 1370 4011 885,

267 4020 275 4042 ⁴
288 4015 603 4079 Antiquomm.’-Bullsr.
615 4015 687 4066 Rom.
704 4017 794 4067 tomi.
838 4015 906 4079 380]

267 4096 290 4145 p.
304 4082 361 4132 179.
376 4095 414 4134 u:
432 4086 458 4130 et
473 4079 576 4129 llxtrsv.
596 4079 693 4130 Oomm.
713 4081 757 4129 lib.
770 4096 793 4130 r.
871 4089 883 4112 ¹
909 4081 996 4146 [Anno
1013 4079 1065 4128 scil.
1088 4081 1159 4129 1600.
1174 4078 1250 4143 juxta
1267 4077 1370 4129 Bullsm

272 4145 323 4194 ‘De
342 4146 430 4209 poenit.
450 4151 476 4194 et
495 4146 598 4194 remiss¹
633 4144 719 4208 (lapi.
737 4145 793 4194 coll.
839 4145 903 4196 lviii.
912 4145 1050 4194 Clementis
1058 4143 1131 4193 Vlll.
1142 4143 1217 4207 (Bull.
1227 4143 1299 4192 Rom.
1307 4148 1371 4193 tom.

267 4212 387 4262 etl-351.
405 4210 471 4275 epod
490 4209 562 4274 Corp.
574 4209 591 4259 J
593 4225 629 4259 ur.
649 4209 718 4270 Oen,
733 4214 794 4260 tom.
839 4210 876 4260 iii.
888 4224 930 4275 pp.
939 4210 1038 4271 82-85.)
1051 4212 1077 4257 ct
1088 4223 1136 4258 nn.
1148 4210 1218 4258 1605.
1227 4207 1304 4271 juxto
1313 4208 1372 4258 Bul·

267 4275 315 4340 iii]
839 4274 891 4325 lem
903 4276 919 4325 i.
932 4275 1005 4324 Pauli
1017 4273 1050 4322 V.
1068 4272 1193 4386 (ibirhpp.
1204 4274 1356 4340 liciti->1

299 4339 403 4404 'wide
419 4340 541 4391 clement
555 4339 601 4390 vi.
621 4339 682 4389 ibid.
699 4340 792 4404 capii.
871 4348 883 4380 ⁷
910 4338 998 4404 [Vide
1024 4337 1092 4386 Orot.
1160 4375 1165 4387 .
1193 4338 1272 4400 coqui
1301 4339 1371 4389 sud

266 4405 324 4454 coll.
332 4406 467 4470 actast]
838 4405 938 4454 Action.
951 4404 978 4452 in
988 4402 1066 4451 llenr.
1077 4402 1223 4458 (inmotum,
1237 4418 1260 4466 p.
1269 4405 1309 4452 36.

299 4477 315 4499 '¹
326 4469 404 4534 [Vide
416 4469 480 4520 Bull
494 4471 537 4521 vii.
553 4470 625 4521 Pauli
638 4469 672 4521 ΙΙ.
690 4469 794 4521 ‘lneffe-
870 4478 880 4501 ⁸
897 4468 922 4534 [2
932 4468 988 4518 Cor.
1001 4468 1035 4517 iv.
1048 4467 1081 4532 l.]
