2910 4926
233 296 276 338 xx
691 289 734 337 An
756 285 873 337 REGEM·
953 322 955 326 .

231 445 315 528 jure,
339 442 470 507 inscribi
497 449 640 526 poterat:
677 464 751 506 vere
783 443 871 505 enim
900 440 1092 504 Munitorius
1124 438 1184 522 est)
1216 458 1332 522 parum

236 547 377 610 succedit
393 568 431 609 ex
455 545 634 609 sententia:
657 553 826 628 postquam
847 543 1034 627 Principum
1053 542 1154 606 animi
1167 542 1243 606 inde
1265 562 1332 605 non

234 650 347 713 leviter
361 649 446 712 laesi:
470 655 640 732 postquam
655 647 782 711 rescivit
796 646 917 730 ubique
931 646 996 710 sere
1018 645 1174 710 Gentium
1186 643 1333 708 damnari

230 754 299 837 jam
317 753 480 835 Scriptum
494 752 556 814 hoc
577 772 681 826 suum,
698 751 790 833 eique
805 758 916 814 notam
938 749 1079 813 inustam
1090 747 1173 829 falsi
1187 754 1218 811 et
1233 748 1333 810 detes-

235 856 325 918 tandi
347 855 528 935 doymctw,
549 853 635 937 quod
655 854 781 936 Regum
803 852 910 931 saluti,
933 851 1134 916 subditorum
1157 849 1241 929 fidei,
1262 848 1333 932 paci

234 958 370 1042 publicae
388 956 603 1041 perniciosum
618 956 669 1019 sit.
713 957 757 1020 Et
772 963 821 1019 est
835 963 921 1019 certe
942 954 1168 1038 perniciosum,
1183 952 1332 1036 quodque

234 1061 260 1122 si
285 1060 439 1138 obtineat,
463 1062 508 1144 (et
533 1059 596 1122 nisi
621 1059 768 1123 Vulcano
790 1058 887 1122 litent
910 1058 1000 1123 libris
1019 1057 1082 1139 his)
1105 1077 1216 1121 eorum
1236 1075 1332 1120 nemo

235 1164 393 1248 Principis
407 1185 576 1247 personam
591 1162 648 1226 diu
662 1162 745 1225 tueri
760 1162 887 1244 poterit

278 1267 403 1330 Mirum
428 1275 556 1331 autem:
577 1265 743 1360 decumbit
765 1264 916 1329 Pontifici
937 1264 1044 1328 saucia
1064 1285 1103 1328 ex
1125 1263 1191 1327 alto
1212 1270 1245 1326 et
1262 1264 1331 1346 jam

123 1394 127 1403 ·
235 1390 317 1452 saepe
331 1369 469 1453 repetito
484 1370 612 1433 vnlnere
628 1370 775 1433 Potestas
797 1367 983 1451 spiritualis,
1006 1368 1046 1431 de
1067 1388 1167 1451 eaque
1190 1366 1332 1450 quotidie

234 1470 404 1535 hominum
421 1472 523 1554 magis
542 1471 708 1555 magisque
729 1471 908 1554 languescit
930 1470 1038 1553 opinio
1048 1496 1058 1549 3
1081 1471 1125 1534 Et
1146 1469 1201 1533 ille
1222 1476 1332 1532 tamen

238 1575 313 1656 (quo
334 1574 468 1637 minime
489 1582 633 1657 tempore
654 1594 734 1657 opus
757 1574 837 1657 erat)
863 1573 1012 1656 ingentes
1031 1573 1117 1637 tollit
1139 1572 1273 1650 animos,
1294 1591 1332 1635 ac

234 1677 341 1740 induit
370 1698 404 1740 se
428 1677 464 1740 in
490 1677 627 1741 Politice
655 1677 852 1761 Principum,
880 1683 913 1741 et
939 1679 1057 1740 Arcem
1080 1676 1181 1759 ipsam
1206 1673 1331 1737 invadit

234 1780 402 1862 potestatis
423 1779 542 1863 Regiae.
587 1779 704 1843 Videat
726 1801 811 1858 vero,
835 1800 877 1843 ne
901 1779 937 1842 in
958 1800 1092 1842 nervum
1117 1783 1262 1860 erumpat
1283 1776 1332 1840 illi

234 1882 391 1945 fortitudo
413 1883 480 1946 haec
491 1909 501 1961 ;
524 1903 605 1946 neve
628 1882 755 1946 eveniat
776 1882 811 1945 id
831 1883 870 1961 ei,
894 1882 980 1966 quod
997 1883 1129 1947 camelo
1154 1882 1189 1944 in
1212 1880 1330 1959 sabula,

235 1982 313 2046 dum
336 2005 456 2048 cornua
478 1984 548 2049 vult
570 2007 590 2048 a
609 1985 690 2049 Jove
711 2006 778 2049 non
801 2005 959 2064 concessa,
982 2006 1024 2049 ne
1045 2007 1122 2067 quas
1134 1984 1233 2049 habet
1248 1982 1331 2047 auri·

235 2084 332 2163 cules,
348 2094 381 2149 et
398 2108 451 2150 eas
474 2087 619 2150 amittat:
643 2087 696 2151 cui
717 2087 765 2150 rei
786 2093 908 2151 rectam
927 2089 996 2171 jam
1019 2088 1104 2152 viam
1126 2087 1244 2170 scripta
1262 2086 1331 2149 haec

235 2194 268 2249 et
281 2187 410 2270 planam
425 2189 588 2253 muniunt.
633 2190 704 2253 Nec
726 2189 814 2253 enim
836 2190 899 2253 alia
919 2189 1043 2253 ratione
1064 2189 1167 2272 magis
1182 2209 1330 2271 compen·

234 2287 336 2350 diaria
364 2290 519 2352 maturari
544 2290 671 2354 videtur
696 2291 837 2374 Papatus
864 2292 1003 2356 Romani
1031 2291 1139 2355 fatalis
1164 2290 1330 2369 Periodus,

234 2409 341 2470 quam,
358 2391 385 2451 si
399 2390 460 2454 hoc
475 2391 603 2474 Dogma
617 2392 692 2457 fidei
708 2414 783 2472 suae,
799 2414 856 2457 seu
874 2393 981 2476 potius
994 2394 1057 2458 hoc
1071 2395 1164 2458 ulcus
1177 2394 1329 2477 perfidiae,

234 2491 283 2553 uti
298 2499 439 2574 coeptum
455 2494 524 2577 jam
540 2502 588 2558 est
612 2496 828 2578 (quantumvis
842 2496 877 2559 in
892 2496 1028 2579 gratiam
1044 2498 1149 2581 Papae)
1167 2496 1330 2560 advirum

234 2592 405 2676 diligenter
428 2605 582 2676 resecent,
608 2598 644 2661 in
667 2618 778 2682 eoque,
806 2598 833 2662 si
861 2608 999 2683 pergant
1023 2621 1128 2682 porro,
1159 2600 1329 2664 suffossum

232 2693 320 2759 brevi
335 2697 519 2781 Papismum
535 2699 632 2763 visuri
646 2722 766 2765 sumus.

275 2797 347 2861 Nec
357 2799 425 2863 haec
440 2800 560 2864 scilicet
574 2801 662 2884 prius
676 2803 860 2868 nesciebant
876 2804 1050 2888 Principes.
1082 2804 1205 2868 Verum
1219 2803 1328 2867 videas

231 2900 346 2962 molum
360 2903 418 2965 doc
431 2902 486 2964 sud
501 2905 594 2982 soor,
609 2904 676 2983 ubi,
700 2906 842 2988 singulos
863 2927 1007 2990 unquam
1029 2906 1159 2970 adortus
1179 2906 1328 2971 Pontifex

234 3002 306 3082 (nec
330 3002 393 3064 uisi
419 3003 561 3087 singulos
587 3005 705 3070 adoriri
728 3008 822 3090 solet)
850 3010 970 3091 pariter
995 3009 1153 3073 animatos
1178 3030 1246 3073 esse
1271 3008 1328 3073 ubi

231 3124 326 3166 cause
338 3126 395 3167 sua
406 3106 447 3168 sit
453 3133 462 3184 3
479 3114 512 3169 at
520 3129 586 3170 non
596 3108 719 3188 itidem,
729 3109 786 3173 ubi
797 3111 917 3174 moinus
929 3112 1068 3175 ardenta.
1092 3111 1180 3174 Dum
1193 3110 1328 3174 aliorum

231 3204 347 3286 potius,
363 3227 458 3288 quam
473 3216 620 3272 nostrum
635 3212 802 3292 negotium
818 3213 871 3296 agi
884 3212 1021 3289 videtur,
1040 3213 1128 3276 lenta
1141 3213 1328 3296 plerumque

231 3314 265 3369 et
280 3328 350 3370 sera
368 3315 417 3371 est
439 3309 580 3373 humana
601 3312 808 3395 providentia.
855 3316 1043 3381 Communis
1065 3337 1103 3380 ea
1124 3317 1226 3400 culpa,
1242 3316 1327 3400 quod

230 3408 287 3472 ubi
308 3429 403 3473 causa
425 3413 613 3491 communis,
630 3414 671 3478 ad
686 3415 885 3498 singulorum
901 3439 940 3481 ex
955 3419 1120 3482 communi
1134 3440 1230 3484 causa
1251 3442 1327 3484 con-

229 3517 369 3575 tractum
403 3513 581 3595 periculum
610 3537 676 3580 non
701 3519 912 3583 concurritur.
968 3521 1032 3584 Sed
1061 3530 1231 3605 postquam
1258 3525 1327 3607 jam

230 3615 375 3677 sentiunt
401 3616 521 3680 malum
544 3618 607 3682 hoc
633 3640 759 3702 serpere
782 3620 906 3685 indies:
940 3623 1061 3701 vident,
1084 3625 1135 3688 vel
1156 3627 1325 3705 maturius,

229 3714 333 3779 alieno
346 3718 487 3800 periculo
503 3720 700 3803 sapiendum,
716 3723 767 3786 vel
778 3724 889 3803 serius,
905 3746 973 3789 suo.
1012 3728 1083 3791 Nec
1098 3728 1185 3792 aliud
1200 3731 1327 3795 monuit

228 3817 384 3898 Majestca
413 3823 488 3899 ltro,
515 3843 610 3904 quam
634 3824 711 3905 quid
739 3825 874 3908 singulis
899 3830 1149 3912 exspectandum
1179 3833 1231 3911 sit,
1261 3834 1326 3897 nisi

228 3917 368 3982 universi
391 3941 424 3984 se
454 3930 613 3988 asserant:
646 3945 707 3988 nec
728 3927 817 3992 aliud
842 3930 940 4012 cupit,
965 3954 1071 4015 quam,
1096 3934 1326 4019 quodsinguli

261 4131 273 4156 ⁰
290 4123 368 4188 [Vide
378 4125 422 4176 lib.
434 4126 475 4176 cul
491 4127 532 4176 tit
545 4127 753 4181 ‘Remonstmnce
796 4133 843 4183 bue
853 4133 974 4184 wamma
987 4135 1154 4189 Guilielmnm
1165 4138 1326 4201 Bardaicus,

228 4185 429 4239 stOonclmiom
448 4190 491 4240 dea
508 4190 587 4241 Gents
603 4192 638 4241 dn
655 4193 717 4257 Ray,
729 4200 755 4244 et
797 4198 910 4248 Amore
929 4198 955 4248 S.
973 4200 1003 4250 R.
1019 4200 1051 4250 Id.
1065 4202 1206 4253 Gordianis
1224 4205 1325 4254 Beller-

229 4250 318 4301 Arrcst
334 4251 367 4303 de
386 4253 411 4302 la
428 4253 494 4303 Oonr
510 4254 542 4305 dc
560 4254 704 4307 Parlement
720 4258 754 4308 dn
796 4261 875 4310 mino.
894 4261 936 4311 Im
976 4263 1172 4316 'mtoRomeea
1183 4267 1235 4317 lan
1247 4270 1326 4320 1610!

228 4316 261 4365 26
283 4314 434 4379 Novembre,
458 4332 533 4368 uncx.
562 4334 606 4368 aur
627 4320 652 4370 le
673 4322 755 4374 tibure
798 4322 901 4376 Ia'ande
939 4332 1005 4377 ostro
1016 4328 1139 4392 seigneur
1149 4332 1237 4395 unam]

229 4378 335 4431 innuis
354 4380 489 4433 stactutus
501 4381 533 4433 de
544 4381 671 4434 Potestne
683 4385 756 4436 Sum
829 4397 841 4428 Ρ
868 4389 961 4440 Becles
972 4407 995 4440 v.
1009 4393 1058 4506 131.)

95 4474 171 4624 ι
197 4524 200 4529 ,
229 4440 273 4493 *⁸⁴
295 4442 431 4510 Panum
455 4445 485 4497 a
510 4446 586 4498 rem
613 4450 755 4513 enmus-
830 4457 841 4486 ⁴
869 4452 938 4503 conr.
954 4454 1016 4507 Hor.
1055 4459 1113 4522 pua
1125 4457 1145 4510 1.
1159 4462 1197 4511 1s.
1210 4460 1259 4524 ae]
