2910 4926
440 299 623 349 eremana
644 302 826 351 amrousro.
1119 288 1181 351 451

84 454 201 533 omnia,
223 462 256 518 et
277 455 368 539 siqua
386 456 574 539 opinionum
593 459 729 521 varietas
751 465 809 536 est,
832 458 874 521 ad
895 460 1046 523 unitatem
1063 458 1182 522 reduci.

84 557 231 620 Arbitror
259 580 326 621 non
351 558 544 642 refugimus:
579 559 635 623 sed
661 561 815 624 arbitram
843 568 984 625 vestrum
1013 561 1105 625 illum
1135 562 1184 624 sui

84 661 231 740 Arbitrii
256 682 337 744 saepe
359 683 426 724 non
451 663 643 744 Ttreatapnm,
667 663 830 727 interdum
851 686 910 728 nec
929 666 1183 743 Grammaticam,

84 763 198 846 cuique
213 785 345 828 exosum
360 765 524 829 interdum
538 787 647 829 nomen
661 767 839 831 Academia
848 766 872 831 ¹².
919 768 1078 850 Synodam
1095 774 1184 851 opta-

85 889 164 944 mos‚
180 875 213 930 at
228 889 294 930 non
310 869 437 951 qualem
451 890 555 951 nuper
569 869 717 934 Tridenti
731 870 878 949 vidimus,
894 870 951 935 ubi
965 893 1062 954 penes
1076 871 1185 949 Italos,

85 977 180 1052 atque
194 971 347 1033 ditatores
359 970 478 1054 (nescio
493 972 582 1054 quos)
603 993 726 1056 semper
741 973 964 1057 suffragiorum
979 995 1051 1058 pars
1065 974 1184 1058 major:

85 1072 141 1135 ubi
155 1072 239 1136 nihil
252 1095 309 1156 per
323 1095 434 1157 graves
451 1075 523 1137 illos
538 1073 686 1139 Arbitror
708 1076 838 1140 decerni
860 1077 975 1160 potuit,
991 1086 1067 1140 ante
1082 1097 1187 1140 accer-

85 1175 183 1238 situm
205 1197 262 1259 per
281 1177 470 1254 veredarios,
495 1187 591 1260 atque
613 1179 837 1242 transmissum
861 1180 901 1242 ad
926 1180 998 1244 illos
1025 1179 1187 1244 Romaiu

65 1279 274 1342 'Tabettionie
313 1280 454 1344 mantica
485 1281 641 1364 Spiritum
673 1283 829 1345 Sanctum
837 1292 859 1344 ⁶.
905 1282 989 1346 Date
1027 1282 1187 1366 legitimos

85 1381 242 1459 Arbitror,
258 1382 292 1444 in
308 1383 374 1447 toea
390 1384 494 1462 libero,
510 1386 606 1466 ‘oeqaie
622 1385 760 1466 legiam
783 1406 844 1448 nee
859 1385 921 1447 erit
934 1386 1011 1463 ulla,
1026 1385 1063 1448 in
1082 1385 1185 1464 nobis,

86 1506 185 1548 mora.

118 1635 210 1687 Nonae
221 1674 227 1686 .
240 1675 247 1687 .
259 1675 265 1687 .
278 1637 418 1688 Lutheraui
431 1640 530 1702 experti
542 1643 609 1699 sunt,
621 1638 649 1688 in
660 1638 794 1690 discordiis
803 1639 960 1702 gmrissimis
971 1639 1003 1689 de
1011 1653 1111 1688 summa
1125 1637 1186 1688 fidel

150 1733 177 1768 se
189 1719 348 1769 concordiam
359 1719 453 1769 trustra
463 1719 695 1784 tentmsel-[Bell.
704 1719 778 1782 Apol.
790 1734 835 1783 pro
847 1718 934 1784 Resp]
946 1734 972 1783 p.
981 1721 1035 1769 186.
1048 1718 1115 1783 [Op.,
1125 1725 1186 1768 tom.

150 1800 374 1864 mmmm

130 1916 152 1977 J
153 1938 214 1993 am,
231 1939 301 1999 quae
316 1938 373 1999 per
389 1917 595 1980 Germaniam
610 1916 807 2000 superiorem
826 1916 976 1981 Ecclesia
999 1926 1084 1994 sunt,
1108 1939 1185 2000 quas
1198 1934 1243 1999 [ul
1254 1934 1315 1984 Gon·

85 2019 180 2095 inter,
196 2040 263 2081 non
279 2027 334 2081 aut
345 2020 548 2101 manissime,
565 2027 620 2083 aut
637 2020 674 2083 de
688 2040 806 2082 ramma
819 2019 909 2101 fidei,
926 2020 1089 2083 discordia
1102 2026 1183 2097 sant,
1197 1999 1321 2113 ffimsse

89 2122 195 2202 (nimis
217 2122 286 2185 haec
308 2122 465 2186 rhetorice
489 2123 692 2206 exaggeravit
708 2122 897 2205 cardinalis)
918 2123 983 2200 sed,
1005 2144 1075 2206 quae
1098 2127 1282 2200 sunt,f01111·]

86 2223 126 2287 de
155 2245 221 2286 non
251 2224 361 2307 magni
382 2224 538 2287 momenti
561 2224 656 2288 rebus
680 2231 773 2302 sunt3
797 2246 946 2309 quasque,
970 2225 997 2287 si
1027 2225 1186 2306 Synadam

86 2347 216 2390 cernere
230 2327 369 2405 daretur,
394 2326 542 2409 (necdum
566 2327 652 2390 enim
677 2327 822 2409 Synodar
843 2328 911 2391 ulla
929 2327 1015 2389 inter
1029 2327 1186 2391 Ecclesiae

85 2430 284 2512 reformatas)
304 2430 390 2494 bona
404 2452 473 2514 spes
489 2438 538 2494 est
552 2431 715 2494 conciliari
729 2451 828 2514 posse.

118 2582 225 2634 Desinet
234 2598 294 2646 ergo
306 2584 361 2634 Rex
376 2585 502 2634 unitatem
511 2597 622 2647 quarere
633 2583 739 2647 splritus
749 2584 817 2647 apud
828 2599 877 2643 eos,
889 2585 934 2648 qui
945 2585 1037 2648 spiritu
1049 2584 1186 2634 contradic

150 2666 228 2714 tionis
238 2665 423 2730 pleni-[Bell.
434 2666 509 2728 Apol.
517 2679 563 2730 pro
575 2664 663 2729 Resp]
676 2680 701 2729 p.
711 2667 768 2716 185.
780 2666 847 2731 [Ορ.,
858 2671 919 2715 tom.
930 2666 974 2715 rii.
987 2666 1033 2715 eol.
1045 2668 1100 2716 808.
1113 2665 1153 2730 Β.]

128 2781 271 2844 Vobisne
286 2802 362 2864 ergo
378 2783 479 2845 titiam
487 2781 566 2863 finie
580 2782 699 2860 statim,
716 2781 756 2846 ab
771 2781 894 2844 incluso
910 2782 1041 2846 Arbitro
1056 2783 1184 2845 vestro?
1199 2787 1342 2866 [Unitetem

86 2885 203 2948 Atros
222 2904 296 2946 cum
311 2884 443 2947 Arbitro
458 2885 514 2947 illo
527 2892 633 2948 vestro
648 2892 716 2947 tarn
731 2893 819 2948 certo
836 2884 904 2968 (qui
926 2885 1186 2948 contradictiones
1198 2853 1350 2966 ppppppas

86 2992 206 3049 vestras
225 3007 337 3050 omnes
355 3009 422 3050 uno
444 2987 559 3070 spiritu
581 2986 701 3051 difflare
724 2987 854 3069 posset),
875 2987 989 3068 spirita
1009 2987 1186 3049 contradic·
1198 2980 1316 3031 1*ansp

87 3091 181 3152 tionis
189 3090 278 3171 pleni
292 3099 403 3152 tamen
415 3089 500 3153 estis.
542 3090 624 3166 Nee,
637 3110 680 3151 an
697 3090 821 3152 Christo
837 3089 1005 3152 dominium
1019 3090 1186 3171 temperate
1197 3045 1345 3109 mmm]

79 3190 203 3271 ficerit,·
227 3212 269 3253 an
284 3192 381 3273 Papa
396 3192 491 3253 etiam
505 3192 601 3252 allam
618 3191 689 3270 (nan
699 3191 748 3252 itti
763 3191 910 3253 donatam
925 3210 945 3251 a
960 3191 1106 3271 Caeaare),
1121 3192 1186 3252 atta

87 3295 121 3355 in
140 3295 273 3356 alteram
290 3294 474 3375 Principem
495 3294 678 3374 temporatia
687 3299 830 3374 potestas
844 3293 919 3374 ejas,
935 3299 965 3355 et
985 3313 1052 3374 qna
1061 3320 1071 3365 ;
1092 3295 1186 3373 impe·

87 3403 175 3460 retne
190 3417 232 3458 an
245 3403 363 3477 pareat
381 3397 540 3458 Concilio:
558 3383 699 3477 poeeitne
715 3397 750 3458 in
766 3397 941 3477 proemim
964 3416 1081 3473 errare,
1105 3403 1135 3459 et
1153 3397 1187 3459 in
1241 3399 1305 3462 327

91 3499 291 3560 Genetaeiene
313 3504 416 3560 tamen
430 3518 522 3561 venae
536 3518 623 3561 ease:
642 3504 784 3579 potestur
805 3500 854 3561 itti
876 3520 918 3561 an
937 3520 957 3561 a
980 3499 1049 3561 Dea
1072 3500 1186 3574 veniat,

89 3623 131 3664 an
139 3623 159 3664 a
172 3602 386 3664 cardinalium
398 3608 475 3664 coeta
487 3602 626 3683 eligente,
640 3601 726 3665 idem
741 3601 867 3666 sentitis
881 3623 992 3665 omnes
1006 3601 1057 3665 vel
1071 3600 1187 3665 dicitis.

90 3706 138 3768 Ut
163 3704 295 3788 perinde
325 3705 367 3767 sit
389 3705 521 3768 Arbitra
545 3705 605 3768 tali
634 3726 751 3782 carere,
782 3712 877 3787 atque
903 3704 976 3781 frui,
1002 3703 1057 3786 qui
1088 3703 1189 3786 (quasi

89 3816 220 3871 mutum
234 3808 375 3887 Idolum)
392 3808 522 3891 tepidus
535 3815 569 3872 et
588 3816 698 3872 tacens
722 3807 821 3884 sedet,
837 3827 910 3869 cum
925 3806 994 3871 haee
1015 3806 1064 3869 illi
1080 3806 1190 3869 omnia

89 3914 123 3974 in
145 3911 262 3973 scrinio
278 3912 419 3992 pectoris
429 3909 454 3987 ‘¹,-
468 3911 554 3974 unde
577 3916 741 3993 expromat
756 3910 875 3987 statim,
892 3931 965 3972 cum
980 3910 1128 3973 Minerva
1142 3910 1190 3973 illi

89 4015 124 4077 in
140 4015 273 4077 cerebro.
305 4015 348 4077 Et
363 4013 441 4075 sinit
456 4035 510 4077 vos
524 4020 634 4076 tamen
650 4013 745 4095 (quod
760 4012 894 4095 culpatis
908 4012 944 4075 in
957 4011 1190 4098 nobis)·Serip·

90 4124 188 4192 taras,
201 4125 296 4199 atque
309 4116 388 4179 adeo
398 4117 514 4179 Patres
523 4117 630 4194 etiam,
637 4137 699 4197 pro
711 4115 843 4178 arbitrio
854 4121 966 4193 vestro,
979 4116 1023 4178 ad
1032 4117 1189 4197 opiniones

89 4226 210 4283 vestras
225 4221 416 4302 detorquere.

123 4388 134 4421 δ
151 4390 231 4455 [Paul.
240 4389 273 4438 11.
284 4390 350 4440 Vide
358 4390 421 4439 Pac
429 4390 457 4438 in
466 4389 535 4439 vitis
547 4389 619 4439 Pont
696 4397 706 4420 θ
723 4389 800 4517 [Vide
810 4405 893 4454 supra.
904 4405 928 4453 p.
938 4390 993 4440 147.
1004 4394 1056 4440 not.
1069 4388 1107 4517 ’ill

91 4470 115 4516 p.
128 4454 197 4515 3311]
696 4452 707 4483 ¹¹
736 4452 933 4517 V1desupra,p.
946 4457 1001 4505 153.
1014 4461 1092 4504 not‘.

854 4539 952 4600 eat
