2910 4926
437 267 619 316 momonn
641 266 823 316 amionem.
1120 252 1182 316 109

83 423 243 502 denarius,
267 424 391 488 Fooolie
416 424 564 490 dictw:
602 425 853 489 Mendieontium
891 444 976 501 vero,
1006 423 1182 487 dbmarius.

85 527 227 592 Obsecro
241 536 284 605 te,
301 528 357 610 qui
371 551 541 593 nummum
556 536 667 612 erogat
680 528 822 613 pauperi,
838 549 877 592 ex
892 547 973 591 eone
999 527 1185 589 tributarius

83 630 217 714 pauperi
240 631 301 694 fit?
325 640 382 696 aut
400 654 521 716 pauper
543 633 733 695 directumae
753 631 829 695 inde
855 631 1024 694 dominium
1047 630 1184 713 acquirit

83 734 120 797 in
146 736 356 818 erogantem?
401 735 501 799 Aliud
525 744 635 800 autem
661 736 740 815 Inae,
775 734 1031 818 offae,Atu1phi,
1053 733 1183 811 Canuti,

84 837 222 920 vectigal
237 837 374 900 nullum.

128 941 245 1004 Dicam
269 941 355 1024 quod
380 963 431 1005 res
454 949 532 1006 erat.
578 942 757 1026 Polydorus
780 941 847 1025 ipse
862 941 897 1004 in
912 940 1065 1023 Angliam
1079 939 1185 1023 primo

85 1051 226 1122 venerat,
243 1051 280 1107 ut
295 1044 442 1107 denarios
457 1044 528 1109 illos
545 1044 693 1108 Pontifici
709 1052 902 1127 corrogaret.
944 1044 1060 1107 Visum
1076 1051 1185 1105 autem

85 1146 142 1224 illi,
158 1146 293 1229 (homini
309 1148 416 1229 Italo‚)
433 1148 537 1231 magis
552 1168 591 1210 ex
607 1147 765 1229 dignitate
779 1147 857 1225 lore,
874 1147 910 1225 si,
927 1147 1020 1230 cujus
1034 1146 1089 1208 ille
1101 1145 1186 1207 Pub·

87 1250 207 1313 licanos
228 1257 322 1331 esset,
337 1251 498 1333 vectigalis
519 1253 626 1336 potius
650 1251 796 1329 honesto,
813 1273 909 1334 quam
932 1250 1024 1334 stipis
1039 1250 1187 1314 mendico

85 1350 183 1416 titulo
197 1353 379 1416 nominaret
387 1380 398 1432 3
422 1374 485 1436 quo
500 1375 534 1416 se
552 1355 744 1425 Qacetnrom
756 1355 904 1435 peaaieae⁰
916 1354 978 1432 hio,
995 1374 1084 1416 more
1099 1358 1186 1417 vete·

87 1476 160 1518 rum
190 1457 421 1534 Romanorum,
452 1456 609 1538 gloriosus
648 1456 745 1520 homo
785 1456 948 1536 scriberet,
979 1477 1046 1519 non
1076 1463 1186 1519 autem

87 1559 231 1622 dertorios
246 1559 480 1623 domesticatim
496 1559 688 1642 quaeritasse.

130 1662 203 1725 Nec
217 1662 338 1745 primus
353 1671 463 1725 tamen
477 1663 512 1724 in
526 1662 598 1739 hoe,
614 1662 759 1741 fortasse,
776 1663 975 1747 Polydorus;
992 1667 1025 1725 et
1041 1661 1097 1744 qui
1112 1668 1188 1724 ante

88 1783 160 1828 eum
183 1765 377 1849 scripserunt
404 1767 465 1829 hoe
490 1765 554 1829 alii.
601 1764 668 1828 Ubi
698 1766 795 1843 enim,
814 1766 931 1829 saeculo
961 1765 1091 1829 demum
1118 1785 1187 1842 suo,

87 1867 303 1950 splendidiore
332 1868 436 1932 multo
466 1868 649 1932 conditione
680 1868 852 1932 Pontifices
882 1877 1060 1946 cernerent,
1092 1891 1187 1952 quam

89 1990 152 2053 qua
176 1977 279 2048 erant,
295 1991 369 2033 cum
392 1970 461 2033 haec
483 1970 518 2032 in
541 1990 595 2033 eos
616 1971 757 2053 primum
779 1973 970 2054 eleemosyna
986 1972 1102 2036 collata
1116 1979 1187 2047 est;

87 2093 130 2136 ne
159 2073 324 2136 Pontificis
353 2073 489 2136 tenellas
519 2094 611 2136 aures
636 2074 802 2152 laederent,
831 2074 908 2137 dum
937 2096 1005 2138 non
1030 2075 1107 2138 satis
1129 2095 1188 2158 pro

87 2173 208 2237 honore
231 2174 270 2237 de
292 2174 331 2236 iis
355 2174 572 2257 loquerentur,
595 2175 785 2258 pensionem
806 2175 891 2239 hanc
910 2176 1033 2239 bileti
1056 2176 1188 2240 nomine

87 2277 285 2361 indigitasse,
301 2286 334 2342 et
354 2300 425 2361 quae
445 2300 517 2342 vere
541 2280 638 2361 stipes
658 2287 737 2357 erat,
754 2301 825 2342 eam
848 2281 983 2362 vectigal
1002 2280 1187 2364 appellasse,

89 2381 223 2464 quodid
238 2382 340 2465 magis
355 2403 412 2465 pro
428 2381 586 2464 dignitate
600 2382 720 2446 faceret
737 2382 828 2446 Sedis
842 2383 1046 2466 Apostolicae.

134 2484 199 2547 Sed
220 2484 303 2549 bene
325 2485 433 2563 habet,
455 2484 540 2568 quod
562 2485 715 2548 collatum
737 2492 847 2549 tamen
878 2486 999 2551 fatetur
1019 2486 1070 2551 vel
1092 2486 1187 2570 Poly-

89 2586 188 2651 dorus
202 2587 279 2671 ipse,
289 2589 422 2669 pietatie
444 2594 474 2651 et
496 2589 657 2670 religionis
677 2587 793 2653 caucos.
839 2589 918 2652 Non
938 2611 1025 2673 ergo,
1046 2590 1188 2675 homagii
1232 2595 1237 2601 '

89 2691 140 2754 vel
164 2692 378 2775 subjectionis.
425 2692 641 2776 subjectionis
671 2700 780 2756 autem
805 2694 980 2775 vectigalia,
1007 2715 1074 2757 non
1098 2696 1188 2759 devo-

90 2795 194 2874 tionis,
210 2796 339 2859 nomine
355 2795 452 2879 pendi
467 2796 582 2859 solent.

133 2899 223 2962 Bene
246 2900 355 2978 etiam,
376 2899 462 2982 quod
484 2899 529 2963 sie
549 2899 639 2983 ponit
655 2898 844 2979 Cardinalis,
861 2899 898 2963 Si
914 2901 1073 2982 Polydoro
1088 2902 1189 2965 eredi-

89 3023 168 3065 mm.
193 3003 351 3084 Polydoro
366 3003 454 3066 enim
468 3002 522 3066 hie
536 3024 603 3066 non
618 3003 781 3082 credimus,
790 3002 915 3066 homini
927 3004 1058 3082 novitio,
1071 3010 1104 3067 et
1119 3005 1188 3068 sine

90 3112 217 3169 auctae
246 3107 380 3187 loquenti
392 3132 403 3179 ,·
425 3106 604 3189 praesertim
634 3106 738 3181 Italo;
772 3106 875 3189 magis
904 3106 1009 3171 adhuc
1037 3108 1189 3180 Quaestori

90 3208 265 3290 Pontifieie,
282 3209 322 3273 de
338 3210 505 3273 Pontifiee.
551 3209 634 3290 Regi
656 3209 809 3272 Eduardo
827 3205 1001 3291 Coufessoei
1025 3211 1187 3290 eredimus,

92 3312 157 3397 qui,
183 3334 247 3395 quo
276 3313 407 3377 nomine
436 3312 632 3396 penderetur
661 3334 681 3375 a
707 3313 821 3394 Regno
852 3333 919 3392 suo,
945 3312 1066 3396 optime
1093 3334 1188 3378 nosse

91 3415 204 3480 debuit
211 3441 222 3494 3
253 3417 382 3499 quique,
411 3416 566 3479 eeaceotis
595 3415 713 3478 abhinc
742 3415 843 3492 abab,
869 3435 937 3478 non
967 3415 1029 3478 alio
1057 3417 1188 3480 nomine

91 3518 205 3583 donari
224 3519 361 3602 scripsit,
378 3541 483 3602 quam,
500 3519 644 3601 quoniam
659 3518 806 3581 denarius
820 3518 872 3580 hie
886 3517 981 3600 Repis
999 3518 1189 3601 eleemoeyua

66 3629 172 3687 ,cett
216 3622 280 3687 Eat
302 3623 372 3706 jam
397 3622 587 3701 cardinalis,
614 3628 647 3684 et
671 3620 828 3685 extundat
853 3619 946 3684 nobis
969 3619 1128 3685 tributum
1151 3643 1190 3686 ex
1305 3618 1310 3627 ’

91 3727 303 3810 eleemosyna,
318 3725 454 3808 vectigal
469 3746 487 3789 e
502 3725 593 3809 stipe.

125 3842 230 3894 Constat
245 3843 278 3893 ab
289 3843 403 3893 Adriano
418 3843 465 3892 IV.
477 3843 598 3892 Pontifiee
616 3843 699 3893 datam
713 3843 788 3893 tuisse
804 3842 955 3895 Hiberniam
972 3843 1082 3896 ilenrico
1094 3845 1128 3897 Il.
1140 3848 1190 3899 An.

157 3925 340 3989 uta-[Bell.
354 3926 429 3989 Apol.
441 3939 487 3988 pro
498 3924 586 3988 Kasp]
598 3939 623 3988 p.
636 3927 674 3974 29.
688 3925 756 3991 [Op.
766 3929 827 3974 tom.
838 3927 881 3976 vii.
894 3929 941 3980 col.
951 3929 1006 3982 721.
1019 3929 1062 3995 B.]

135 4009 186 4071 Ab
201 4009 345 4071 Adriano
356 4009 416 4070 IV.
427 4008 621 4085 Hiberniam,
632 4008 822 4070 Henrieoll.
840 4010 948 4073 datam
963 4015 1110 4076 coarctat?
1123 4013 1189 4078 imo
1202 4026 1339 4093 [Hibernis

92 4117 213 4175 coastat
228 4132 289 4174 noa
304 4111 420 4175 datam.
456 4110 520 4177 Qui
529 4111 635 4193 potuit
647 4110 700 4173 alii
710 4109 795 4189 darc,
812 4113 868 4194 qui
882 4135 941 4178 nec
955 4137 1085 4198 passum
1100 4116 1190 4199 pedis
1202 4093 1355 4208 fflffl

124 4228 136 4260 ⁴
153 4230 181 4295 [10
188 4231 311 4280 Denarius
327 4235 411 4280 antem
426 4231 454 4279 in
469 4229 556 4279 domos
571 4229 620 4278 sin·
695 4227 705 4260 ¹
722 4229 820 4294 [Polyd.
833 4230 921 4296 Verg]
938 4233 982 4283 lib.
994 4234 1026 4284 iv.
1046 4233 1117 4298 [aa]
1134 4235 1189 4288 740.
1202 4221 1357 4288 tffietldtlbl

91 4295 164 4357 gulas
191 4295 326 4358 impositus
354 4300 413 4345 ento
440 4295 532 4344 testum
560 4295 620 4343 Divi
664 4293 750 4359 [pst.

93 4360 163 4409 Petri
188 4359 335 4424 redditor.”]
348 4387 380 4398 —
393 4359 452 4422 hog.
475 4359 567 4422 edgar.
586 4360 619 4409 iv.
696 4367 709 4399 ¹
767 4359 834 4410 rard.
853 4360 913 4424 Leg.
931 4378 956 4413 x.
974 4362 1060 4429 [Cone.
1078 4366 1139 4414 tom.
1154 4365 1189 4414 ix.

94 4423 565 4553 eademeadem,
724 4424 856 4489 0220
