2910 4926
257 257 324 319 214
572 273 615 320 sn
637 270 828 321 eunomius
848 271 1048 320 annisum

189 420 196 433 '
259 427 337 490 dum
353 426 413 505 sit;
436 428 530 506 Turn,
545 448 608 491 nec
623 429 706 491 mule
714 427 831 510 flpuris
845 449 914 491 rem
930 434 1041 510 agunt.
1080 426 1158 489 Una
1171 423 1287 502 modo;
1302 443 1364 487 nec

260 529 331 608 alia,
344 551 441 612 quam
456 551 520 612 qua
529 551 585 595 vos
599 530 661 614 ipsi
676 530 842 614 explicatis
856 530 948 608 illud,
958 531 1077 592 Hicest
1089 530 1184 606 ralia,
1197 529 1250 610 qui
1265 527 1365 609 effua-

261 634 367 697 ditur¹
378 660 389 708 ;
416 655 512 716 quem
527 655 588 698 nec
602 656 657 698 vos
672 633 821 717 expedire
836 633 970 717 potestis
986 633 1054 696 sinc
1070 639 1168 714 trapa.
1203 631 1364 712 Denique,
1438 633 1441 637 ’

260 736 359 800 vestri
373 737 529 814 homines,
546 737 624 801 dum
636 741 776 820 flpuram
792 760 890 801 unam
905 737 1044 820 fugiunt,
1068 737 1152 798 mille
1171 755 1204 798 se
1219 733 1365 816 quastio-

261 840 528 903 aibusiaualauat.
552 841 624 903 Nec
633 847 701 903 tam
715 840 847 903 rotunda
857 846 1028 903 moverunt
1042 837 1136 900 acrba
1151 839 1208 900 illa
1217 835 1364 913 rotunda,

262 947 300 1005 ut
314 941 367 1004 hic
381 941 448 1004 illic
463 963 529 1004 non
544 941 727 1026 impingant
742 942 782 1005 ad
798 942 945 1020 absurda,
963 941 1079 1024 quibus
1101 940 1234 1003 mirifice
1256 936 1365 1020 impli-

262 1051 395 1108 cantur:
429 1052 467 1107 ut
493 1051 616 1126 tropum
641 1067 744 1108 unum
768 1045 923 1110 adhibere
952 1052 1094 1129 praestet‚
1120 1065 1218 1126 quam
1245 1042 1286 1106 ad
1312 1048 1363 1104 tot

263 1147 408 1230 scopulos
423 1147 565 1211 allidere.

294 1291 336 1342 Sic
349 1291 423 1353 illud,
433 1294 512 1356 Apoc
524 1293 568 1354 xi,
586 1292 617 1343 do
632 1293 730 1343 duobus
741 1293 875 1357 Prophetis
888 1307 947 1343 cum
960 1292 1120 1343 Antichristo
1133 1291 1294 1356 pugnaturis,
1310 1326 1316 1339 .
1334 1326 1340 1338 .
1358 1326 1364 1339 .

327 1374 420 1424 omisso
436 1374 539 1434 literali,
555 1375 640 1439 plano,
654 1375 764 1439 proprio,
780 1390 809 1425 sc
826 1374 958 1439 perspicuo
976 1389 1058 1435 sensu,
1072 1376 1176 1424 omnino
1193 1372 1317 1430 laborant,
1335 1376 1365 1420 ut

327 1455 482 1519 metaphoris
492 1457 631 1507 obscurent
636 1455 745 1521 -[Belh
757 1457 833 1522 Apol.
844 1472 891 1521 pro
900 1455 989 1519 Resp]
1008 1470 1033 1521 p.
1047 1458 1086 1506 80.
1105 1455 1173 1520 [Op.,
1184 1459 1246 1504 tom.
1257 1454 1304 1503 rii.
1315 1452 1363 1503 col.

264 1594 268 1605 ,
328 1536 437 1600 unc]

306 1654 404 1732 Nam,
431 1652 517 1737 quod
546 1653 687 1717 secundo
715 1653 787 1717 loco
816 1653 934 1735 allegat
963 1652 1071 1716 locum
1098 1673 1135 1715 ex
1160 1648 1365 1734 Apocalypsi,

263 1777 377 1839 parum
397 1755 431 1818 id
450 1756 489 1819 ab
505 1776 544 1849 ep
562 1756 709 1819 consulto
731 1755 853 1819 factum
876 1763 942 1819 est:
965 1776 1127 1839 nusquam
1150 1755 1237 1817 enim
1259 1752 1367 1815 minus

263 1861 326 1924 loci
341 1860 439 1923 habet
455 1881 567 1924 sensus
575 1862 693 1941 planas
702 1867 735 1923 et
750 1860 893 1939 literalis,
911 1882 1006 1942 quam
1022 1860 1057 1922 iu
1071 1858 1154 1922 libro
1168 1858 1234 1921 illo.
1268 1855 1366 1932 Audi,

265 1982 337 2044 qnae
358 1961 404 2025 ibi
427 1968 512 2040 sunt,
537 1961 577 2025 de
605 1961 730 2025 duobus
752 1960 802 2024 his
824 1961 983 2040 'Postibus
1013 1960 1107 2024 auda
1128 1959 1287 2023 rotunda:
1321 1957 1368 2019 Hi

263 2071 336 2128 suat
350 2066 418 2127 duoe
430 2066 526 2142 oliva,
548 2071 579 2128 et
595 2066 655 2129 dua
670 2065 858 2128 candelabra
868 2075 888 2143 ¹,
911 2065 973 2128 nisi
989 2064 1074 2147 quod
1090 2064 1181 2127 deest
1200 2061 1245 2126 ibi
1261 2063 1366 2132 euim,-

264 2188 359 2249 quam
374 2188 484 2231 vocem
500 2167 595 2231 nobis
614 2167 712 2251 (quod
726 2189 781 2232 vos
802 2168 837 2230 in
854 2166 1207 2247 sacramentotenus)
1225 2166 1368 2228 inserere

262 2271 375 2354 religio
390 2279 448 2350 est,
470 2293 539 2335 non
554 2271 661 2335 minus
680 2271 766 2335 clara
788 2278 821 2334 et
842 2270 1031 2354 perspicua3
1056 2290 1127 2353 quse
1141 2276 1253 2332 tamen
1268 2268 1368 2330 inual-

262 2379 312 2436 vet
338 2374 458 2457 (credo)
482 2374 662 2438 Cardinalis
677 2380 766 2455 tropo
790 2375 904 2455 aliquo,
926 2395 968 2437 ne
983 2394 1113 2437 necesse
1128 2371 1269 2435 habeant
1287 2372 1368 2432 Can·

264 2475 392 2539 dolabra
414 2476 553 2541 interfici
579 2478 619 2540 ab
635 2478 842 2539 Antichristo.
889 2477 986 2543 Quod
1000 2476 1064 2539 nisi
1079 2477 1192 2539 omaso
1207 2476 1252 2539 ibi
1267 2474 1368 2538 inter-

264 2577 341 2641 dum
367 2599 459 2641 seusu
485 2580 613 2657 literali,
640 2581 821 2660 metaphora
845 2580 952 2661 aliqua
974 2600 1066 2643 voces
1090 2579 1175 2641 sinas
1197 2578 1367 2656 obseruari,

262 2680 484 2744 Antichristus
495 2682 606 2744 Bestia
621 2682 693 2759 erit,
710 2703 776 2746 non
792 2680 899 2759 homo,
916 2690 949 2745 ct
960 2683 1070 2744 Bestia
1086 2701 1161 2762 qua,
1177 2681 1211 2743 id
1226 2687 1284 2758 cst,
1300 2701 1368 2743 non
1399 2690 1402 2696 '

262 2802 339 2860 usas,
365 2783 422 2845 sed
445 2781 590 2863 farraiaa.
649 2783 713 2847 Sed
746 2784 772 2846 si
800 2784 891 2846 locus
921 2783 968 2846 ibi
997 2784 1207 2864 spiritualiter
1235 2791 1368 2845 vocetur

264 2883 425 2957 Sodoma&
449 2884 571 2967 quidni,
583 2885 621 2948 ad
637 2885 724 2949 idem
739 2885 931 2969 exemplum,
944 2887 1153 2966 spiritualiter
1164 2892 1319 2948 vocentur
1334 2892 1367 2946 et

263 2984 348 3049 alia?
374 2993 406 3049 ot
428 2987 464 3049 in
486 2987 525 3050 iis
547 2987 656 3050 fassit
679 3010 698 3051 a
721 2988 851 3072 proprii>
875 3010 971 3051 sensu
987 2989 1172 3052 discedere?
1220 2989 1368 3069 Siapalas

262 3088 306 3150 ibi
326 3109 432 3151 versus
451 3082 576 3172 siapula
599 3093 748 3171 mysteria
764 3091 844 3154 dixit
859 3091 936 3154 olim
954 3091 1207 3174 Hieronymusl.
1253 3091 1368 3154 Patere

262 3190 391 3254 veroin
413 3192 574 3274 mysteriis
596 3193 792 3274 Metaplaoroe
811 3193 918 3256 locum
938 3215 1017 3257 csso.
1063 3193 1224 3276 Denique,
1240 3193 1306 3256 utri
1327 3193 1367 3255 de

267 3294 407 3356 Testibas
431 3296 496 3357 illis
518 3295 620 3378 magis
643 3297 789 3379 apposita
808 3296 960 3374 sentiant,
983 3296 1122 3359 remittit
1137 3296 1266 3359 Lectori
1286 3317 1365 3373 rem,

264 3395 330 3478 qui,
347 3419 414 3460 non
429 3418 468 3460 ex
482 3419 596 3462 vocum
611 3399 738 3482 (spero),
749 3398 805 3462 scd
820 3419 859 3461 ex
875 3420 986 3462 sensus
1001 3399 1194 3462 rotunditate
1206 3399 1366 3483 judicium
1382 3426 1385 3431 ·
1422 3456 1424 3461 .

265 3499 359 3564 seret.

296 3632 357 3683 Non
374 3633 436 3682 satis
452 3638 491 3683 est
508 3634 540 3683 ad
558 3634 705 3684 hoereticum
719 3648 813 3684 nomen
823 3634 973 3698 fugiendum
986 3635 1032 3685 illa
1043 3636 1173 3698 recipere.
1191 3671 1197 3683 .
1217 3673 1222 3684 .
1241 3651 1298 3697 quas
1311 3635 1367 3685 ilex

329 3715 472 3776 Anglorum
489 3715 600 3779 recipere
619 3720 694 3779 atque
714 3715 851 3766 admittere
869 3732 895 3766 se
915 3717 1102 3782 dicit—[Bell.
1120 3717 1195 3781 Apol.
1214 3733 1260 3781 pro
1278 3718 1367 3784 Resp]

329 3809 353 3857 p.
367 3797 406 3844 80.
427 3796 497 3860 [Op.,
508 3801 569 3846 tom.
578 3796 622 3846 vii.
634 3797 681 3846 cot.
695 3798 750 3849 749.
759 3797 805 3861 D.]

102 3932 180 3998 [Satis
190 3937 229 3983 est
308 3910 382 3973 Nau
406 3913 486 3974 satis
508 3911 579 3989 hoc,
603 3913 630 3975 si
653 3913 723 3995 quis
746 3915 810 3976 tria
831 3914 978 3996 Symbola
999 3915 1159 3999 suscipiat,
1187 3925 1220 3980 et
1235 3902 1369 3999 quatuor

101 3998 255 4112 milit&
269 4011 417 4090 Consilia,
442 4021 480 4076 ut
503 4034 541 4076 rw
560 4014 736 4076 Hoereticas
755 4016 818 4077 sit:
845 4016 911 4079 Ubi
934 4017 1078 4081 candor?
1125 4020 1272 4086 Quatuor
1294 4042 1368 4103 pro-

102 4125 243 4191 Symbola]

299 4211 309 4234 ¹
342 4203 538 4280 Luc.xxii.20.]
837 4221 883 4282 pro
904 4206 996 4282 merita
1015 4208 1158 4259 voluminis.
1199 4211 1265 4261 haus
1284 4213 1369 4262 omnis

298 4274 307 4299 ⁸
340 4269 464 4331 Apocxn
477 4268 514 4331 4.]
837 4271 1002 4320 interrorest:
1020 4272 1048 4320 in
1061 4275 1145 4324 verbis
1159 4275 1268 4338 singulis
1282 4278 1368 4327 multi·

296 4332 309 4426 ἑ
335 4333 411 4445 rippa
423 4331 517 4444 xiib]
542 4395 559 4445 J
629 4397 634 4409 ι
663 4371 765 4447 tom)
836 4335 915 4448 plicas
930 4335 1011 4410 latent
1024 4336 1281 4417 intelligentiae.'’-S.
1296 4341 1368 4418 Hier.

189 4528 194 4538 ¹
261 4401 792 4523 mortuimaris?
836 4399 1367 4533 dihhl'pl'ilhlittifili‘billm·

75 4540 118 4635 h.
