2910 4926
280 273 346 335 494
592 285 634 331 an
657 284 847 332 cassinuus
869 286 1068 334 umnauumr

280 441 461 506 Cardinalis
473 462 539 504 non
555 441 659 504 bonus
674 441 848 525 discipulus
859 451 879 504 ⁰.
919 443 973 505 Sic
989 443 1177 520 Rishtonus,
1194 462 1262 507 non
1276 441 1382 505 bonus

284 543 460 608 Sanderi‘l:
488 545 533 608 sie
560 545 687 607 Jesuita
713 544 935 626 Bosgraviuse,
961 546 1006 608 sic
1021 543 1226 622 Warsonusf,
1255 544 1382 607 Feken·

281 648 396 709 hamus
406 656 429 724 Β,
452 647 594 728 Yongus,
618 647 677 709 flos
702 646 755 709 hie
778 644 936 709 delibatus
959 647 1220 709 Pontificiorum:
1242 652 1283 709 nt
1304 645 1382 708 Car-

282 748 399 812 dinalis
420 755 507 811 recte
529 750 600 810 acci
622 749 776 830 dogmatis
797 753 934 811 sectator
958 748 1021 811 diei
1046 748 1197 832 potuerit.
1246 747 1382 819 Quaestio

281 851 371 913 enim
380 871 446 914 non
455 871 543 928 novo,
555 850 595 913 de
607 872 670 932 qua
680 857 756 913 ante
765 850 887 933 aliquot
898 850 1016 912 saecula
1028 850 1068 912 lis
1077 859 1182 933 coepta
1192 857 1256 913 est:
1270 849 1383 930 deputa

281 974 356 1017 vero
371 974 489 1017 amm.

313 1090 336 1136 A
351 1087 470 1151 Gregorio
477 1088 578 1151 juniore
590 1125 595 1137 .
608 1125 614 1138 .
627 1123 633 1136 .
645 1089 890 1138 excommunicatum
901 1087 985 1148 fuisse,
996 1093 1022 1137 et
1032 1087 1199 1150 vectigalibus
1205 1086 1291 1136 Italiae
1302 1086 1384 1150 priva·

345 1174 400 1218 tum
413 1168 524 1219 Leonem
535 1168 674 1218 Isauricum
687 1202 694 1216 .
707 1204 713 1216 .
726 1204 748 1227 .,
765 1168 873 1217 testibus
883 1167 997 1218 Zouara¹¹
1012 1173 1038 1217 et
1048 1165 1293 1232 cunnos-[Bou.
1306 1165 1381 1230 Apol.

345 1263 391 1312 pro
403 1247 487 1311 Resp]
504 1263 528 1312 p.
540 1251 596 1299 215.
613 1248 678 1313 [Op.‚
690 1253 752 1299 tom
762 1249 807 1299 vii.
824 1250 870 1299 col.
879 1251 933 1300 tit
946 1248 987 1313 Β.]

324 1347 413 1410 Nam
435 1368 492 1411 cur
514 1348 646 1410 Zonarae
665 1347 841 1428 credamus,
857 1349 908 1412 vel
923 1348 1078 1425 Cedreno,
1096 1347 1217 1412 Graecis
1240 1346 1383 1410 homini-

281 1449 353 1528 bus,
369 1450 518 1513 derebus
534 1449 662 1512 Italiael
707 1450 849 1513 Nemon'
864 1451 968 1513 Italus
983 1458 1042 1528 est,
1057 1450 1122 1533 qui,
1139 1450 1216 1532 quid
1231 1450 1269 1512 in
1285 1449 1384 1513 Italia

281 1560 418 1635 gestum,
438 1553 549 1616 retulit
569 1552 604 1614 in
619 1552 897 1616 Commentarios?
942 1555 1029 1617 Nam
1043 1555 1171 1617 Platina
1185 1574 1256 1617 rem
1269 1561 1383 1616 narrat

280 1656 384 1719 aliter.
428 1655 599 1738 Populum,
623 1676 698 1717 cum
720 1663 874 1735 cerneret,
896 1678 993 1739 quam
1010 1658 1102 1720 tenui
1126 1657 1180 1721 filo
1199 1656 1383 1740 penderent

281 1779 332 1821 res
347 1757 464 1822 Leonis
485 1758 521 1820 in
536 1757 722 1832 Occidente,
743 1757 836 1822 facile
851 1759 1072 1822 tumultuandi
1086 1759 1285 1823 occasionem
1300 1760 1382 1822 arri-

280 1861 397 1943 puisse,
420 1867 517 1943 atque
531 1860 700 1941 vectigalia
718 1881 786 1924 non
809 1861 962 1926 solvendi.
1009 1864 1134 1927 Notum
1155 1862 1267 1945 populi
1288 1862 1381 1944 inge·

280 1963 381 2040 nium,
407 1962 525 2026 attenti
550 1962 591 2026 ad
612 1983 682 2025 rem
701 1970 786 2042 sunt,
809 1984 882 2027 raro
896 1963 947 2027 vel
967 1965 1168 2047 vectigalibus
1189 1964 1310 2043 favent,
1333 1965 1384 2027 cel

280 2066 470 2129 Publicanos
485 2071 606 2129 amant.
651 2066 696 2128 At
713 2066 905 2148 Gregorium
926 2066 957 2131 ei
978 2068 1091 2145 motui,
1107 2089 1171 2151 qua
1188 2069 1307 2150 potuit,
1322 2067 1380 2131 ob-

280 2169 401 2232 stitisse
409 2168 432 2232 k.
478 2169 596 2245 Quare,
624 2189 706 2231 novo
728 2168 791 2232 hoc
814 2168 963 2252 dogmate
988 2170 1154 2234 initiatum
1176 2192 1242 2234 non
1269 2171 1379 2235 fuisse.

278 2271 325 2333 At
349 2271 462 2334 lubens
485 2271 538 2334 hic
562 2292 581 2333 a
599 2270 770 2334 Cardinale
791 2272 1004 2351 resciscerem,
1028 2272 1143 2356 ecquid
1165 2273 1310 2336 nondum
1326 2294 1381 2337 ex·

279 2381 463 2436 auctoratus
487 2374 564 2450 Leo,
588 2371 644 2434 sed
669 2373 776 2436 Caesar
798 2373 913 2451 adhuc,
936 2375 1084 2438 mulctari
1107 2375 1214 2459 potuit
1239 2376 1381 2458 vectiga-

279 2473 364 2538 libus
379 2498 398 2538 a
413 2474 595 2539 Pontificei
625 2475 669 2537 Et
685 2496 794 2538 annon
808 2475 870 2539 hoc
885 2476 928 2538 sit
941 2476 1073 2540 Christo
1088 2477 1257 2540 advorsum
1272 2477 1330 2555 ire,
1347 2486 1380 2540 et

280 2576 442 2656 infaciem
457 2575 628 2656 resisteret
645 2578 700 2659 qui
716 2578 835 2641 Caesari
848 2578 913 2655 illa,
933 2579 1098 2660 (quamdiu
1112 2580 1242 2660 Caesar,)
1258 2580 1379 2642 reddam

279 2680 403 2742 voluit?
442 2682 490 2743 Ea
505 2681 635 2761 quidem
650 2681 829 2743 Cardinalis
846 2681 1008 2743 sententia
1022 2682 1155 2759 videtur,
1171 2683 1204 2743 t'o
1220 2683 1296 2759 Ioco,
1312 2704 1380 2745 non

279 2782 501 2843 mulctandum
516 2782 725 2864 vectigalibus
742 2784 910 2861 Caesarem,
933 2784 996 2845 nisi
1012 2784 1153 2866 Imperio
1170 2785 1258 2867 prius
1276 2786 1380 2848 mulc-

279 2892 393 2946 tatum.
441 2885 605 2948 Quamdiu
621 2887 729 2948 Caesar
753 2895 811 2964 est,
831 2887 860 2949 ei
882 2886 997 2949 debere
1020 2908 1103 2964 suos,
1125 2897 1158 2950 et
1180 2888 1328 2970 vectigal,
1347 2899 1380 2951 et

279 2986 385 3062 iidem,
404 3008 446 3048 ne
465 2986 590 3063 debere,
612 3008 743 3051 necesse
765 2989 905 3052 habeant
928 2987 968 3049 de
984 2989 1109 3051 Caesare
1132 3011 1197 3052 uon
1218 2990 1380 3053 Caesarem

278 3086 472 3151 faciendum.

311 3222 350 3271 lix
358 3224 509 3282 auctoribus,
521 3239 583 3287 quos
595 3226 657 3274 citat
668 3225 730 3284 Rex,
741 3224 791 3274 duo
808 3225 855 3274 soli
867 3230 927 3274 sunt
942 3239 994 3273 non
1004 3226 1191 3283 contemnendi,
1204 3225 1274 3276 Otho
1286 3227 1381 3277 Frisiu-

342 3306 481 3365 gensia...
499 3310 525 3353 et
537 3305 673 3355 Godsridus
691 3305 864 3355 viterbiensis.
876 3344 882 3355 .
895 3343 901 3354 .
914 3344 919 3355 .
932 3305 981 3355 Sed
1001 3305 1028 3354 hi
1047 3305 1161 3356 scribunt
1180 3307 1263 3356 solum
1281 3322 1308 3357 se
1329 3323 1381 3357 non

342 3385 432 3445 legisse
451 3389 510 3433 anto
530 3389 644 3447 tempora
660 3384 775 3446 Gregorii
787 3385 847 3433 Vll.
866 3385 1046 3447 imperatorem
1063 3400 1079 3433 a
1096 3385 1164 3447 Papa
1179 3389 1381 3437 excommunica·

342 3468 406 3524 tum,
420 3468 464 3512 aut
475 3501 480 3512 .
493 3500 499 3512 .
514 3501 519 3513 .
532 3464 683 3527 depositum,
696 3502 702 3513 .
715 3501 720 3512 .
733 3500 738 3511 .
751 3479 803 3513 non
815 3469 901 3514 tamen
913 3465 1002 3513 dicunt
1013 3464 1040 3514 id
1051 3464 1106 3514 fieri
1119 3479 1170 3514 non
1181 3480 1260 3527 posse,
1272 3473 1381 3518 autnon

342 3545 534 3610 licere-[Bell.
547 3547 620 3609 Apol.
632 3560 677 3608 pro
690 3545 774 3609 Resp.]
790 3561 815 3608 p.
828 3549 883 3596 215.
900 3546 967 3611 [Op.,
979 3548 1092 3596 tomvi'a
1104 3547 1149 3596 col
1163 3550 1218 3598 825.
1231 3547 1273 3611 Β.]

321 3646 405 3708 Vide
421 3668 504 3723 vcro,
517 3653 563 3723 ut,
580 3666 655 3727 quoa
666 3647 741 3723 vult,
759 3648 926 3708 contemnit
937 3645 1135 3710 Cardinalis:
1159 3668 1289 3728 quoram
1304 3671 1381 3713 vero

275 3750 352 3824 ercli,
374 3751 537 3810 otiseretur
551 3774 562 3820 ‚·
584 3748 755 3810 miseretur
770 3748 908 3813 Othonis
923 3756 956 3811 et
972 3747 1131 3827 Godfridi,
1145 3750 1200 3831 qui
1215 3771 1248 3813 se
1264 3761 1380 3832 negaui

278 3850 380 3912 simile
393 3849 470 3931 quid
485 3851 616 3931 leytsam
635 3849 780 3932 (quodid
794 3852 918 3912 minime
932 3852 1025 3912 licere
1040 3872 1100 3912 acu
1116 3852 1244 3932 dicant.)
1284 3854 1381 3918 Certe

311 4025 321 4047 ⁰
354 4017 420 4066 Vide
432 4032 513 4079 supra,
526 4032 548 4079 p.
557 4020 612 4066 48].
625 4024 676 4067 not.
686 4020 716 4082 ¹.]
880 4018 892 4049 ¹¹
920 4019 1006 4068 Zonar.
1022 4021 1113 4071 Annal.
1125 4025 1186 4069 tom.
1198 4021 1235 4068 iii.
1246 4035 1271 4084 p.
1285 4022 1336 4085 85.]

311 4080 321 4110 ‘¹
352 4081 417 4130 Vide
427 4081 532 4129 Butler's
541 4082 676 4131 Historical
686 4084 805 4133 Memoirs
888 4083 893 4113 ¹
924 4084 1027 4132 Oedren.
1038 4084 1106 4133 Hist.
1119 4083 1257 4146 compend.
1269 4100 1294 4148 p.
1301 4088 1370 4150 3i3.]

277 4145 306 4192 of
312 4145 427 4206 English,
436 4147 476 4193 irc.
486 4145 620 4205 euthalius,
630 4148 679 4196 vol.
688 4148 704 4195 i.
714 4163 737 4210 p.
748 4150 803 4199 ⁶12.
881 4146 893 4178 ¹¹
923 4148 987 4196 Vide
1005 4148 1068 4196 Plat.
1089 4149 1116 4196 in
1130 4148 1204 4210 Greg.
1217 4149 1251 4199 ΙΙ.
1264 4150 1293 4199 in
1311 4151 1382 4201 Vitis

278 4209 408 4322 Appendb]
848 4211 941 4261 Pontis.
954 4211 1053 4287 pilu]

309 4336 318 4367 f
339 4274 387 4384 [Vl
396 4289 419 4386 le
430 4288 513 4385 affine,
524 4288 550 4386 pL
558 4274 613 4367 lbtl.
623 4279 674 4325 not
682 4274 712 4338 a]
879 4274 896 4371 ζ
908 4275 1017 4404 [ῧαὶὰιι.
1031 4274 1110 4389 ].1ι.]21

308 4337 601 4464 sivillisiussiis'ei
948 4355 1069 4390 sam.
1115 4339 1132 4403 ·]
