2910 4926
471 302 656 354 momoria
678 304 859 354 aramusm.
1153 285 1217 359 825

116 478 245 525 movere
268 466 374 544 potest
397 461 490 541 ratio,
514 483 571 526 cur
590 483 761 527 numerum
781 461 827 526 ibi
851 460 1056 528 dimidiatum
1075 465 1218 530 loannes

116 561 295 628 addiderit:
319 563 406 648 quod
428 587 454 629 a·
468 565 604 630 Daniele
622 567 725 649 (cujus
746 564 867 650 ubique
887 565 954 630 fere
975 566 1119 632 imitator
1140 569 1213 652 est,)

115 665 269 750 loquendi
290 667 423 732 modum
445 668 537 733 illum
562 676 738 734 mutuetur.
783 668 849 733 Vix
871 668 958 734 enim
977 670 1117 753 reperias
1132 673 1218 756 apud

116 771 278 835 Joannem
301 772 434 856 phrasin
457 773 607 857 aliquam,
630 773 693 836 nisi
714 772 765 837 vel
787 794 826 836 ex
849 772 996 851 Daniele,
1019 774 1070 837 vel
1093 797 1131 840 ex
1154 776 1217 840 alio

115 873 223 958 aliquo
240 875 402 959 Propheta
417 876 630 960 desumptam.
677 878 850 961 Postquam
873 876 960 940 cuim
982 876 1028 939 ita
1043 877 1161 943 Daniel
1176 879 1217 944 de

116 977 238 1042 Christi
261 978 401 1042 adventu
423 980 538 1063 primo,
565 1001 633 1062 cap.
651 981 713 1045 IX.
737 1000 816 1043 cers.
832 981 901 1058 ult,
924 979 1130 1044 Hebdomada
1153 1003 1217 1045 aaa

107 1078 217 1160 fedus
239 1080 383 1162 firombit
419 1103 488 1145 cum
515 1085 632 1161 multis,
662 1084 763 1147 medio
792 1103 863 1146 uero
893 1082 1090 1147 bebdomada
1118 1085 1215 1165 illius,

115 1204 236 1247 cessare
249 1183 352 1266 saciet
367 1185 550 1248 oblationem
564 1193 595 1250 et
611 1186 829 1269 Sacrificium:
852 1184 906 1249 Ad
918 1186 1056 1250 cundem
1071 1187 1215 1269 modum,

114 1287 308 1352 Antichristi
325 1295 453 1373 tempus
476 1290 627 1354 describit
643 1292 795 1370 loannes,
811 1289 904 1373 quasi
927 1289 1034 1354 medio
1056 1312 1215 1356 annorum

113 1393 298 1473 septenario,
317 1393 384 1477 (qui
406 1415 578 1458 numerum
600 1394 678 1459 facit
700 1416 850 1458 annorum
872 1395 978 1473 trium,
994 1401 1025 1458 et
1039 1395 1212 1479 semissis:)

113 1495 220 1559 medio
242 1502 350 1560 autem
371 1497 557 1579 posteriore,
579 1505 769 1563 venturum:
794 1519 857 1582 quo
875 1495 1048 1562 novissima
1070 1504 1216 1582 tempora

114 1598 280 1682 designare
295 1598 404 1663 voluit.
445 1598 447 1602 ’

156 1703 284 1786 Ergone
302 1701 451 1786 (inquies)
469 1709 538 1769 toto
559 1702 615 1767 illo
637 1711 782 1786 tempore
803 1701 952 1786 reguabit
966 1701 1214 1767 Antichristus?

113 1805 209 1869 Certe
223 1827 290 1869 non
305 1805 375 1869 sine
386 1807 541 1890 Apostolo
556 1806 686 1886 diceret,
703 1806 758 1890 qui
771 1805 806 1868 id
820 1804 867 1869 ita
881 1805 1012 1870 diceret.
1051 1806 1072 1869 J
1074 1827 1126 1868 am
1141 1812 1214 1869 tum

112 1908 209 1987 enim,
226 1930 300 1972 cum
322 1907 362 1972 ad
379 1909 702 1974 Thessalonicenses‘l
717 1908 869 1973 scriberet
883 1909 1071 1993 Apostolus,
1088 1910 1215 1991 cepisse

112 2010 192 2075 dixit
208 2013 332 2093 operari
346 2014 527 2094 mysterium
541 2013 733 2095 iniquitatis.-
757 2033 883 2095 nempe,
897 2010 987 2096 quasi
1001 2011 1216 2077 fundamenta

111 2113 215 2196 prima
237 2116 313 2198 poni
335 2115 440 2199 Regni
463 2117 719 2195 Auticbmstiaai,
743 2136 809 2199 per,
834 2136 906 2199 quae
927 2132 999 2179 tum
1020 2113 1215 2180 invalescere

112 2225 289 2301 coeperunt,
306 2219 495 2302 opinionum
522 2226 682 2302 portenta,
707 2226 740 2282 et
765 2218 840 2283 ritae
864 2239 1054 2301 morumque
1080 2239 1213 2302 corrup·

111 2320 202 2384 telas.
246 2322 319 2384 Nec
344 2322 377 2385 id
404 2323 498 2405 plane
522 2331 651 2401 tamen;
682 2342 752 2400 ncc,
780 2320 841 2385 nisi
867 2321 995 2385 sublato
1018 2321 1115 2405 (quod
1142 2329 1213 2384 tum

111 2423 249 2504 obstitit)
274 2424 506 2508 impedimento
527 2427 662 2489 Romani
683 2425 832 2507 Imperii;
863 2424 932 2488 fore
955 2424 1053 2501 enim,
1076 2429 1115 2487 ut
1137 2444 1212 2487 cum

112 2527 216 2590 Roma
231 2534 361 2591 exactus
376 2529 562 2609 Imperator,
578 2535 649 2592 tum
672 2528 803 2593 demum
825 2527 980 2591 thronum
1003 2549 1096 2590 suum
1116 2527 1212 2610 plane
1232 2509 1235 2517 ’

110 2637 288 2714 capesseret
317 2631 548 2695 Antichristus.
601 2633 807 2715 Quanquam,
834 2639 867 2695 et
896 2629 943 2694 ita
968 2629 1080 2708 voluit,
1109 2631 1212 2693 media

108 2735 281 2816 septimana
303 2742 430 2818 tempus
453 2735 531 2798 illud
554 2735 877 2814 circumscriberent
900 2734 1020 2797 scirent
1042 2733 1211 2797 definitum

110 2857 130 2898 a
151 2837 222 2900 Deo
245 2844 373 2921 tempus
390 2838 595 2916 Antichristi,
614 2859 674 2902 nec
698 2859 788 2921 spem
811 2858 940 2901 omnem
964 2837 1140 2921 abjicerent
1156 2836 1211 2920 pii,

110 2939 199 3020 quasi
222 2939 291 3003 sine
312 2941 377 3004 fine
400 2941 568 3004 saeviturus
590 2942 626 3004 in
648 2962 702 3005 eos
725 2948 829 3005 esset:
853 2961 914 3004 nec
928 2940 979 3004 vel
1000 2939 1054 3004 ille
1070 2939 1210 3018 saevitiae,

108 3042 158 3104 vel
179 3042 241 3126 ipsi
264 3044 493 3127 expectationis
509 3065 575 3107 succ
589 3045 765 3109 terminum
781 3043 933 3107 habituri.
980 3042 1127 3120 interim,
1143 3049 1212 3106 tam

108 3145 210 3209 calide
233 3153 329 3230 atque
352 3147 467 3210 acriter
488 3147 667 3211 insectatur
688 3147 741 3211 hic
756 3148 897 3210 Bestiam
916 3167 1007 3209 suam
1023 3145 1211 3225 cardinalis,

108 3255 145 3311 ut
161 3249 196 3312 in
212 3252 318 3315 medio
338 3260 428 3331 aestu,
444 3253 597 3317 exciderit
612 3252 659 3315 illi
678 3252 838 3317 confessio
859 3252 939 3329 haec,
959 3252 1068 3332 Capite
1083 3250 1210 3315 XVII⁰.

108 3353 241 3417 describi
267 3377 286 3419 a
311 3357 432 3421 Joaaae
458 3358 613 3421 escidium
636 3357 770 3420 Romani
794 3357 925 3437 Imperii
950 3361 1080 3436 propter
1100 3375 1209 3436 perse-

108 3458 245 3521 cutiones
267 3461 300 3521 ia
319 3461 543 3540 Christianam,
560 3460 677 3544 quibus
699 3458 844 3522 saevitum
866 3457 973 3521 fuerat
994 3456 1029 3519 in
1045 3457 1209 3540 Martyres

108 3561 213 3624 Roma
236 3562 341 3626 adhuc
363 3564 520 3627 Ethnica:
542 3585 657 3647 parum
683 3561 732 3627 sui
757 3561 809 3626 hic
835 3562 884 3643 (ut
906 3559 1045 3643 videtur)
1062 3560 1208 3639 memori,

108 3666 162 3747 qni
184 3667 280 3748 paulo
303 3676 378 3730 ante
404 3674 594 3751 argumento
616 3667 678 3730 hoc
699 3686 776 3730 usus
798 3664 916 3743 fuerat,
937 3664 1067 3727 uecdum
1091 3665 1209 3728 emisse

105 3769 345 3847 Antichristum,
371 3771 454 3852 quod
481 3770 637 3833 escidium
665 3768 800 3832 Romami
829 3767 958 3848 Imperii
986 3766 1122 3829 madum
1150 3766 1207 3828 ad·

105 3872 266 3935 venissem.
311 3873 469 3936 Nondum
484 3880 593 3935 autem
613 3871 777 3935 advenisse
792 3870 883 3948 illud,
900 3869 983 3952 quod
1003 3870 1074 3933 Rea
1088 3869 1207 3932 Rodul·

98 3975 198 4054 pbum
211 3975 257 4038 II.
280 3975 490 4038 Romanorum
503 3975 726 4055 Imperatorem
740 3973 915 4054 scripserit.

138 4100 228 4164 Siquid
245 4102 300 4152 haec
322 4103 507 4165 argumentatio
528 4102 603 4162 rslst,
625 4100 743 4151 adversus
766 4099 814 4165 [8.]
837 4100 1022 4163 Hieronymum
1044 4101 1205 4164 potissimum

169 4183 259 4234 valera
293 4184 340 4233 Ille
351 4185 420 4234 onim
437 4220 443 4232 .
462 4220 467 4233 .
486 4220 492 4232 .
509 4183 633 4244 ‘Beatus'
644 4182 736 4246 inquit,
753 4218 760 4231 .
778 4218 784 4230 .
802 4217 809 4231 .
827 4182 888 4245 ‘qui
903 4182 1035 4232 interiecto
1047 4181 1206 4232 Antichristo

177 4400 299 4466 ithess]
310 4416 364 4466 cap.
376 4402 404 4451 ii.
416 4403 439 4453 7.
708 4407 717 4430 ¹
735 4398 813 4462 [Bell.
834 4397 909 4462 Apol.
932 4411 979 4460 pro
998 4396 1087 4461 Resp]
1110 4412 1135 4461 p.
1150 4399 1205 4447 129.

136 4475 145 4497 ¹
162 4401 237 4531 iBell.
258 4468 332 4542 Apol.
355 4481 400 4580 pro
419 4467 506 4531 Resp]
529 4482 554 4531 p.
575 4468 631 4517 135.
677 4464 748 4528 [Op.
761 4463 875 4513 tomrii.
887 4462 1035 4514 colaria.
1047 4461 1112 4512 Vide
1123 4477 1206 4527 supra,

106 4531 176 4595 [Op.,
194 4536 254 4582 tom.
265 4547 308 4581 vu.
326 4547 372 4581 co.
386 4531 441 4583 780.
454 4530 493 4597 0.]
676 4543 700 4594 p.
715 4527 786 4591 ³08]
