2910 4926
460 290 643 343 ssomesars
664 290 845 339 ssssosuo.
1139 276 1208 344 235.

99 446 266 526 salutetur,
283 448 429 513 devotius
448 448 616 513 invocetur
635 449 675 512 B.
688 446 800 532 Virg0,
825 468 922 531 quam
937 447 988 511 vel
1010 446 1111 511 Filius
1134 447 1205 532 ejus

99 549 192 633 ipse?
237 551 350 630 Aiunt,
368 551 423 634 qui
438 551 514 615 inde
540 552 604 615 huc
622 550 662 614 sd
679 571 739 615 nos
753 550 909 615 redeunt:
931 571 992 615 nec
1006 550 1073 614 ulla
1086 571 1123 614 re
1136 549 1205 614 laesi

100 652 203 736 magis
218 675 329 719 eorum
350 655 459 733 animi,
477 677 572 738 quarn
592 654 660 737 (ubi
679 654 828 738 legerunt
844 653 1058 733 cardinalem,
1075 654 1204 718 delicias

100 757 147 820 ita
160 757 355 840 facientem,)
374 758 459 841 quod
477 767 546 822 tam
567 779 709 822 crassam
723 758 770 823 ibi
784 758 895 842 populi
912 758 1012 823 totius
1032 757 1205 842 superstio-

101 881 178 924 nem
203 860 354 926 videant:
393 870 426 926 et
454 862 579 946 praxin,
610 883 650 925 ex
679 869 749 926 tota
778 862 946 943 diametr0,
977 861 1104 945 scriptis
1133 860 1204 944 ejus

104 964 310 1029 contrariam.

134 1101 171 1149 At
180 1099 315 1163 prudentes
323 1104 349 1150 ct
356 1101 419 1150 bene
429 1100 541 1151 instituti
549 1100 683 1161 Catholici,
694 1115 775 1164 neque
782 1099 882 1162 Divum,
894 1115 976 1165 neque
983 1100 1063 1151 Deum
1074 1103 1206 1151 vocant.-

167 1181 241 1246 [Bell.
249 1182 323 1246 Apol.
331 1197 377 1247 pro
389 1181 510 1247 Respm]p
518 1185 556 1232 94.
570 1181 636 1247 [Op.,
645 1188 699 1232 tum
710 1183 754 1233 vii.
767 1183 813 1232 ccl.
825 1183 883 1235 757.
892 1181 932 1246 B.]

144 1280 267 1345 Verum
284 1282 466 1377 pascentes,
485 1288 516 1345 et
536 1282 609 1345 bene
632 1283 770 1345 instituti
789 1282 953 1361 Catholici,
969 1282 1055 1366 apud
1069 1303 1134 1361 vos,
1149 1302 1206 1345 nec
1217 1298 1314 1414 bvirgo

103 1383 218 1446 Diuum
237 1385 557 1462 cucurrissemus.
602 1385 680 1449 Non
703 1385 844 1449 Divum?
889 1387 995 1464 Certe,
1018 1385 1071 1450 cui
1092 1385 1205 1469 religio
1217 1365 1350 1479 Dm,

103 1486 156 1564 sit,
178 1487 263 1569 (cum
284 1487 324 1551 de
346 1487 473 1552 Sanctis
496 1488 612 1572 agitur)
632 1488 708 1551 Diui
730 1508 851 1566 vocem,
866 1489 916 1552 vel
931 1489 1020 1552 Diuae
1041 1511 1204 1572 usurpare,
1218 1492 1279 1558 sur]

103 1589 155 1651 vix
176 1590 293 1673 (credo)
310 1591 460 1673 reperias.
506 1590 644 1654 Incessit
666 1612 769 1674 nuper
789 1591 992 1656 cardinalem
1011 1592 1206 1676 superstitio,

103 1699 141 1755 ut
156 1714 215 1756 sus
229 1715 473 1777 recognoscens,
484 1714 596 1758 vocem
607 1694 697 1757 illam
710 1695 750 1758 de
765 1694 892 1778 scriptis
907 1695 974 1758 suis
989 1694 1206 1779 dispungeret‚

104 1797 190 1880 quod
214 1819 282 1861 eam
304 1819 365 1861 sou
385 1799 537 1861 inueniret
557 1798 643 1880 apud
659 1804 777 1862 veteres
796 1798 929 1863 Latinos
951 1797 1093 1862 Patres‘l.
1140 1798 1207 1863 Ubi

103 1921 190 1984 ergo,
206 1902 254 1984 (ut
269 1901 404 1984 videtur)
419 1902 555 1965 subinde
570 1902 599 1965 ei
615 1902 753 1966 occurrit
766 1902 1122 1966 ibansubstantiutiosis
1135 1923 1206 1980 vox,

104 2011 137 2067 ct
155 2005 416 2083 Consumituutie,
433 2013 466 2068 et
481 2006 695 2086 Hyperduliae.
741 2005 839 2068 Ridet
864 2006 1024 2069 rationem
1050 2005 1205 2069 Serarius.

105 2109 221 2173 AEdem
242 2129 367 2172 sacram
389 2130 449 2171 uon
471 2110 611 2190 reperias
633 2108 720 2190 apud
740 2109 857 2172 Patres
878 2111 1033 2192 Templum
1054 2114 1208 2173 vocatam.

104 2212 151 2275 st
167 2218 269 2275 tamen
284 2214 353 2294 quis
373 2214 430 2275 hoc
453 2213 586 2274 nominis
600 2211 738 2294 resuyiat
753 2212 890 2277 hodie?
933 2213 1025 2292 Tum,
1042 2213 1125 2295 quod
1135 2211 1209 2275 Diis

105 2322 225 2380 tautum
240 2317 337 2380 tribui
358 2313 483 2394 soleats,
500 2336 572 2399 quae
588 2323 699 2379 tamen
714 2315 811 2379 etiam
827 2315 946 2380 Caesari
967 2315 1100 2395 tributa,
1116 2315 1209 2399 cujus

104 2420 234 2483 Divcles
249 2422 362 2502 apices,
378 2426 410 2483 et
428 2421 560 2482 Sacram
574 2420 728 2495 Diuclem,
744 2419 909 2484 Cardinali
926 2419 1043 2502 (credo)
1064 2419 1209 2484 nondum

105 2524 267 2589 excidisse.
310 2521 507 2588 Ἰδιοπάθεια
521 2525 591 2587 haec
607 2523 786 2589 cardinalis
802 2532 859 2588 est.
905 2524 989 2589 Aliis
1004 2524 1102 2603 enim,
1119 2545 1208 2588 scru-

104 2628 200 2711 pulus
214 2628 332 2704 nullus,
348 2629 465 2693 Divum
479 2627 624 2692 vocandi.
659 2627 744 2691 Vide
761 2627 933 2691 Serarium.
971 2627 1084 2690 Vocari
1092 2632 1209 2708 potest,

104 2737 292 2809 sauctorum,
307 2731 372 2794 sice
383 2732 547 2810 licerinum,
563 2731 628 2794 siue
637 2731 827 2814 Auqelorum
842 2730 979 2813 quilibet,
995 2731 1105 2794 Divus
1133 2731 1210 2793 Cum

105 2834 167 2896 Dei
181 2836 246 2896 veri
261 2836 427 2916 preprium
450 2834 635 2897 attributum
653 2855 714 2897 nou
728 2834 780 2912 sit,
795 2839 880 2897 recte
896 2840 1003 2916 potest
1020 2834 1103 2897 ueris
1119 2834 1210 2916 hujus

97 2935 242 3018 famulis,
253 2939 420 3018 amicisque
435 2938 558 3002 tribuis.
591 2935 675 3001 Vide
685 2937 735 3001 vel
746 2936 891 3021 Lipsium
908 2937 1082 3022 (sapientiae
1096 2937 1210 3020 utique

106 3047 139 3104 et
153 3039 319 3103 literarum
336 3041 404 3104 Ant
391 3040 539 3123 tistitem)
557 3047 655 3123 atque
671 3041 741 3125 eJus
756 3041 872 3103 Divum
887 3039 1062 3123 geminam,
1078 3040 1209 3102 Hellen·

105 3140 198 3221 semh,
214 3148 247 3206 et
262 3141 491 3258 Aspricollem‘.
537 3143 671 3207 Frons'
662 3164 733 3226 ipsa
754 3162 866 3207 vocem
886 3143 1026 3227 prefert,
1045 3150 1079 3207 et
1100 3150 1210 3207 vertex

107 3247 262 3331 cujusque
286 3245 421 3330 paginae.
480 3247 584 3328 Leges
607 3245 653 3309 ibi
678 3246 750 3329 plus
775 3246 904 3324 centies,
931 3268 973 3311 ne
998 3247 1211 3330 imprudenter

101 3355 195 3430 putes
210 3347 384 3427 eccidisssl,
401 3355 434 3413 et
448 3370 525 3414 voce
539 3349 676 3432 integra,
692 3369 734 3412 ne
749 3348 878 3432 capitali
891 3349 986 3413 litera
999 3349 1161 3433 scriptam,
1172 3371 1211 3413 ue

106 3453 149 3516 D.
159 3473 221 3535 pro
236 3453 276 3515 B.
295 3453 515 3536 Typoqraphos
530 3454 599 3535 quis
607 3458 700 3534 putet
713 3451 938 3531 substituisse,
954 3453 1053 3536 legas,
1070 3472 1087 3515 o
1102 3452 1208 3515 Diva:

107 3563 150 3635 et,
167 3578 184 3620 o
199 3557 283 3619 Diua
296 3556 461 3620 Divurum.
505 3555 663 3640 Denique,
679 3577 785 3640 neque
799 3577 838 3620 ea
850 3576 927 3620 voce
949 3556 999 3620 uti
1013 3555 1143 3634 veritus,
1158 3555 1210 3620 vel

106 3667 189 3740 tum,
205 3681 279 3725 cum
294 3661 335 3724 sd
349 3661 487 3725 Paulum
498 3662 568 3746 jam
582 3661 773 3727 Pontificem
788 3659 941 3725 scriberet
950 3657 968 3725 ¹.
1013 3663 1123 3745 Atque
1140 3660 1210 3724 haec

139 3805 253 3920 ’[ΒΘΙΙ]
270 3807 361 3870 Recog.
381 3807 442 3870 p..2
459 3805 526 3870 [Op.,
543 3806 634 3855 tomi.
678 3804 712 3869 [p.
711 3804 776 3918 tt}

106 3875 164 3936 μ]
177 3871 220 3934 B.]
711 3868 753 3934 ΙΙ[
790 3869 858 3933 Lips'
852 3869 871 3920 ri
890 3868 957 3920 Dira
974 3868 1054 3934 Virgo
1072 3868 1210 3920 Hellensis.

106 3934 636 4052 ,s
628 3934 1117 4113 secessistis
1133 3939 1210 3999 2„

107 4036 532 4181 ttdtsstttdtttt:
533 4000 636 4186 sbi
679 4062 1211 4192 ,tititttttrtt'stdttst

109 4197 178 4292 Vi‘p
173 4194 486 4322 diducidecbgndipsulsirii
488 4193 588 4323 ists]
680 4198 707 4244 ct
714 4193 968 4386 fflffieffidiicddidv·
974 4195 1052 4322 1}st
1054 4192 1109 4320 ][ut
1128 4271 1211 4355 supra,

186 4324 286 4381 ‘Quod
315 4324 395 4373 vetuti
419 4258 638 4373 honorificentissi·
683 4327 764 4372 not..

107 4405 180 4440 mum
191 4388 262 4439 salsis
276 4389 328 4438 suis
346 4388 403 4438 Diis
419 4388 563 4438 tribuerunt
575 4387 638 4436 Gen·
715 4386 726 4418 ¹
757 4322 832 4450 ibid]

108 4453 299 4514 dissideam
317 4454 371 4503 veri
388 4453 457 4511 Dei”
477 4458 568 4502 cte.-
580 4451 638 4501 Nic,
714 4450 721 4482 ¹
755 4451 863 4501 “Emisi
885 4451 933 4501 boc
954 4465 1021 4501 anno
1047 4450 1125 4501 libros
1142 4448 1212 4511 duos,

109 4518 214 4583 berarii]
231 4518 315 4568 Litan.
341 4518 395 4583 [lib.
415 4517 453 4582 ii]
473 4517 589 4582 Q[uoest.]
605 4518 639 4567 vi.
682 4518 801 4581 priorem,
813 4532 863 4582 quo
874 4515 1133 4568 mirsculsctlaades
1140 4515 1220 4564 bisse
