2910 4926
259 280 324 342 180
571 291 616 339 ΔΙ)
636 290 828 341 emmens
848 291 1048 341 BELLARMINI

303 447 468 514 cardinali
488 467 573 527 vcro,
589 447 736 511 omnium
757 447 903 524 minime,
920 448 966 512 sic
988 445 1167 511 arrodenda
1183 445 1247 511 fuit
1262 446 1362 530 Regis

259 551 449 629 methodus;
477 552 578 637 cujus,
607 550 635 614 si
661 551 781 634 scripta
806 553 876 635 quis
901 572 1023 635 nupera
1048 549 1089 614 ad
1115 549 1216 615 severi
1240 549 1363 614 ordinis

259 653 365 737 legem
388 654 504 738 erigat,
522 676 618 736 quam
633 675 708 718 vero
728 654 763 718 iu
784 654 824 718 iis
840 655 944 718 multa
961 660 1072 737 peccat
1091 653 1126 717 in
1148 652 1363 718 methodum?

261 757 385 840 quoties
399 757 497 821 iterat
510 757 647 821 eandem
662 758 754 822 rem?
778 758 903 841 quoties
915 756 974 821 nni
984 756 1151 840 eidemque
1162 757 1209 821 rei
1219 778 1285 821 non
1296 777 1365 821 uno

260 858 332 924 loeo
352 859 516 924 reddenda
535 860 723 944 responsio?
746 882 843 944 quam
864 882 939 925 vero
962 860 1083 925 crebrae
1106 857 1316 941 ταῦτολογίαι
1330 867 1365 924 et

259 960 521 1049 περισσολογίαι,
528 963 653 1044 quibus,
663 984 777 1046 parum
785 963 920 1041 laborat,
930 963 958 1026 si
965 962 1079 1027 lectori
1088 983 1243 1027 nauseam
1251 962 1364 1027 faciat?

262 1066 311 1130 Ut
326 1064 446 1149 duplici
459 1066 513 1130 hic
527 1066 659 1129 nomine
670 1066 849 1130 Cardinalis
864 1069 942 1149 (tam
959 1066 999 1130 de
1014 1066 1153 1149 peccatis
1166 1065 1203 1128 in
1217 1065 1365 1129 ordinem

262 1168 338 1247 suis,
355 1167 506 1251 quamde
524 1170 638 1253 jejuna
652 1169 713 1233 hac
727 1169 763 1232 in
777 1190 888 1252 regem
906 1168 1077 1250 calumnia)
1096 1168 1132 1230 in
1153 1167 1299 1259 ordinem
1312 1189 1364 1231 re-

263 1270 422 1354 digendus
437 1271 489 1334 sit.
528 1272 593 1335 Vix
606 1272 756 1355 reperias,
773 1272 828 1354 qui
844 1279 970 1355 separet
984 1271 1049 1357 duo
1063 1271 1141 1350 haec,
1151 1292 1314 1353 pcreoaas,
1330 1279 1366 1335 et

263 1374 342 1437 bone
360 1375 557 1452 Clericorum,
573 1375 620 1438 ita
639 1395 751 1439 omnes
770 1375 827 1438 illa
846 1376 997 1438 coherere
1011 1380 1128 1458 putant
1143 1375 1311 1455 aptissime,
1327 1383 1366 1439 nt

262 1477 319 1561 qui
333 1484 405 1559 epte
420 1499 458 1542 ea
473 1481 624 1543 coherere
638 1488 745 1563 neget,
760 1479 813 1542 vix
830 1479 897 1564 ipse
919 1479 980 1543 sibi
1000 1481 1162 1542 cohercet.
1206 1478 1367 1561 Occupari

263 1587 371 1644 autem
387 1603 407 1645 a
421 1582 565 1660 Clericis,
586 1583 664 1666 (non
680 1584 808 1666 Regum
824 1584 903 1668 jam,
920 1582 976 1646 sed
996 1581 1191 1646 Pontificum
1213 1579 1363 1660 subditis)

262 1686 388 1748 tertiam
428 1687 584 1769 cujusque
612 1687 714 1770 Regni
751 1693 887 1769 partem,
919 1685 1045 1750 nihilne
1072 1684 1135 1749 hoc
1164 1683 1205 1746 ad
1235 1682 1364 1765 Reges?

264 1789 397 1853 Habent
420 1789 455 1853 iu
479 1790 553 1853 sinu
574 1792 728 1874 populum
753 1813 820 1855 non
843 1812 938 1855 suum
963 1791 1078 1873 Reges,
1101 1789 1270 1852 Laicmam
1294 1788 1365 1872 jam

261 1890 359 1955 modo
374 1893 491 1975 Reges,
508 1913 573 1956 non
592 1894 697 1957 Cleri:
720 1915 781 1958 nec
799 1915 937 1977 regnum
952 1894 1021 1977 jam
1036 1893 1072 1956 in
1088 1892 1226 1957 solidum
1239 1900 1364 1971 tenent,

262 1995 342 2057 dues
362 2002 491 2059 tantum
506 1997 600 2079 regni
615 1999 726 2060 terties
740 1997 866 2061 relictas
880 1997 1013 2075 habent,
1031 1999 1225 2080 (peticuloaoe
1237 1998 1367 2078 plenem

262 2119 338 2179 opus
358 2097 459 2182 aleaeij
478 2121 538 2164 nec
557 2100 738 2183 pronihilo
760 2100 957 2165 habendum.
1003 2102 1047 2165 Et
1066 2101 1150 2164 male
1172 2108 1283 2164 tamen
1303 2101 1366 2164 hoc

263 2202 468 2266 Cardinalem
483 2203 591 2282 habet,
608 2202 693 2286 quod
711 2203 854 2286 Regibus
869 2204 939 2268 haec
953 2204 989 2267 in
1005 2212 1147 2267 mentem
1162 2211 1364 2268 revocentur.

295 2353 352 2405 Hoc
363 2355 482 2407 videlicet
492 2356 567 2406 illum
581 2355 647 2406 male
657 2355 742 2416 babet,
754 2356 821 2419 quod
832 2371 885 2407 non
901 2371 988 2406 omncs
997 2355 1127 2420 Principes
1138 2355 1283 2420 exemplum
1297 2353 1365 2404 Heu·

327 2438 374 2486 rici
383 2436 456 2487 VIII.
466 2439 537 2501 sequi
546 2438 634 2497 velint,
646 2438 698 2501 qui,
710 2439 888 2503 cumprimum
899 2438 1036 2489 aRomano
1045 2437 1275 2493 Pontifieedesecit,
1289 2451 1366 2501 seque

326 2522 402 2581 caput
411 2518 529 2568 Ecclesie
541 2517 685 2578 declararit,
692 2519 813 2569 continuo
822 2519 946 2570 Ecclesias
956 2519 1145 2570 etliouastoria
1154 2518 1240 2568 omnia
1248 2517 1366 2581 diripuit,

326 2603 352 2648 et
364 2599 460 2649 reditus
471 2599 658 2649 Ecclesiasticos
670 2599 809 2650 Beronibus
821 2601 873 2651 suis
883 2600 1118 2666 attribuit-[Bell.
1131 2600 1206 2665 Apol.
1219 2613 1265 2665 pro
1278 2598 1364 2664 Resp]

326 2694 350 2744 p.
360 2681 398 2732 57.
417 2680 483 2746 [Op.,
495 2686 556 2732 tom.
564 2681 607 2732 vii
619 2681 665 2731 col.
678 2682 732 2734 736.
746 2680 785 2746 e]

100 2806 222 2874 [Nouia
304 2802 351 2864 At
374 2800 436 2863 alia
458 2800 527 2884 ejus
552 2801 758 2863 inverecundo
781 2801 937 2863 calcinaria
960 2806 1016 2878 est,
1034 2800 1124 2883 quasi
1140 2800 1263 2882 Regem
1285 2800 1366 2861 mele

96 2873 248 3001 ffssffiffi
262 2888 387 2981 babeat,
405 2904 487 2986 quod
500 2905 664 2985 Principes
678 2904 828 2966 Ecclesice
850 2902 928 2965 bona
948 2923 1009 2965 aon
1029 2904 1192 2983 dimfflont,
1209 2903 1291 2984 quod
1304 2922 1367 2963 uon

97 3018 157 3115 Ὗ
167 3003 223 3053 vult
261 3009 295 3070 in
324 3028 358 3070 eo
387 3013 556 3089 sequantur
581 3008 752 3088 exemplem
777 3006 910 3068 Henrici
942 3005 1042 3080 VIII,
1070 3005 1123 3086 qui
1139 3010 1214 3085 post
1239 3003 1365 3067 sublata

97 3081 218 3196 apecu-
260 3112 468 3190 Monasteriis,
484 3111 604 3174 reditus
623 3131 728 3173 comm
750 3110 858 3172 divisit
879 3111 961 3171 iuter
975 3109 1136 3184 Procercs,
1153 3129 1190 3171 ac
1204 3107 1364 3192 postindc,

261 3236 354 3298 gazas
369 3236 442 3279 suas
457 3235 496 3278 ex
510 3215 550 3276 iis
565 3214 668 3277 nihilo
684 3212 815 3277 ditiores
830 3210 955 3274 habuit.
979 3212 1190 3274 inverecundo
1204 3211 1362 3294 (inquam)

260 3321 425 3397 calumnie,
441 3326 475 3383 et
489 3321 658 3382 incaseato.
702 3316 873 3400 Numquid
895 3315 983 3379 enim
1006 3317 1076 3379 Rex
1098 3315 1165 3399 ipse
1183 3316 1366 3398 exemplum

259 3425 321 3488 hoc
337 3424 507 3506 sequitur?
552 3420 722 3504 Numquid
745 3420 898 3483 Ecclesiae
919 3418 1089 3500 perillum
1111 3417 1235 3481 reditus
1258 3417 1366 3481 immi-

259 3527 358 3590 nuti?
402 3528 525 3591 Annon
554 3526 587 3588 id
616 3526 707 3588 illum
735 3523 841 3607 potius
866 3521 951 3584 male
977 3520 1085 3597 habet,
1114 3520 1200 3603 quod
1224 3542 1296 3603 quae
1320 3521 1366 3585 sic

260 3630 376 3694 devota
398 3631 470 3695 Deo
492 3636 593 3707 erant,
615 3630 686 3711 (etsi
709 3629 743 3690 in
765 3632 837 3689 cetu
861 3625 978 3706 inquiri
1000 3623 1083 3687 sorte
1105 3626 1224 3707 posset)
1249 3631 1367 3706 proeter

259 3731 446 3796 voventium
461 3737 586 3792 mentes
601 3728 750 3805 alienata,
766 3734 799 3790 et
814 3748 891 3804 non,
904 3725 965 3789 etsi
979 3726 1014 3789 in
1028 3725 1116 3804 alios,
1133 3747 1239 3790 saeros
1254 3734 1366 3789 tamen

261 3856 339 3899 usus
354 3835 509 3899 collocata
523 3831 666 3896 fuerint?
711 3833 790 3895 Non
813 3830 898 3913 quod
920 3829 1011 3894 nefas
1032 3830 1074 3892 sit
1095 3837 1217 3908 tamen,
1233 3829 1288 3893 ubi
1303 3829 1366 3891 im-

262 3958 374 4000 mensu
388 3957 485 4018 opum
501 3935 556 4013 vis,
573 3941 606 3997 et
622 3934 663 3997 ad
684 3932 796 3996 luxum
812 3954 913 4016 nsque
929 3932 1113 3996 redundans
1131 3932 1222 4015 copia
1234 3934 1280 4014 (et
1295 3941 1366 3994 crat

262 4061 301 4103 ea
313 4040 349 4102 iu
360 4038 567 4103 Monasteriis
583 4037 683 4121 copia,
696 4044 729 4100 et
744 4036 883 4101 excrevit
897 4035 933 4098 in
947 4035 1167 4116 immensum),
1181 4034 1308 4098 demere
1324 4033 1365 4098 de

262 4165 375 4208 acervo
398 4143 528 4228 aliquid,
552 4150 621 4206 tam
644 4148 798 4225 congesto
821 4147 854 4203 et
878 4140 1051 4203 cumulato.
1108 4140 1196 4203 Dum
1219 4160 1260 4203 nc
1281 4139 1366 4202 desit

262 4248 425 4327 Ecclesia,
442 4247 527 4330 quod
542 4246 634 4310 decet
648 4243 834 4321 Ecclesiam,
851 4243 907 4307 scd
920 4246 950 4307 ci
965 4250 1039 4307 onte
1054 4244 1162 4308 omnia
1178 4243 1367 4307 consulatur

262 4351 417 4416 deruis:
455 4351 545 4414 Dum
571 4369 683 4413 corum
709 4346 812 4411 menti
843 4366 885 4408 ne
915 4347 972 4409 fiat
996 4347 1094 4427 fraus,
1119 4346 1174 4430 qui
1199 4348 1270 4411 Deo
1295 4347 1366 4411 haec

642 4498 648 4530 ¹
666 4498 766 4563 [Horat
779 4497 862 4550 Germ.
874 4496 909 4547 11.
921 4499 943 4548 1.
956 4496 990 4562 6.]
