2910 4926
464 274 647 327 m01oa1xu
668 274 852 326 mseousxo.
1168 260 1213 323 93

108 428 191 495 illud
205 430 374 515 expendet,
389 430 591 496 intellectum
607 431 781 516 suspendet
802 430 929 511 saltem,
947 452 990 494 ne
1010 430 1051 495 de
1070 431 1158 514 Papa
1178 430 1214 494 id

108 554 254 618 uuquam
267 533 438 617 intelligat.
483 534 578 599 Nihil
593 534 680 599 euim
699 534 747 599 ibi
765 534 983 617 interrogatus
998 541 1048 598 est
1066 535 1214 598 Servator

110 636 151 700 de
165 638 329 720 Pontificio
344 639 540 718 auctoritate,
556 637 666 701 sedda
684 638 781 701 Caesa
808 638 959 712 Cesaris5
988 638 1120 701 Verium
1136 659 1213 721 ergo

108 739 191 804 illud
218 741 356 821 Damiui,
382 741 440 805 sed
465 741 561 825 quod,
588 743 693 825 Repiae
716 741 846 825 quidem
871 741 1003 826 aliquos,
1029 742 1213 805 auctoritati
1289 790 1295 801 .

108 864 186 908 vero
200 844 319 926 Papoti
329 864 440 908 aeroas
454 845 560 908 nullos
575 845 714 929 adjiciat.

142 994 240 1045 Audiat
255 998 282 1046 et
292 996 443 1060 Apostolum
461 995 565 1059 Christi,
583 997 628 1061 qui
644 996 856 1061 quemadmodum
874 996 907 1048 ad
925 997 997 1048 Rom.
1017 998 1072 1047 xiii.
1092 996 1212 1048 admonm

174 1076 287 1141 populos,
299 1081 328 1127 ut
338 1078 444 1141 subjecti
455 1078 509 1128 sint
519 1083 545 1129 et
556 1078 676 1129 obediant
687 1079 867 1143 temporalibus
879 1078 1053 1145 potestatibus,
1067 1098 1097 1120 =

153 1194 328 1277 Apostolus
352 1208 430 1259 vero'
450 1202 613 1278 utrumque
641 1196 749 1275 habet,
780 1196 866 1280 quod
895 1203 928 1260 et
953 1202 1116 1279 utrumque
1140 1197 1210 1261 Rex

109 1297 217 1362 audit:
241 1297 445 1363 cardinalem
461 1320 587 1383 quoque
608 1301 703 1363 laetuus
718 1300 818 1379 audit,
835 1300 912 1363 dum
937 1302 1129 1383 recopaoseit
1142 1301 1211 1384 ipse

109 1421 154 1478 se,
167 1406 210 1463 'et
229 1402 412 1483 Apostolum
430 1402 475 1464 ibi
493 1403 561 1486 jam
577 1403 661 1485 loqui
675 1402 763 1481 dicit,
779 1404 818 1466 de
832 1404 1051 1485 temporalibus
1070 1409 1210 1486 potesta·

108 1503 211 1567 tibus.-
234 1503 350 1588 quibus
374 1526 459 1589 ergo,
480 1506 579 1569 amaia
597 1507 702 1569 anima
723 1492 856 1569 subdita
868 1526 933 1572 esse
953 1507 1056 1571 debet.
1101 1508 1145 1572 Et
1160 1514 1210 1571 est

109 1606 216 1690 aliqua
235 1607 400 1689 Pontificio
424 1610 540 1687 auimo,
565 1609 652 1673 inter
675 1630 778 1672 omues
800 1610 889 1675 illas:
914 1630 986 1693 quae
1009 1610 1102 1693 proin
1122 1610 1211 1689 se,si

109 1710 292 1791 Apostolum
306 1710 403 1775 modo
418 1712 537 1790 audiat,
547 1713 756 1793 potestatibus
771 1712 832 1776 illis
845 1714 1014 1795 eubJectam
1028 1713 1178 1778 fateatur.

147 1864 176 1886 --
187 1845 225 1896 lta
240 1845 341 1897 eosdem
358 1847 489 1898 manetad
507 1847 573 1898 Heb.
585 1847 650 1910 xiil,
662 1859 692 1898 ιιι
708 1847 829 1898 obediant
840 1848 1014 1912 spiritussibus
1031 1848 1210 1913 praepositiset

175 1929 321 1992 subjaceant
331 1930 376 1990 eis,
387 1930 431 1994 qui
442 1931 604 1995 pervigilant,
615 1932 688 1995 quasi
699 1932 823 1981 rationem
834 1946 881 1995 pra
892 1931 1024 1981 animabus
1035 1932 1148 1995 ipsorum
1157 1930 1211 1982 xed-

176 2009 376 2076 ditari—[Bell.
388 2011 464 2077 Apol.
474 2028 519 2078 pro
531 2012 619 2078 Resp]
637 2027 663 2077 p.
674 2013 715 2063 24.
733 2012 802 2077 [Op.,
820 2016 882 2063 tom.
892 2013 938 2063 vii.
948 2013 993 2062 eol.
1006 2013 1061 2065 718.
1074 2012 1101 2063 C.
1113 2011 1160 2076 Ι).]

154 2128 256 2193 Audit
270 2128 482 2194 nihilominus
497 2137 530 2194 et
546 2131 694 2209 alterum,
710 2137 797 2194 etex
812 2137 904 2215 parte
919 2129 1085 2194 Pontifieis
1097 2129 1210 2194 dolens

110 2231 211 2311 audit,
231 2233 359 2297 Odedite
369 2234 563 2315 Praepositio.
591 2234 729 2299 Pluralis
744 2233 830 2298 enim
844 2233 891 2298 ibi
899 2255 1073 2299 numerus:
1090 2234 1209 2317 plures,

110 2334 227 2419 quibus
264 2337 473 2415 obediendum,
502 2358 571 2401 non
605 2357 684 2401 unus
715 2337 839 2421 aliquis,
863 2339 1051 2418 prepositus
1079 2337 1211 2421 reliquis

110 2439 260 2504 omnibus
282 2440 432 2505 Pontifex
447 2440 630 2516 Maximus3
655 2448 693 2505 ut
712 2462 770 2524 par
793 2448 872 2519 erat,
894 2441 921 2504 si
943 2441 983 2505 de
1007 2443 1094 2526 Papa
1108 2442 1210 2507 Paulo

109 2540 157 2605 ibi
185 2542 341 2607 sollicitus
365 2543 429 2608 fuit
458 2544 579 2608 Paulus
607 2544 794 2628 Apostolus.
842 2544 956 2608 Plures
985 2544 1073 2608 enim
1101 2545 1211 2627 Papae

112 2645 215 2729 (puto)
242 2669 310 2711 non
334 2646 426 2712 feret.
473 2647 583 2712 Habet
605 2668 681 2712 vero
707 2649 777 2712 Rex
806 2648 995 2730 Praepositae
1018 2649 1209 2733 spirituales,

109 2751 255 2833 agnoscit
281 2773 345 2831 eos,
361 2758 394 2815 et
409 2752 499 2835 quasi
512 2773 575 2834 pro
593 2753 698 2815 auimo
723 2753 821 2833 iusim
846 2755 998 2817 rationem
1021 2755 1209 2833 reddituros,

109 2875 176 2918 non
198 2854 320 2919 invitus
343 2852 500 2934 πείθεται,
523 2855 666 2920 oratione
692 2855 843 2935 flectitur,
867 2857 999 2921 consilio
1017 2864 1119 2941 paret.
1164 2858 1211 2923 At

109 2955 190 3019 illud
213 2964 317 3034 tuum,
344 2959 388 3022 Et
413 2959 569 3040 subjacete
592 2959 666 3038 iltis,
694 2959 777 3023 male
801 2959 944 3024 ominata
968 2981 1039 3040 vox,
1064 2959 1156 3043 quasi
1182 2959 1210 3023 si

105 3060 229 3145 jaceret
252 3060 433 3125 Fridoriaus
454 3062 514 3126 sub
528 3061 715 3126 Alexandro
729 3061 881 3127 Tertioh:
905 3063 1009 3127 nescit
1031 3084 1108 3128 vero
1122 3062 1210 3127 unde

108 3163 144 3226 in
158 3168 285 3226 textum
308 3163 482 3248 irrepserit,
497 3161 642 3229 ὑπείκειν
667 3165 756 3229 enim
784 3165 943 3248 subjacere
964 3187 1033 3230 nou
1054 3173 1123 3231 est:
1154 3187 1210 3230 vos

108 3265 232 3329 fecistis
254 3272 293 3329 ut
316 3275 411 3347 esset,
438 3289 506 3332 non
529 3269 635 3346 ereda,
658 3276 697 3332 ut
726 3268 852 3348 cesari,
882 3289 948 3351 qaae
974 3269 1107 3332 Cesaris
1126 3274 1209 3348 suat,

107 3371 290 3449 redderetis,
306 3372 362 3436 sed
373 3373 459 3457 quod
473 3373 520 3437 its
533 3373 650 3437 misere
664 3373 790 3457 cupitis,
800 3374 958 3455 subjaeere
971 3372 1069 3437 etiam
1076 3374 1211 3456 pedibus

108 3475 206 3555 Papa
224 3475 360 3540 Cesarea
379 3475 475 3560 ipsos.
519 3476 641 3540 Merito
661 3497 748 3560 erga,
767 3477 896 3559 (praeter
918 3476 1084 3559 vestrum)
1103 3477 1209 3540 Inter-

107 3583 215 3660 pretes
236 3598 349 3642 omnes
377 3579 411 3643 id
440 3578 574 3642 verbum
596 3586 831 3663 expunxerunt,
860 3598 920 3643 nos
944 3599 1070 3663 quoque
1088 3600 1210 3664 expun-

109 3681 233 3764 gimus:
250 3682 293 3746 Et
308 3679 480 3746 πείθεσθαι
495 3682 608 3747 volunt
622 3683 797 3765 Principes,
814 3682 910 3747 etiam
925 3679 1068 3746 ὑπείκειν
1082 3681 1209 3765 Prepa·

108 3784 188 3862 sitis,
207 3784 241 3848 id
265 3791 323 3864 est,
347 3785 501 3849 nimimm
517 3785 704 3867 persuaderi
721 3786 781 3848 eidi
799 3784 838 3848 ab
858 3786 923 3849 iltis
943 3785 1085 3850 ratione:
1109 3786 1158 3850 sin
1172 3806 1211 3850 ea

108 3908 175 3950 non
188 3870 292 3971 usque
308 3895 468 3973 suppetat,
489 3888 603 3952 saltem
630 3889 811 3952 auctoritati
835 3887 964 3954 cedere:
988 3910 1054 3953 non
1068 3895 1209 3970 proster-
1240 3910 1244 3918 ’

108 4011 227 4054 aereae
247 3997 375 4056 tamen:
399 4000 442 4070 et,
465 3992 515 4055 vel
539 3993 699 4056 imminere
714 3990 774 4055 sibi
796 3992 843 4055 ita
862 3992 1061 4072 Pontificem,
1073 3991 1123 4057 vel
1137 3991 1208 4076 ipsi,

108 4096 153 4159 sie
168 4095 317 4160 Pontifici
331 4096 499 4177 subjacere.

462 4248 472 4280 l
492 4248 571 4312 [Vide
583 4263 665 4313 supra,
676 4246 737 4298 Not.
747 4257 765 4303 ⁰,
778 4262 801 4311 p.
812 4248 865 4311 sa]
