2910 4926
253 275 296 337 74
569 288 612 336 in
634 288 825 337 cinerarius
844 287 1044 338 armannum

253 445 403 527 npnoacit
421 445 542 527 recipit,
558 446 751 510 cernatur?
795 445 832 508 Si
852 443 1061 521 adversarias,
1077 461 1134 506 cur
1154 441 1353 525 prophetiam

254 569 274 610 a
300 548 418 611 Christi
444 549 634 626 adversario,
661 547 799 631 pessimo
824 546 991 625 Pontifice,
1016 544 1146 623 editam,
1172 545 1219 608 ita
1241 544 1354 608 referri

253 650 355 715 voluit
378 651 414 713 in
439 651 645 734 Scripturas?
692 650 846 723 Quomodo
860 670 932 713 vero
957 651 1020 711 ista
1042 650 1202 726 οοΙιωνενιί,
1225 654 1261 710 ut
1286 649 1355 730 quia

256 753 413 836 Caipham
439 753 630 818 Pontificem
655 752 830 836 pessimum
854 753 972 829 eredat,
999 760 1032 815 et
1057 751 1220 834 prolatum
1250 751 1290 814 ab
1316 772 1356 814 eo

255 856 442 920 vaticinium
464 878 525 921 non
539 859 704 920 ecterreat
713 857 730 918 i
775 856 862 937 Erpa
878 855 1034 932 Christus,
1055 855 1191 934 sisapit,
1207 854 1357 934 oripinem

256 960 341 1022 tituli
355 961 450 1039 illias,
460 961 632 1042 prophetiae
646 960 746 1041 liujus,
757 960 843 1040 apud
854 978 887 1021 se
896 958 1060 1040 ditipenter
1068 958 1180 1040 copitet
1192 984 1202 1018 .·
1219 962 1249 1019 et
1257 955 1358 1038 facite

256 1063 416 1145 intettipet,
427 1064 512 1145 apud
524 1065 659 1127 domines
667 1064 820 1145 septenes
828 1063 903 1144 ptus
912 1082 999 1124 vane
1008 1062 1222 1125 ostentationis
1236 1060 1356 1139 tabae,

258 1186 350 1248 quam
371 1167 478 1229 sotidoe
493 1166 666 1248 dipsitatis.
712 1165 843 1243 Viden’,
858 1172 897 1228 ut
912 1185 983 1248 quae
998 1164 1033 1227 in
1049 1166 1172 1247 Regem
1188 1163 1356 1238 strinxisti,

258 1290 296 1333 ea
310 1267 346 1332 in
361 1269 527 1334 Christum
545 1270 653 1352 ipsum
669 1269 829 1352 quadrent
844 1268 975 1332 omnic?

301 1372 447 1435 Titulum
465 1373 512 1435 sic
527 1372 642 1454 accipit
659 1372 738 1451 Rex,
755 1371 800 1435 sic
815 1371 908 1455 gerit,
925 1371 1016 1454 quasi
1030 1369 1270 1435 haereditarium
1286 1369 1357 1449 sibi,

258 1495 333 1539 cum
356 1476 484 1540 Corona
509 1497 577 1552 sua,
602 1475 693 1558 quasi
708 1475 813 1539 Officii
835 1475 886 1537 sui
907 1472 1132 1555 μνημόσυνονε
1156 1496 1221 1557 qna
1241 1495 1316 1537 vero
1340 1496 1359 1536 a

259 1578 426 1656 Pontifice,
446 1579 533 1643 haud
554 1579 657 1657 aliter,
674 1600 769 1661 quam
786 1578 875 1661 quasi
891 1578 1079 1642 vaticinium
1093 1599 1133 1642 ex
1147 1599 1201 1642 ore
1216 1577 1357 1659 Caiphae.

259 1682 337 1746 Una
360 1690 468 1746 autem
494 1682 547 1746 hic
570 1703 677 1765 opera,
697 1683 853 1745 Christum
876 1688 1015 1760 accinat,
1039 1689 1072 1745 et
1094 1683 1219 1764 Reperti,
1246 1681 1358 1746 Cardi-

258 1785 361 1849 nalis:
384 1785 560 1868 eademque
583 1806 679 1868 opera
700 1807 765 1868 qua
787 1786 953 1864 cariatum,
983 1786 1097 1867 Repem
1118 1806 1245 1868 quoque
1267 1785 1360 1867 culpa

259 1888 387 1953 eximet.

303 1992 486 2056 Dicendum
508 1992 561 2056 hic
581 1994 649 2077 jam
673 1992 794 2077 aliquid
815 1999 884 2057 erat
904 1993 1046 2072 tandem,
1063 1993 1102 2057 de
1120 1993 1212 2056 Civili
1228 1993 1304 2074 fide,
1321 1994 1361 2057 de

259 2095 378 2159 civium
403 2096 439 2159 in
461 2098 585 2179 Regem
611 2096 684 2174 fide,
708 2097 748 2161 de
770 2118 834 2179 qua
857 2096 910 2161 hic
933 2097 1000 2161 sola
1024 2096 1172 2161 incubuit
1198 2097 1359 2162 cardinali

260 2198 382 2263 dicere:
406 2200 474 2264 sola
497 2199 585 2263 enim
610 2201 646 2264 in
668 2201 880 2283 quaestionem
906 2209 1047 2265 venerat.
1093 2201 1156 2264 Illa
1173 2222 1248 2264 vero
1263 2201 1360 2264 ctiam

259 2302 359 2365 civilis
370 2301 448 2365 fidcs
466 2303 646 2366 Christiana
658 2311 716 2382 est,
733 2305 903 2383 catholica,
916 2304 1106 2385 Apostolicc,
1119 2304 1266 2367 Ecclesiae
1280 2310 1360 2367 vete-

258 2407 306 2467 ria
323 2411 352 2468 et
368 2404 553 2469 Primitiae.
600 2406 695 2470 Illam
718 2414 794 2470 ante
809 2415 951 2484 caeteras,
976 2407 1090 2471 saltem
1112 2408 1199 2472 inter
1218 2416 1360 2484 caeteras,

259 2508 438 2590 expectavit
469 2508 595 2572 Lcetor.
646 2511 692 2574 nt
723 2510 903 2574 Cardinalis
932 2531 993 2574 nec
1022 2510 1139 2593 attigit.
1196 2511 1284 2574 Scire
1314 2510 1360 2573 vis

260 2612 412 2674 causam?
470 2611 545 2672 Cum
574 2631 629 2693 epo
652 2624 807 2694 paupert,
837 2620 1037 2696 pungeretur
1065 2635 1113 2676 ea.
1158 2614 1244 2677 Vere
1274 2612 1361 2677 euim

263 2715 448 2777 Christiane
473 2714 582 2798 hujus,
608 2717 783 2793 Catholicae,
807 2718 1002 2797 Apostolicoe‚
1026 2718 1203 2782 Primiticoe
1221 2717 1300 2799 fidei
1322 2717 1361 2781 de

261 2817 345 2880 civili
366 2817 439 2896 fide,
463 2817 503 2881 dc
511 2817 578 2899 fide
600 2819 635 2882 in
658 2819 832 2903 Principes,
853 2821 979 2898 Tortus,
998 2821 1184 2898 Cardinalis,
1201 2822 1360 2899 Pontifex,

261 2940 321 2983 nec
337 2920 542 3004 Propagator,
563 2943 623 2986 nec
642 2921 704 3004 (vel
717 2924 896 2987 intersertis
912 2921 1028 3009 literis)
1042 2923 1186 3006 defensor
1201 2932 1259 2988 cst.

618 3090 629 3122 ἢ
649 3084 726 3147 [Vide
736 3100 819 3150 supra,
831 3101 854 3149 p.
868 3088 889 3135 1.
901 3089 960 3136 note
972 3084 1002 3149 ‘¹.]
