2910 4926
274 281 341 343 440
588 297 631 343 au
653 295 845 344 amorrius
866 291 1066 342 amamur

275 455 357 526 sent,
367 449 417 512 rel
428 448 603 531 Nigriauos
611 461 641 511 ⁰:
657 471 723 513 non
734 449 896 512 immerito
910 447 1012 511 arceri
1026 453 1183 530 poterant,
1196 451 1229 507 et
1240 443 1383 506 eircum-

275 551 382 628 scribi,
407 572 448 614 ne
466 552 513 614 ita
537 553 653 635 passim
672 552 843 616 miscerent
866 573 899 614 se
921 550 1056 634 populo;
1090 570 1127 613 ac
1149 547 1197 610 ilii
1218 567 1288 610 sese
1309 553 1384 608 tum

282 654 399 737 (credo)
419 676 486 719 nou
501 656 595 719 inviti
610 655 852 719 continuissent.
896 653 1014 731 Atilii,
1030 661 1067 716 ut
1086 652 1122 716 in
1138 651 1303 715 Christum
1317 649 1385 712 fide

277 776 412 834 summa,
433 757 480 819 ita
497 766 530 820 et
555 758 591 820 in
614 759 754 823 Cesarea
774 758 937 834 fidehtate,
958 777 1116 839 nusquam
1137 763 1193 818 aut
1216 752 1384 817 seditionis

278 857 335 936 rei,
351 865 388 921 ut
404 858 617 925 Mortonusb:
641 867 697 923 aut
711 860 893 939 invasionis,
909 868 947 923 ut
969 859 1152 923 8111111111ο
1165 885 1171 921 :
1195 865 1252 920 aut
1274 856 1382 939 dispo-

279 960 404 1024 sitionis
430 962 470 1024 ad
493 962 699 1043 invasionem,
723 972 760 1026 ut
787 963 981 1045 Campianus
1009 963 1063 1026 hic
1091 969 1194 1026 vester
1202 959 1225 1023 ‘¹.
1271 958 1383 1022 Vestri

280 1072 389 1127 autem
412 1065 519 1146 quales
538 1065 575 1128 in
600 1068 717 1144 Deum,
742 1087 808 1129 uon
826 1066 906 1129 libet
932 1066 1060 1129 referre.
1118 1066 1213 1151 Stent
1237 1064 1310 1126 Deo
1332 1060 1384 1124 vel

281 1167 405 1230 cadant.
429 1168 520 1231 Tales
531 1190 605 1232 vero
620 1170 655 1232 in
670 1169 833 1252 Principes
848 1168 1046 1251 patriamque
1064 1189 1163 1244 suam,
1179 1173 1216 1228 ut
1230 1163 1383 1247 opinione

281 1270 426 1334 omnium
448 1273 658 1355 justissimam
681 1271 879 1336 occasionem
902 1271 1058 1348 dederint,
1078 1292 1150 1352 quae
1171 1269 1246 1331 latre
1269 1275 1385 1330 contra

282 1395 335 1437 eos
357 1382 441 1452 sunt,
457 1375 542 1458 leges
564 1375 696 1439 ferendi.
742 1377 785 1439 Et
805 1376 862 1439 hos
880 1383 988 1437 tamen
1003 1374 1166 1454 Martyres
1185 1370 1287 1433 invita
1307 1369 1385 1434 reli-

280 1476 375 1559 gione
399 1478 503 1542 cluere
527 1486 662 1562 oportet,
685 1487 718 1542 et
744 1479 779 1541 in
804 1479 915 1540 Festos
940 1476 1070 1540 referri:
1093 1474 1204 1538 referri
1226 1481 1339 1537 autem
1366 1494 1384 1535 a

281 1581 434 1659 Sandero,
457 1582 579 1665 (quiin
601 1581 724 1646 rabiem
746 1582 850 1664 primo
872 1601 989 1657 versus,
1013 1578 1098 1662 quod
1121 1577 1235 1640 seditio
1259 1577 1289 1639 ei
1315 1598 1384 1640 non

279 1686 472 1765 succederet,
497 1709 595 1751 caesus
624 1689 691 1770 ipse
712 1687 844 1750 tandem
873 1694 922 1748 est
950 1685 986 1746 in
1009 1692 1083 1746 actu
1106 1681 1336 1765 perduellionis
1345 1683 1383 1762 e).

282 1788 407 1871 Dignos
422 1811 495 1853 vero
511 1791 672 1873 Martyres
687 1789 790 1854 scriba
804 1791 882 1853 hoc:
906 1787 1040 1871 dignum
1065 1786 1201 1850 scribam
1222 1785 1311 1848 hunc
1333 1785 1386 1848 his

283 1892 492 1976 Martyribus.

315 2019 357 2069 Sic
373 2021 450 2070 etiam
465 2021 560 2084 Pagaui
575 2022 709 2086 principes,
727 2021 847 2084 quiequid
863 2021 963 2070 sceleris
979 2019 1079 2082 publice
1090 2017 1217 2080 agebatur,
1230 2016 1386 2066 Christianis

346 2101 514 2164 imputabant
525 2139 531 2151 .
545 2137 551 2151 .
564 2139 570 2151 .
584 2102 671 2165 [Certa
681 2102 830 2166 pulveraria
839 2100 1019 2165 conjurationis
1030 2098 1118 2148 odium
1128 2099 1157 2148 in
1165 2097 1182 2148 J
1183 2098 1276 2148 acuitas
1284 2112 1387 2148 conver·

346 2197 401 2230 snm
413 2183 472 2246 est]
485 2198 543 2232 cum
553 2198 634 2247 neque
641 2183 657 2232 J
659 2184 755 2243 canitae,
767 2197 847 2245 nequa
858 2183 925 2231 ullus
936 2180 1055 2231 Sacerdos
1072 2179 1127 2245 [lep.
1139 2194 1171 2228 ex
1183 2193 1288 2228 numero
1301 2180 1386 2228 Sacer·

347 2263 446 2328 dotum]
457 2266 580 2329 particeps
591 2266 644 2328 ejus
655 2264 836 2328 conjurationis
846 2261 1037 2326 fucrit-[Bait
1050 2262 1122 2325 Apol.
1135 2275 1181 2324 pro
1192 2259 1281 2324 aaa]
1294 2275 1319 2324 p.
1329 2263 1384 2310 188.

347 2346 413 2410 [Op.,
429 2350 490 2396 tom.
502 2348 545 2396 vii.
557 2347 612 2396 coll.
625 2349 679 2396 805.
692 2347 722 2396 Ι).
732 2349 787 2396 806.
802 2344 842 2408 8.]

120 2469 192 2533 [Hoc
202 2472 248 2521 m,
325 2439 397 2501 Nec
419 2459 475 2520 par
498 2447 555 2516 est,
580 2440 782 2520 Paganorum
804 2436 881 2500 olim
906 2435 941 2498 in
965 2435 1173 2513 Christianos,
1195 2444 1227 2497 ct
1253 2455 1325 2516 quae
1349 2434 1383 2495 in

119 2536 232 2650 ming
281 2549 401 2605 vestros
419 2543 488 2623 jam
502 2541 647 2604 homines
661 2541 805 2617 incurrit,
822 2539 1002 2621 imputatio.
1049 2539 1103 2602 Ne
1118 2537 1236 2620 species
1252 2536 1382 2619 quidem

118 2615 207 2731 {324⁰
221 2617 317 2706 jacin
348 2644 537 2706 Christianis
575 2643 740 2705 seditionis
766 2644 841 2720 ulla,
873 2642 1023 2704 immanis
1053 2641 1155 2704 solum
1181 2641 1216 2703 in
1243 2640 1383 2721 Paganis

283 2746 382 2808 libido
398 2746 555 2823 saeviendi‚
571 2746 682 2808 noxios
702 2747 788 2809 fecit.
833 2747 879 2808 At
894 2745 988 2808 vestri
1013 2744 1090 2828 quid
1110 2743 1230 2807 habent
1251 2743 1381 2805 simile?

284 2848 332 2910 Ut
347 2848 503 2924 omittam,
517 2847 571 2930 qui
586 2848 620 2909 in
637 2849 771 2929 Reginae
786 2848 918 2911 exitium
935 2847 1029 2909 toties
1045 2847 1275 2928 conspirarunt,
1289 2845 1383 2906 Wat-

283 2970 379 3012 sonus
394 2958 426 3012 et
436 2950 565 3012 Clercus
580 2971 682 3032 nuper
696 2951 730 3013 in
745 2951 814 3032 ipso
829 2950 944 3012 scelere
956 2949 1153 3031 deprehensi,
1164 2948 1239 3031 quia
1249 2948 1270 3009 J
1272 2948 1382 3010 esuitae

281 3072 348 3114 non
384 3060 484 3130 erant,
512 3052 587 3135 quia
613 3053 744 3115 Jesuitis
773 3053 922 3116 nonnihil
948 3052 1065 3128 infesti,
1089 3060 1223 3133 patrono
1261 3059 1380 3114 carent.

282 3155 458 3216 Pulverarii
473 3155 599 3218 sceleris
614 3165 767 3232 auctores,
783 3155 858 3238 quia
881 3156 902 3216 J
904 3155 1014 3218 esautae
1035 3155 1204 3236 participes
1226 3154 1380 3231 cuminis,

280 3279 348 3320 non
378 3269 496 3322 carent.
542 3259 717 3322 Pulverarii
742 3279 816 3321 vero
846 3258 971 3320 sceleris
1000 3266 1122 3339 partem
1153 3278 1243 3319 suam
1269 3278 1381 3339 capere

282 3367 416 3440 oportet,
441 3370 557 3442 praeter
572 3361 650 3423 duos
665 3358 762 3437 iilosf,
781 3360 895 3442 quibus
921 3361 1056 3442 contigit
1079 3381 1146 3423 esse
1169 3360 1380 3443 Martyribus‚

283 3463 519 3526 Greenweiium
537 3466 642 3545 (eaput
658 3464 693 3525 in
708 3472 777 3526 tota
791 3463 1039 3545 procuratione),
1054 3463 1232 3525 Gerardum
1244 3483 1380 3545 quoque,

281 3565 379 3626 etiam
394 3566 592 3643 Personium‚
609 3566 812 3647 quantumvis
827 3586 894 3628 rem
910 3565 1066 3627 detrectet
1082 3565 1274 3628 Cardinalis.

314 3681 354 3730 Ex
372 3682 483 3732 Saudero
495 3721 501 3731 .
514 3719 519 3731 .
532 3720 537 3731 .
551 3689 577 3732 et
590 3684 742 3747 Philopatro,
756 3720 762 3732 .
775 3720 780 3732 .
794 3720 799 3731 .
811 3686 909 3731 constat
920 3719 927 3731 .
940 3718 945 3730 .
958 3720 964 3732 .
976 3683 1106 3746 plurimos,
1119 3687 1174 3731 tum
1187 3683 1306 3743 Clericoa,
1325 3690 1380 3732 tum

347 3763 442 3823 lauicos,
460 3765 537 3813 soiius
559 3766 688 3826 religionis
705 3764 863 3828 [Catholicae]
880 3780 954 3814 causa
969 3769 1070 3814 necatos
1087 3766 1170 3825 fuisse,
1188 3770 1217 3813 nt
1233 3766 1329 3814 mirum
1347 3767 1381 3815 ait

314 3918 324 3940 ⁸
340 3909 417 3974 [Vide
440 3911 506 3960 'Fert
530 3911 561 3961 ad
581 3912 652 3976 Scap.
672 3929 725 3977 cap.
738 3915 764 3962 ii.
777 3918 806 3962 ut
849 3914 893 3961 the
904 3913 1032 3963 undutiiui
1045 3913 1094 3961 and
1112 3914 1246 3962 traiterous
1262 3912 1381 3964 affection

280 3975 349 4023 citat.
362 3989 443 4037 supra,
455 3990 479 4038 p.
492 3978 546 4023 420.
559 3982 611 4026 not.
621 3976 650 4039 1.]
849 3978 926 4026 borne
938 3980 1037 4038 against
1048 3977 1093 4025 her
1103 3977 1210 4040 tiajesty
1222 3978 1256 4039 by
1268 3978 1295 4025 Ε.
1309 3979 1381 4028 Cam·

312 4036 323 4069 1
344 4039 391 4101 [De
403 4039 515 4088 Mortoni
527 4042 554 4088 in
563 4041 684 4102 Angiiam
695 4042 805 4090 adventu
848 4043 925 4103 pion,'
937 4043 980 4090 dac.
995 4045 1065 4092 1582.
1078 4044 1143 4104 sign,
1157 4042 1184 4090 B.
1194 4041 1237 4104 ia]

281 4103 338 4151 vide
360 4104 376 4153 J
379 4105 448 4152 ustit.
463 4104 525 4152 Brit.
544 4119 567 4167 p.
581 4107 618 4153 25.
640 4105 718 4154 hond.
732 4108 803 4155 1584.
882 4106 998 4216 ‘’piame
1013 4106 1096 4169 periit,
1109 4112 1137 4154 ut
1149 4105 1225 4154 habet
1237 4105 1381 4156 camdenus

281 4173 307 4215 at
316 4167 437 4216 Camdeni
449 4169 541 4216 Annai.
554 4169 584 4217 ad
597 4184 655 4217 ann.
670 4173 740 4219 1569.
752 4185 805 4231 par.
849 4185 898 4232 apu
929 4170 1021 4227 Annei.
1033 4170 1135 4220 adanu
1149 4173 1219 4220 1583.
1236 4185 1289 4231 par.
1300 4173 1339 4221 iii.
1356 4187 1380 4235 p.

279 4232 296 4279 i.
333 4235 405 4280 ,168
851 4236 905 4282 3”2.

311 4232 417 4358 ⁰p[Vidd
433 4296 554 4345 Camdeui
579 4297 668 4345 Annai.
692 4295 724 4345 ad
747 4312 804 4345 ann.
871 4256 891 4327 ⁴¹
907 4233 1080 4359 idamettum,
1109 4313 1141 4346 sc.
1164 4302 1190 4346 et
1213 4297 1379 4348 Oidcoruum.

280 4362 350 4409 1579.
365 4375 415 4422 par.
426 4360 452 4408 ii.
464 4376 487 4422 p.
497 4360 563 4423 302]
851 4361 917 4410 Vide
934 4362 1022 4410 Ribad.
1036 4362 1114 4410 Cani.
1133 4363 1223 4425 Script
1243 4362 1297 4411 Soc.
1310 4362 1380 4423 Jesn,

311 4423 421 4486 ‘'[Vide
441 4423 562 4482 libellum,
586 4425 625 4472 cui
646 4426 742 4483 titulus,
768 4427 803 4473 ‘A
850 4426 1129 4488 paternianis]

278 4489 414 4549 particular
426 4487 577 4537 declaration
590 4504 617 4536 or
628 4490 764 4552 testimony
781 4490 808 4538 oi
