2910 4926
260 275 325 337 264
575 289 617 336 m
640 288 830 337 cinomanna
850 287 1051 337 aunarium

292 444 317 494 S.
328 442 493 502 Gaudentius,
511 476 517 489 .
535 479 541 490 .
560 479 566 491 .
583 442 647 500 ‘Qui
659 442 776 505 producit
787 442 818 492 ds
830 447 896 492 terra
906 456 1005 506 panem,
1021 441 1054 491 ds
1070 454 1134 505 pane
1150 454 1237 491 rursus
1254 439 1365 505 [quiaet

324 530 408 590 potest
418 528 444 574 et
451 523 579 587 promisit]
587 524 664 573 efficit
672 524 803 589 proprium
814 539 916 587 corpus:
933 524 1014 587 etqui
1025 523 1058 573 de
1067 522 1228 586 aquarinum
1238 521 1308 581 lecit,
1316 518 1364 586 [ot]

324 606 426 656 devino
438 606 586 667 sanguinem
598 620 672 655 suum
690 604 913 669 (fecit·.)’-[Bell.
926 604 1000 669 Apol
1016 618 1061 668 pro
1079 603 1167 668 Resp]
1185 617 1210 668 p.
1222 604 1279 653 loo.
1292 601 1366 667 [Op.,

324 691 387 736 tom.
399 686 441 735 rii.
453 686 499 735 eol.
512 686 567 736 tol.
581 684 623 748 B.]

305 784 519 859 Gaudentius,
544 783 604 847 etsi
626 792 676 847 est
699 785 822 868 etipse
845 784 1039 868 exceptione
1054 783 1170 861 minor,
1190 788 1313 860 tamen,
1335 780 1364 844 si

262 889 300 951 de
319 909 405 969 puae
426 885 503 967 fieri
533 906 645 967 coeptu
671 888 789 950 Christi
813 888 908 966 dicat,
931 909 998 951 non
1023 886 1231 970 refragamur.
1277 884 1365 949 Fieri

262 992 349 1056 enim
371 992 411 1055 de
435 993 607 1055 Elemento
628 986 884 1071 Sacramentum,
900 1012 960 1054 nec
980 991 1156 1055 consistere
1173 991 1363 1054 Sacramen-

184 1122 191 1133 ν
261 1100 343 1173 tum,
367 1095 436 1157 sine
463 1116 497 1157 re
523 1093 734 1157 sacramenti.
780 1095 877 1170 Num,
895 1094 1081 1174 producitur
1104 1092 1173 1155 lieri
1194 1092 1363 1158 Christum

262 1199 300 1260 de
315 1218 410 1279 puae,
428 1196 607 1260 Cardinalis
631 1196 749 1279 (credo)
772 1218 839 1260 non
862 1195 960 1275 dabit,
986 1195 1042 1278 qui
1063 1196 1124 1259 etsi
1146 1196 1365 1260 transuectus

262 1302 422 1363 tiutiouem
447 1308 567 1376 teneat,
593 1307 627 1362 at
650 1300 976 1363 desudetuatmtieaem
1004 1320 1072 1363 non
1101 1306 1201 1363 tenet.
1260 1300 1365 1363 itane

261 1405 357 1482 enim,
376 1404 431 1482 illi,
450 1404 535 1486 quod
556 1411 631 1467 anto
650 1404 723 1482 fuit,
744 1402 894 1481 adducit;
918 1424 986 1466 non
1003 1402 1162 1486 producit,
1181 1402 1268 1486 quod
1287 1410 1365 1466 ante

262 1509 414 1573 nonfuit.

294 1644 333 1708 [S.
344 1643 468 1707 loannes]
483 1643 674 1708 chrysostomus
675 1677 755 1703 .....
766 1643 867 1694 ‘Sicut.
880 1679 887 1692 .
899 1645 936 1693 ,si
948 1659 1003 1694 cera
1014 1644 1068 1707 igni
1080 1642 1196 1694 adhiblta
1206 1642 1247 1692 illi
1258 1644 1364 1693 amimu-

325 1727 399 1785 latur,
411 1726 477 1775 nibil
491 1726 640 1776 substantioe
651 1730 772 1786 romanet,
783 1726 849 1775 nihil
861 1726 1006 1789 superfluit:
1024 1726 1061 1775 sic
1072 1729 1098 1775 et
1108 1725 1151 1774 hic
1162 1728 1231 1788 puts,
1242 1725 1365 1787 mysteria

325 1808 439 1856 consumi
451 1808 562 1870 corporis
578 1805 860 1872 auhumists-[Bell.
871 1806 946 1870 Apol.
959 1821 1005 1872 pro
1014 1805 1099 1870 Resp]
1116 1821 1140 1870 p.
1150 1808 1205 1856 106.
1217 1806 1285 1871 [Op.,
1299 1808 1363 1856 tona

243 1886 252 1910 ⁸
327 1887 369 1936 vil.
382 1888 428 1936 ool.
441 1888 496 1939 764.
509 1887 537 1937 B.
551 1886 590 1952 e]
904 1959 906 1963 Ι

101 2000 135 2065 [s.
149 2000 225 2077 chry-
306 1986 566 2071 chrysostomus,
582 1987 695 2052 eodem
721 1988 790 2070 ipso
814 1988 849 2051 in
874 1987 954 2066 loco,
976 1986 1069 2071 jubet
1091 1985 1196 2050 verbis
1216 1984 1363 2068 proxime

99 2065 223 2129 nocturna]
260 2090 479 2173 sequentibus,
492 2112 534 2155 ne
546 2097 662 2174 putent
674 2093 859 2172 reciperare
872 2093 990 2172 Corpus
1002 2092 1149 2167 divitium,
1160 2090 1218 2152 sed
1231 2089 1270 2152 ab
1285 2089 1364 2171 ipsis

263 2197 427 2277 Seraphim
450 2197 552 2277 ipnem
573 2216 613 2258 ee
627 2195 764 2276 forcipe.
811 2196 870 2274 Ut,
889 2196 916 2258 si
938 2196 1098 2259 elementa
1118 2193 1208 2258 vobis
1230 2200 1365 2257 externa

260 2306 402 2382 pereunt,
423 2299 552 2381 jactura
579 2319 705 2382 quoque
730 2298 878 2361 Ministri
907 2319 964 2361 sou
989 2296 1172 2361 Sacerdotis
1194 2296 1294 2360 vestri
1320 2296 1364 2360 sit

260 2401 417 2464 facienda.
462 2403 555 2479 ium,
573 2403 665 2464 lateri
688 2402 942 2482 appreeimeutes
954 2401 1045 2482 jubet
1067 2402 1248 2482 senpuiaem
1264 2420 1305 2463 ec
1326 2420 1364 2463 eo

261 2506 431 2588 effluentem
458 2505 550 2566 labiis
576 2506 713 2567 haurire.
761 2505 809 2567 Ut
836 2504 926 2583 scias,
948 2504 1055 2587 priora
1078 2504 1174 2568 verba
1200 2503 1277 2586 quid
1301 2502 1363 2567 sibi

261 2607 380 2684 velint;
404 2628 464 2669 nec
482 2609 613 2688 proprie
635 2607 679 2669 ibi
695 2607 783 2690 loqui
799 2608 1082 2691 Chrysostomum:
1106 2606 1172 2686 sed,
1189 2628 1246 2671 suo
1261 2628 1362 2682 more,

254 2708 413 2790 fleurete:
450 2717 482 2772 et
506 2709 546 2772 de
570 2718 671 2793 parte,
697 2732 767 2792 qum
792 2709 872 2790 fidei
898 2711 951 2789 sit,
975 2731 1041 2773 non
1068 2730 1184 2774 sensus.
1230 2709 1362 2792 Alioqui

261 2811 438 2874 similitudo
451 2812 517 2890 illa,
534 2811 573 2875 de
589 2832 661 2874 cere
677 2822 709 2874 et
724 2814 803 2894 ipae,
820 2821 853 2876 et
869 2834 924 2877 vos
939 2834 1064 2896 quoque
1080 2813 1247 2876 ustularet.

293 2945 393 2995 liddam
406 2952 431 2995 ct
443 2962 520 2995 uuum
533 2946 693 3010 Scriptorum,
711 2947 755 3009 qui
769 2961 862 2996 nomen
880 2947 926 3012 [a]
940 2948 1059 3011 Cypriani
1072 2949 1146 3010 gerit,
1157 2947 1201 2996 sed
1218 2961 1364 3010 quanquam

324 3041 375 3076 uon
387 3026 444 3090 [est]
458 3028 500 3076 ille
513 3027 674 3091 [Opprianus]
687 3027 785 3090 Martyr
797 3028 972 3092 [notissima-it
984 3033 1117 3078 esttamen
1128 3028 1219 3090 gravis,
1231 3032 1257 3077 et
1268 3027 1364 3092 [valde]

324 3111 507 3173 antiquus...
523 3111 615 3159 ‘Panis
629 3146 635 3158 .
647 3147 670 3158 ..
686 3125 738 3158 non
760 3110 849 3173 effigio,
867 3111 910 3159 sod
933 3118 1023 3160 natura
1045 3116 1158 3160 mutatus
1177 3110 1364 3173 omnipotentia

324 3192 394 3240 verbi
405 3192 485 3242 lactus
496 3197 535 3242 est
546 3193 632 3243 caro‘!
643 3229 650 3241 .
662 3229 668 3241 .
682 3230 687 3242 .
701 3192 832 3253 Naturam,
841 3192 867 3241 id
879 3197 916 3242 est
928 3193 1104 3253 substantium,
1115 3192 1209 3241 mutari
1219 3191 1284 3240 dicit
1291 3208 1298 3251 ;
1315 3190 1363 3256 [et]

260 3409 335 3458 ταῦθοί
352 3430 380 3458 τε
391 3409 616 3472 ὦσαιίτσςδιίρτος,
628 3408 703 3460 καθοίς
714 3422 788 3472 φησιν
831 3413 1009 3474 προσομιλήσας
1028 3411 1096 3461 οὐδὲν
1123 3410 1268 3474 ἆτουσιιίζει,
1292 3411 1365 3460 οὐδὲν

260 3473 444 3535 ὀἈπιίστολος,
457 3474 579 3535 ἁγιάζεται
592 3476 629 3524 tul
642 3474 716 3535 λόγου
727 3477 787 3524 θεοῦ
830 3477 971 3539 περισσεύει·
989 3476 1050 3526 οὕτω
1070 3478 1110 3526 καί
1128 3475 1173 3526 ὧδε
1192 3477 1272 3538 νόμιζε
1294 3496 1364 3525 συνα-

260 3540 298 3587 aul
316 3538 448 3601 ἐντεύξεως,
462 3541 489 3587 οὐ
507 3541 545 3587 διὰ
557 3539 667 3601 βροίσεοις
685 3541 724 3588 καί
741 3538 784 3588 σι’-
830 3541 955 3590 λίσκεσθαι
973 3542 1004 3590 τὰ
1018 3548 1135 3606 μυστήρια
1146 3543 1178 3607 τῇ
1190 3546 1233 3591 τοῦ
1250 3539 1364 3600 σαίματος

260 3623 320 3653 σειος
331 3607 416 3667 προῖὼν
428 3604 460 3653 είς
472 3603 500 3651 τὸ
509 3604 577 3662 ccipe
588 3605 722 3664 τοῦλόγου,
731 3605 786 3653 ἀλλ’
829 3606 906 3669 οὐσίᾳ,
926 3605 1013 3655 διὸκαὶ
1031 3605 1226 3669 προσερχόμενοι,
1246 3606 1279 3664 μὴ
1295 3607 1325 3654 ὦς
1337 3607 1364 3666 ἐξ

260 3669 326 3718 εὐθὺς
342 3668 441 3732 πρίςτό
457 3672 524 3725 σῶμα
534 3671 577 3716 τοῦ
591 3666 789 3723 Λίγουιιεταποι-
833 3669 954 3731 ἄνθραίπου
976 3671 1088 3729 νομίσητε
1105 3671 1299 3730 μεταλαμβάνειν
1318 3673 1365 3717 τοῦ

259 3731 364 3791 οιίμενος,
374 3734 448 3781 καθὼς
458 3736 546 3794 εἴρηται
557 3733 599 3779 im*
609 3735 652 3780 τοί
658 3732 789 3792 [thomiri
833 3735 895 3783 θείου
914 3734 1030 3794 σώματος,
1057 3737 1155 3785 ἀλλ’ὡς
1174 3737 1199 3797 ἐξ
1218 3737 1364 3784 αὐτῶντῶν

259 3795 351 3845 τοῦτο’
368 3798 436 3845 ἔστι
453 3798 486 3844 τὸ
505 3795 585 3855 σῶμιί
603 3801 789 3854 μου...ταῦτα
833 3802 936 3861 σεραψίμ
955 3802 987 3864 τῇ
1010 3799 1090 3855 iustu
1116 3802 1159 3849 τοῦ
1182 3802 1262 3862 πυρὸς,
1286 3797 1364 3861 ἥνπερ

260 3863 285 3910 δὲ
297 3861 376 3909 δίδωσι
388 3864 421 3924 τῇ
435 3860 478 3918 τῆς
496 3859 606 3920 εὐλογίας
619 3859 714 3919 δυνάμει
731 3864 788 3923 πρὸς
832 3864 930 3912 Ἠσαίας
942 3863 996 3924 cide,
1003 3868 1046 3915 τοῦ
1055 3862 1117 3913 θείου
1125 3862 1236 3923 σοίματος
1242 3863 1362 3924 νομίζετε,

260 3926 571 3985 ἔκεῖνομεταστοιχειοίσας
584 3925 791 3986 τῶνφαινομένων
834 3929 969 3985 caldoris
985 3929 1046 3979 θείας
1063 3930 1102 3978 καὶ
1122 3928 1242 3992 ἅχράντου
1257 3930 1362 3990 τλευρῖις

259 3988 448 4050 τὴνφύσιν-8.
455 3989 529 4051 Grcg.
538 3989 611 4049 Nyss.
619 3989 789 4040 catechomt.
834 3991 993 4054 ἐφεπόμενοι
1004 3996 1054 4043 τοῖς
1065 3994 1181 4054 χείλεσιν,
1196 3993 1255 4042 οὕτω
1266 3994 1310 4040 τοῦ
1318 4011 1363 4040 σοι·

259 4069 311 4116 cap.
320 4054 416 4102 xxxvii.
430 4054 485 4116 Op„
494 4059 554 4102 tom.
562 4054 599 4102 iii.
614 4070 655 4117 pp.
665 4055 718 4103 104.
729 4054 788 4103 (hl).
834 4057 915 4114 τηρίου
923 4058 1020 4116 αίματσς
1027 4057 1361 4117 μεταλάβωμεν.-8.Οί11·)’8.

259 4121 315 4168 105.
328 4120 359 4167 Λ.
374 4116 414 4181 B.]
834 4120 909 4169 Hom.
922 4138 944 4170 r.
964 4123 1005 4181 (ul.
1018 4124 1062 4186 ix.)
1075 4123 1106 4171 de
1118 4123 1210 4171 Poenit.
1230 4123 1286 4186 Op,
1298 4126 1360 4170 tom.

291 4191 302 4213 ⁸
319 4183 353 4248 [S.
363 4182 486 4232 Gaudent.
495 4182 787 4233 bractia-Biblines
832 4187 865 4233 vi.
880 4201 904 4248 p.
915 4189 970 4236 791.
983 4188 1026 4236 lin.
1039 4186 1089 4251 ⁴22]

259 4246 328 4297 Mor.
340 4252 402 4297 tom.
415 4262 437 4296 ν.
450 4262 474 4310 p.
487 4246 554 4310 did]
863 4259 873 4281 0
902 4257 916 4278 “
926 4252 1000 4301 Panis
1015 4255 1069 4311 iste,
1082 4267 1155 4314 quom
1169 4251 1294 4300 Dominus
1313 4249 1363 4299 dis·

291 4310 376 4377 b[llil
393 4312 430 4361 liri
446 4314 515 4373 ἄρτος
532 4313 599 4361 ἐστὶν
614 4314 671 4377 loys,
686 4316 787 4374 μηδ’ἵτι
830 4315 921 4378 eipuia
949 4317 1100 4379 porrigebat,
1124 4331 1174 4366 non
1202 4315 1291 4377 effigio,
1316 4315 1362 4364 scd

259 4375 321 4428 οἶνός
340 4380 393 4427 ἐστι
412 4379 516 4441 νομίσῃς,
529 4378 555 4426 od
567 4379 652 4439 γαριίς
665 4380 690 4426 al
706 4379 786 4427 λοιπαί
830 4386 919 4430 nutura
941 4387 1060 4441 mutatus,
1082 4381 1267 4445 omnipotentia
1289 4380 1361 4428 veriti

258 4441 360 4500 βροίσεις
379 4442 413 4491 εἷς
430 4444 552 4506 ἀφεδρῶνα
568 4446 648 4506 χωρεῖ.
680 4443 785 4504 Ἄπαγε,
829 4445 909 4494 iaetus
930 4451 968 4495 ost
985 4462 1055 4499 ουτος
1076 4452 1102 4495 et
1121 4447 1186 4495 sicut
1208 4448 1234 4494 in
1254 4459 1362 4508 persona

258 4506 291 4567 psi
302 4509 374 4556 reiro
391 4504 446 4555 νιίει.
472 4508 541 4556 Ἀλλ’
559 4510 637 4571 ὥσπερ
651 4510 721 4571 καιρὸς
733 4510 785 4571 πυρὶ
830 4509 924 4560 Christi
933 4510 1256 4570 humanitati-ideonunct
1265 4510 1360 4559 {alelmi
