2910 4926
265 268 308 330 ⁷2
412 318 421 339 ,
578 282 620 328 ao
643 282 833 329 ennarrans
855 282 1054 330 patrumm

267 436 425 500 delatum:
449 435 586 498 (letatum
605 442 739 517 propter
761 437 911 517 scriptum
935 435 975 496 ob
998 455 1033 498 co
1057 433 1170 496 librum
1192 435 1231 497 de
1254 440 1369 516 septem

268 539 493 615 Socromeatts,
509 557 575 616 aec,
592 539 688 600 otiam
702 539 737 601 in
751 559 785 601 eo
802 539 892 600 tituto
901 536 999 619 fidem
1014 538 1149 619 iutellipi
1156 557 1259 618 posse,
1276 559 1369 619 quom

268 642 433 723 Pontificio
452 642 505 723 qui
527 641 634 704 dedit:
659 641 754 723 Repie
774 642 827 724 qut
847 642 989 722 occepit:
1014 660 1137 722 queque
1161 661 1195 702 eo
1221 640 1300 703 libro
1316 641 1367 702 ete-

260 744 358 827 femo
372 750 428 823 eet,
444 765 551 826 amape
566 745 604 808 de
623 749 738 825 septem
749 745 971 822 Soeromeatts,
980 748 1114 825 propter
1124 764 1212 825 quem
1224 746 1352 824 occepit.

270 849 326 913 Lis
353 848 449 932 longa
468 848 623 912 nouerit.
669 848 832 913 Quorsum
857 847 910 912 hic
932 849 1149 910 tumultuetur
1164 846 1367 911 cardinalis?

270 952 306 1016 Si
332 951 373 1015 ad
398 952 494 1015 aliam
510 952 608 1034 fidem
631 951 764 1029 nullam,
787 951 903 1032 fideive
919 950 1125 1031 defensionem
1140 949 1275 1032 quadrat
1290 950 1368 1013 titu-

268 1054 320 1118 lus
341 1053 402 1118 iste
417 1055 545 1132 Leonis,
561 1061 774 1138 praeterquam
794 1075 876 1132 eam,
899 1075 971 1137 quae
993 1061 1041 1117 cst
1057 1053 1097 1117 dc
1113 1053 1237 1134 Septem
1253 1054 1368 1116 Sacro-

269 1158 401 1220 meatie:
424 1156 542 1221 habeat
565 1178 644 1220 sane
665 1157 727 1220 sibi
748 1157 896 1220 Pontifex
912 1157 1045 1219 titulum
1065 1156 1176 1232 illum;
1199 1157 1368 1219 renunciat

270 1260 299 1323 ei
320 1261 400 1338 Rex,
424 1262 516 1344 cujus
538 1260 578 1323 de
594 1261 717 1341 Septen
734 1260 946 1323 Socromeatia
967 1259 1047 1322 fides
1070 1259 1161 1321 nulla
1182 1265 1248 1322 est:
1273 1281 1367 1342 quem

270 1384 452 1440 numerum,
477 1384 534 1445 per
558 1361 802 1445 aliquammulta
822 1363 938 1426 saeoula
963 1361 1098 1425 nescivit
1122 1361 1284 1425 Ecclesia:
1308 1383 1368 1424 ncc

269 1487 308 1529 eo
322 1472 434 1530 tamen
447 1465 555 1528 minus
571 1465 689 1546 fidelia.
735 1467 920 1548 Postquam,
945 1487 983 1528 ea
997 1463 1081 1528 vocis
1097 1465 1177 1547 fidet
1192 1464 1296 1547 glossa
1307 1472 1366 1541 cst,

274 1568 381 1649 (fidei,
394 1567 427 1630 id
443 1577 503 1645 cst,
520 1568 558 1630 de
574 1568 697 1649 Septem
713 1569 927 1631 Suc-ramentis
937 1569 959 1650 :)
985 1589 1052 1631 non
1073 1573 1123 1631 est
1143 1589 1200 1630 cur
1224 1567 1305 1650 Regi
1329 1567 1368 1630 dc

269 1670 366 1734 titulo
389 1670 544 1734 irascatur
570 1671 729 1749 Pontifex,
756 1671 842 1734 illius
857 1673 938 1753 fidei
962 1673 1030 1734 Itcx
1050 1669 1205 1750 Defemor
1223 1676 1367 1748 nonest,

271 1794 332 1837 nec
356 1773 402 1836 rci
427 1773 571 1850 titulum,
601 1793 661 1836 nec
684 1773 772 1836 tituli
797 1795 867 1837 rem
897 1774 959 1837 sibi
981 1773 1131 1836 vindicat.
1178 1774 1247 1837 Rex
1270 1773 1368 1851 enim,

274 1877 440 1939 Catholicae
459 1875 539 1956 fidei
559 1874 714 1957 Defensor
737 1882 791 1939 eat.
842 1878 932 1940 Certe
956 1883 1068 1950 autem,
1088 1898 1151 1958 per
1174 1897 1272 1939 canos
1295 1877 1370 1957 ptus

269 1980 363 2056 mille,
378 1999 416 2041 ae
431 1999 575 2041 numerus
589 1979 711 2061 quidem
728 1980 936 2062 Septenarius
952 1981 1233 2043 Sacramentorum
1245 1980 1370 2042 auditus

267 2087 324 2145 eet.
362 2082 518 2155 Quomodo
533 2102 606 2163 erpo
621 2082 783 2146 Cotteotico
798 2089 844 2145 est
860 2081 900 2145 de
916 2089 1038 2165 septem
1053 2082 1268 2145 sacramentis
1275 2080 1368 2163 fides,

268 2185 372 2262 idest,
393 2205 512 2265 semper
526 2184 658 2262 credito,
677 2184 707 2246 si
721 2191 794 2248 aute
809 2206 922 2248 uanum
936 2206 1032 2266 stupro
1051 2186 1245 2248 millesimum
1261 2186 1370 2248 audito

269 2307 331 2349 noa
345 2290 418 2350 est?
462 2287 620 2369 Agnoscit
635 2287 721 2350 enim
737 2288 917 2351 Cardinalis
935 2288 1051 2371 (spero)
1070 2288 1189 2372 stylum
1206 2310 1310 2351 suum.

302 2439 363 2497 Quae
375 2455 432 2497 cum
445 2440 481 2489 ila
495 2440 555 2501 sint,
570 2455 621 2490 non
639 2455 739 2505 possum
751 2455 803 2491 non
820 2439 981 2491 vehementer
991 2441 1120 2501 admirari,
1131 2456 1176 2490 cur
1186 2441 1253 2491 huuc
1265 2442 1369 2491 titulum

334 2521 383 2570 sibi
395 2520 518 2581 desumat,
529 2523 573 2585 qui
585 2521 728 2572 Romanum
740 2521 897 2583 Pontificem,
909 2537 924 2572 a
941 2537 990 2585 quo
1007 2522 1098 2572 titulus
1115 2521 1188 2572 datus
1204 2527 1249 2582 cst,
1263 2538 1313 2571 nou
1330 2537 1371 2583 ag-

335 2601 431 2650 noseit:
448 2603 491 2664 qui
510 2616 565 2652 eam
586 2602 661 2652 fldem
682 2602 793 2663 damnat,
812 2618 888 2665 quam
906 2603 1079 2667 profitebatur,
1091 2603 1136 2666 qui
1152 2603 1256 2652 titulum
1273 2604 1370 2665 primus

334 2683 447 2747 accepit:
463 2684 508 2747 qui
519 2683 627 2746 deniquo
639 2699 690 2733 non
701 2685 745 2733 vii.
757 2684 925 2744 Sacramenta,
937 2685 969 2733 ol>
980 2699 1086 2747 quorum
1098 2684 1267 2734 defensionem
1280 2685 1371 2734 titulus

334 2763 408 2813 datus
419 2769 464 2824 est,
475 2764 518 2814 scd
531 2764 588 2824 duo,
598 2765 637 2813 vol
650 2767 699 2814 tria
709 2770 809 2814 tantum
821 2779 873 2814 esse
885 2764 1136 2828 contendit-[Bell.
1145 2765 1219 2828 Apol.
1228 2765 1347 2829 proltmp
1359 2765 1369 2829 ]

335 2860 359 2908 p.
372 2847 411 2896 20.
431 2845 501 2910 [Op.,
512 2849 573 2895 tom.
586 2846 628 2894 vii.
640 2847 686 2895 col.
699 2847 754 2897 716.
767 2845 795 2894 Β.
808 2844 851 2908 u]

109 2978 215 3045 [me-
314 2976 442 3040 Invadit
455 2999 529 3040 eum
544 2984 617 3061 post
632 2980 790 3040 uehemens
804 2979 982 3056 adrnirotio,
995 3000 1051 3041 cm·
1066 2979 1205 3041 decurrat
1220 2978 1279 3040 eibi
1295 2979 1369 3040 titu-

107 3057 247 3170 ffgfflin
271 3081 334 3142 tum
345 3080 423 3155 Rea,
436 3101 504 3143 mem
519 3102 579 3143 nou
595 3088 742 3163 opaoacot
758 3083 949 3165 Pontificem,
966 3103 1053 3164 opero
1070 3083 1182 3145 dotus:
1198 3082 1370 3144 necceeetot

107 3171 214 3301 {effifi'
270 3189 385 3264 septem
401 3184 614 3261 Sacramenta,
631 3191 764 3266 propter
786 3206 852 3267 qum
875 3186 975 3248 dotem.
1022 3185 1136 3248 Dicam
1157 3206 1241 3262 vero,
1264 3193 1302 3247 ut
1326 3187 1373 3247 uit

272 3286 467 3363 admirando,
491 3286 597 3349 beatus
620 3285 707 3368 fiat¹.
755 3288 888 3371 Scripsit
914 3289 1036 3351 Pilatus
1059 3288 1210 3365 titulum;
1236 3289 1370 3366 Pilatus,

273 3389 328 3472 qui
350 3388 496 3467 infidelis,
518 3389 662 3467 titulum,
686 3392 740 3472 qui
763 3412 860 3454 sensu
883 3391 1012 3475 quidem
1035 3391 1132 3454 Pilati
1153 3391 1262 3468 falsam,
1278 3413 1371 3454 verus

271 3499 382 3555 tamen
408 3515 428 3555 a
451 3513 502 3555 se:
525 3492 639 3555 Mirati
663 3499 734 3556 tum
761 3501 836 3556 sunt
862 3494 979 3572 Judaei,
1004 3503 1040 3557 ut
1069 3515 1157 3557 nunc
1181 3494 1370 3558 Cardinalis.

273 3595 337 3658 Sed
353 3595 558 3659 commodum
579 3596 659 3659 mihi
679 3597 714 3659 in
736 3605 879 3660 mcntcm
895 3598 981 3661 vonit
997 3598 1036 3660 dc
1052 3599 1218 3676 Pontifice,
1233 3605 1271 3661 ut
1286 3598 1370 3661 Pon-

273 3697 392 3760 tificcm
413 3718 486 3761 cum
506 3699 662 3762 Pontifico
683 3698 881 3763 collidamus.
927 3701 1038 3764 Edidit
1058 3701 1098 3764 (le
1114 3702 1244 3765 Christo
1261 3701 1371 3764 vatici-

272 3800 362 3862 nium
380 3800 528 3883 Caiphas,
547 3800 633 3865 idem
654 3801 823 3880 maximus,
846 3802 1066 3887 possimusque
1081 3805 1231 3868 Pontifex
1241 3832 1251 3883 ς
1274 3806 1371 3868 veris-

275 3901 393 3966 simum
409 3912 517 3967 autem
530 3904 727 3983 vaticinium,
744 3927 840 3969 sensu
857 3908 994 3989 Spiritus
1010 3908 1134 3972 sancti:
1158 3907 1375 3986 falsissimum,

274 4026 341 4069 suo.
387 4006 517 4084 Mirum,
544 4028 602 4071 cur
623 4009 772 4073 Christus
795 4009 890 4073 Pilati
910 4010 1056 4089 titulum,
1078 4032 1135 4075 scu
1159 4012 1373 4074 characterem

275 4107 408 4190 gesserit
417 4134 427 4186 3
444 4110 574 4192 Caiphae
595 4111 781 4175 vaticinium
806 4112 840 4175 in
857 4113 1067 4196 Evangelium
1093 4114 1204 4177 referri
1220 4114 1372 4177 volucrit:

275 4232 359 4290 oum,
381 4233 440 4275 nec
455 4212 598 4276 Pilatum
618 4222 739 4290 tamen,
763 4235 823 4278 nec
839 4215 995 4299 Caipham
1018 4224 1222 4299 agnosceret:
1247 4237 1306 4280 nco
1332 4216 1373 4279 ad

275 4334 386 4378 corum
417 4323 559 4379 mentem
588 4323 671 4380 esset
696 4339 818 4395 sensus,
844 4320 896 4382 vel
919 4318 1006 4382 tituli
1032 4320 1082 4383 vel
1105 4320 1257 4384 vaticinii.
1303 4321 1374 4384 Ncc

625 4489 631 4524 ¹
651 4492 728 4556 [Vide
742 4493 829 4545 Horat
841 4495 887 4560 Ep.
899 4496 914 4545 i.
927 4499 950 4546 6.
964 4500 986 4558 l,
995 4497 1032 4561 2.]
