2910 4926
560 299 603 348 nn
626 299 744 346 ercam
1150 279 1203 341 xix

108 450 228 530 Voluit,
249 452 347 536 jussit
372 454 452 518 Tuos
475 454 528 518 hie
548 454 706 538 injuratos
728 474 807 531 esse,
822 459 860 516 nt
881 451 1012 516 liberius
1034 470 1091 534 per
1112 449 1202 513 nefas

104 562 253 631 ruerent;
278 577 338 620 nec
363 558 414 620 vel
437 557 593 640 explorari
623 558 815 621 ‚iuramento
845 554 927 633 sivit,
955 554 1004 618 vel
1029 575 1049 617 a
1076 554 1202 617 Scelere

104 657 287 721 retuderit
332 660 426 736 Exin,
438 681 496 743 per
510 660 703 723 Emisserios
717 659 791 723 libri
806 659 925 741 passim
941 656 1029 735 editi,
1046 656 1102 739 qui
1116 657 1202 721 Pon·

104 759 200 823 tificis
212 761 368 826 directum
384 762 420 826 in
431 764 536 845 Reges
549 763 728 828 dominium
740 769 904 826 astruant:
928 759 1048 826 Martaj
1060 759 1199 843 scripsit:

104 863 162 926 sed
178 885 273 946 quem
288 866 403 930 merito
417 866 529 930 rideas.
569 866 704 949 Scripsit
718 871 752 930 et
767 862 915 929 Boziusl:
940 863 996 927 sed
1012 871 1079 927 tam
1095 885 1202 927 crassa

105 965 298 1046 adulatione,
314 975 382 1032 tam
405 969 549 1048 deformi,
571 978 608 1033 ut
628 990 703 1033 eum
725 968 776 1031 sui
797 989 855 1051 pro
877 966 1028 1031 derelicto
1050 966 1200 1030 habeant.

104 1069 172 1132 Alii
185 1092 310 1155 quoque
325 1073 536 1157 seripserunt:
559 1080 597 1137 ut
613 1074 744 1156 quisque
760 1071 910 1137 Pontifici
925 1069 1061 1134 maxime
1077 1071 1201 1153 placere

105 1173 223 1252 studet,
249 1175 296 1238 ita
328 1176 362 1238 in
391 1197 486 1240 mirso
508 1176 568 1240 hae
591 1176 851 1260 projectissimus.
895 1162 1030 1238 Accedit
1058 1174 1200 1251 tandem,

105 1282 203 1358 atque
223 1277 336 1360 implet
356 1300 526 1343 numerum
558 1278 746 1357 Cardinalis‚
771 1279 861 1361 cujus
891 1285 924 1340 et
946 1276 1050 1340 eidem
1067 1277 1124 1354 rei,
1141 1277 1201 1340 etsi

105 1397 172 1440 non
194 1380 305 1444 eadem
327 1381 461 1459 ratione,
475 1382 609 1446 desudat
629 1381 796 1444 industria.
841 1372 928 1444 Nam
943 1386 976 1443 et
991 1379 1058 1463 ipse
1079 1380 1201 1443 Idolum
1306 1417 1313 1433 ·

103 1500 193 1543 auum
210 1483 387 1563 (Pontifieis
402 1491 595 1567 potestatem
611 1484 652 1548 ad
664 1486 768 1567 Reges
783 1481 998 1566 deponendos)
1019 1482 1109 1564 quasi
1123 1482 1199 1545 Pul-

105 1584 224 1647 lodium
246 1585 401 1650 invehere
420 1587 528 1651 studet
553 1588 589 1650 in
614 1609 682 1651 rem
712 1588 932 1649 Christianum.
977 1585 1077 1648 Plane
1096 1586 1201 1648 Rome

101 1686 179 1769 jam,
194 1688 230 1750 in
243 1689 374 1772 Officino
389 1689 434 1753 ibi
443 1691 629 1772 dopmntum,
638 1690 672 1753 id
686 1691 802 1773 agitur,
814 1696 852 1751 ut
867 1689 1037 1771 implexam
1052 1688 1199 1766 reddant,

33 1789 41 1802 '
104 1795 201 1871 atque
214 1790 400 1871 involutam,
411 1793 546 1877 aequasi
557 1814 655 1856 unam
670 1793 705 1855 in
720 1793 817 1856 telam
827 1798 938 1855 texant
953 1812 1026 1854 cum
1041 1799 1200 1874 potestate

107 1891 270 1974 Spirituali
288 1895 430 1973 Summa,
449 1897 616 1959 Summam
635 1916 760 1978 quoque
775 1893 1005 1976 Temporalem,
1022 1915 1058 1957 ac
1072 1900 1201 1958 tantum

105 2015 171 2057 uon
186 1995 329 2059 inserant
343 1997 379 2060 in
395 1999 571 2080 Symbolum
586 1998 670 2076 fidei,
686 2019 744 2081 pro
753 1997 898 2059 Articulo
913 1996 1027 2060 XIII0.
1042 2023 1049 2060 ι
1074 1997 1201 2081 Nempe

104 2117 125 2159 a
139 2097 305 2176 Pontifiee‚
322 2101 377 2182 qui
391 2101 458 2183 ipse
473 2102 616 2182 Apostoli
631 2102 742 2164 decimi
757 2097 857 2162 tertii¹
871 2099 1003 2162 titulum
1019 2099 1059 2163 ab
1075 2100 1201 2183 Impos-

104 2206 175 2264 tore
195 2199 343 2266 famelico
365 2202 518 2282 delatum,
533 2204 679 2287 propitiis
693 2202 824 2268 auribus
839 2223 904 2265 non
919 2201 1039 2265 invitus
1061 2202 1199 2266 admisit

106 2303 188 2370 Quis
193 2306 272 2389 jam,
283 2307 352 2371 haec
364 2328 427 2391 quo
436 2307 581 2386 tendant,
592 2329 658 2371 non
669 2307 779 2370 videt?
797 2305 878 2371 Quis
889 2326 956 2368 non
967 2305 1101 2370 flabellis
1112 2305 1201 2370 hisce

104 2408 295 2473 redaccendi
308 2411 418 2495 ignem
437 2411 563 2487 denuo;
587 2412 696 2494 ignem
710 2409 802 2472 illum
818 2428 913 2491 quem
929 2407 1015 2471 exire
1030 2408 1110 2472 vidit
1126 2409 1200 2472 Hil-

105 2509 288 2576 debrandus
302 2535 341 2578 ex
356 2537 410 2579 ore
426 2536 494 2594 suo,
514 2517 581 2599 (per
588 2514 747 2596 fumonem
761 2514 843 2575 illud
855 2513 1039 2576 insomnium
1053 2530 1141 2575 auum
1150 2515 1199 2595 ¹¹¹:)

104 2614 191 2679 unde
206 2617 317 2681 statim
333 2618 367 2682 in
384 2618 470 2683 Orbe
484 2626 554 2683 toto
567 2617 752 2682 incendium
767 2614 900 2680 exstitit.

150 2718 257 2783 Narro
273 2728 380 2784 autem
396 2720 569 2799 Cardinali,
585 2720 611 2783 si
627 2719 704 2784 olim
719 2719 849 2802 segnius
865 2719 928 2781 ista
941 2717 1097 2782 curabant
1109 2717 1202 2782 Prin·

105 2819 200 2903 cipes,
217 2842 283 2886 nou
297 2823 344 2886 ita
359 2844 483 2907 semper
496 2823 574 2887 fore.
613 2821 748 2905 Propius
770 2823 856 2885 enim
874 2821 944 2904 jam
966 2819 1200 2902 introspiciunt,

105 2931 139 2986 et
154 2923 342 3009 diligentius
356 2927 533 3006 excutiunt,
547 2947 617 3009 quae
632 2925 751 3009 scripta
765 2924 856 3002 aliis,
880 2923 937 2987 sed
951 2924 1120 3006 praecipue,
1132 2943 1203 3006 quae

107 3026 219 3109 scripti
248 3028 304 3091 Illi
328 3050 431 3112 nuper
461 3029 495 3092 iu
525 3028 609 3091 hanc
637 3048 715 3105 rem,
742 3026 917 3108 inquibus
949 3025 1045 3089 nimis
1075 3026 1202 3108 evulgat

104 3128 235 3192 Arcana
249 3131 425 3195 Pontificio.
460 3132 592 3196 Certum
607 3136 714 3193 autem
729 3129 799 3191 Illis
813 3128 933 3191 diutius
944 3128 1013 3210 jam
1028 3148 1094 3191 non
1109 3126 1201 3206 ferre,

105 3229 152 3292 sie
167 3229 303 3314 deprimi
317 3234 452 3317 Regiam
466 3239 667 3317 potestatem,
683 3231 727 3294 sic
741 3231 777 3293 in
790 3231 984 3294 immensum
1000 3228 1091 3293 evehi
1106 3235 1203 3312 atque

105 3335 291 3417 exaggerari
310 3336 570 3419 omnipotentiam
585 3333 793 3415 Pontificiam,
810 3333 981 3396 mulctandi
996 3333 1095 3414 Reges
1109 3334 1203 3394 vecti-

25 3474 29 3481 ·
103 3437 237 3518 yelilm,
253 3440 395 3502 mutandi
409 3440 529 3520 Requi,
545 3439 583 3501 de
601 3436 830 3518 Tunporalilsu
851 3437 918 3498 sine
943 3434 1081 3496 Censura
1101 3440 1202 3496 statu-

105 3539 188 3617 endi,
196 3537 353 3619 faciendi,
364 3548 399 3604 ut
414 3543 467 3623 qui
478 3542 578 3622 Reyes
584 3541 656 3622 jam
670 3545 752 3616 sunt,
768 3538 912 3618 deinceps
921 3536 1022 3618 Reges
1036 3555 1074 3598 ne
1088 3537 1169 3598 sieut
1178 3545 1201 3598 ¹¹.

105 3641 151 3704 Et
172 3641 207 3706 id
229 3643 392 3707 Cardineli
411 3644 528 3726 (credo)
549 3645 618 3727 jam
636 3641 713 3705 satis
733 3647 868 3718 constat,
885 3646 1053 3722 postquam
1068 3638 1203 3701 novissi-

72 3768 76 3774 ·
105 3764 180 3808 mus
197 3745 228 3809 ei
247 3745 328 3809 liber
348 3747 464 3830 (quiet
487 3746 555 3828 ipse
578 3747 745 3808 flectatur
765 3742 965 3818 Mandonius,
985 3740 1072 3805 bono
1093 3747 1201 3804 autem

140 3943 146 3976 ¹
169 3944 249 4008 [Vide
265 3946 314 3997 duo
326 3947 418 3998 Brevia
431 3947 504 3998 Pauli
517 3947 547 3998 V.
565 3946 632 4011 apud
675 3944 904 4057 Appcndpdpdtm¹
918 3943 1002 4057 plldlt
1015 3943 1102 4004 Rom.;
1118 3949 1145 3993 et
1155 3943 1201 3994 col.

106 4007 180 4113 le
192 4008 364 4126 dopppisdiet·
385 4076 440 4127 Par.
459 4079 481 4126 1.
506 4090 577 4140 capp.
593 4078 631 4126 18.
676 4012 731 4105 9⁰2
743 4010 833 4123 gluto
859 4011 989 4122 siiddddl'
1006 4070 1146 4120 comment.
1170 4071 1202 4121 de

106 4152 161 4234 'qi'
175 4202 634 4268 Dotemporaliltectaiultonirehit
676 4139 728 4234 up
737 4135 1202 4274 [iiiiiilldlillullllliiill

105 4270 133 4316 et
143 4265 331 4328 iurisdictione,
344 4271 418 4320 Anat
436 4269 523 4319 Frane
543 4269 633 4319 Bomio
676 4266 775 4316 Summi
792 4265 885 4315 Pontis.
897 4265 991 4315 advers
1005 4263 1147 4314 Barclamnr
1160 4263 1201 4324 (al.

106 4329 249 4394 Eugnbino,
260 4332 351 4396 (longr.
364 4335 431 4384 Orat
445 4334 528 4386 Presb.
538 4333 633 4395 Roma,
677 4333 708 4381 de
720 4331 836 4407 Exepaat
850 4330 975 4392 Barclaii,)
988 4343 1040 4391 cap.
1053 4327 1132 4402 xxvii.
1146 4325 1202 4389 Op,

676 4401 738 4445 tom.
756 4411 799 4446 vn.
822 4394 867 4444 eol.
886 4396 941 4444 955.
959 4395 1005 4449 A.;
1030 4407 1083 4454 cap.
1100 4405 1134 4439 rv.
1154 4391 1200 4439 col.

106 4394 262 4511 mildam.
278 4462 357 4527 [Anu
375 4461 452 4526 licet]
470 4467 531 4513 tom.
543 4464 576 4513 vt
595 4463 633 4528 [in
677 4462 733 4509 sel.
745 4460 788 4515 D.;
808 4464 834 4508 et
846 4473 898 4521 cap.
911 4457 981 4506 xxxi.
993 4456 1039 4506 col.
1052 4458 1107 4507 969.
1119 4454 1161 4517 Β.]

930 4540 947 4604 b
968 4542 991 4605 2
