2910 4926
295 265 359 326 402
610 278 652 325 uo
674 276 866 324 annotamus
887 275 1086 324 neumarum

327 442 384 492 Hoc
395 441 546 491 miraculum
562 455 614 490 non
630 440 769 490 tribuitur.
782 476 788 488 .
800 474 807 487 .
820 439 913 489 Bestiae
930 439 1026 503 majori,
1039 452 1095 502 quae
1111 435 1300 486 Antichristum
1316 433 1400 496 signi·

360 523 427 585 licat,
446 524 489 573 sed
508 523 611 583 minori,
622 536 678 585 quae
697 522 857 571 Antichristo
875 520 991 571 deservit.
1026 519 1086 570 Non
1107 517 1188 581 igitur
1205 515 1333 574 Pontifex,
1350 514 1399 577 qui

360 604 497 654 fulmine..
510 641 516 652 .
528 606 614 663 terret,
626 602 800 652 Antichristus
807 601 972 666 erit—[Bell.
985 601 1059 664 Apol.
1073 615 1118 664 pro
1129 596 1213 661 Resp]
1227 613 1250 660 p.
1264 598 1317 645 160.
1334 594 1398 658 [Op

359 688 420 734 tom.
432 685 476 733 vii.
488 684 535 733 col.
548 685 602 735 794.
615 683 660 746 D.]

135 786 185 867 [130
194 787 242 837 sul·
339 784 406 848 Vos
420 783 480 868 ipsi
495 781 830 846 excommunicationis
846 802 1010 846 censuram
1023 777 1142 860 fulmen
1158 777 1265 842 soletis
1280 777 1399 840 dicere.

132 867 270 970 ffiffi.
295 886 423 948 dtclmea
438 894 554 964 autem,
570 885 654 968 ignis
669 884 709 948 de
724 885 814 948 coelo.
859 886 910 949 De
924 887 995 967 ipae
1013 884 1121 966 itaque
1136 881 1295 945 convenit.
1331 880 1400 946 Qui

132 982 259 1046 caticum]
296 988 424 1072 quidem
440 991 522 1070 ipris
536 988 629 1052 initio
643 988 746 1051 solum
757 1009 854 1071 penes
869 987 1061 1052 Ecclesiam:
1081 1006 1141 1049 nec
1152 984 1236 1048 tradi
1247 983 1400 1065 cuiquam

296 1091 411 1175 potuit,
430 1092 493 1154 nisi
511 1090 550 1155 ab
571 1090 722 1169 Ecclesia,
739 1091 790 1154 cui
811 1089 869 1153 soli
894 1091 1036 1153 Gemuere
1055 1089 1118 1171 jus.
1164 1088 1265 1150 Penes
1284 1086 1400 1148 Eccle-

297 1194 377 1257 siam
395 1195 549 1277 (inquam)
568 1215 641 1257 vere
659 1194 784 1276 Aquam
805 1194 926 1277 primo:
949 1199 1021 1277 post
1043 1193 1150 1270 etiam,
1166 1211 1263 1274 penes
1284 1189 1399 1253 Eccle-

297 1297 385 1375 siam,
399 1298 458 1360 etsi
472 1297 585 1360 salsam
597 1298 676 1381 jam,
689 1305 722 1360 at
736 1318 843 1360 veram
858 1305 967 1360 tamen
985 1296 1047 1379 (cui
1063 1294 1223 1375 successit)
1242 1293 1399 1370 coraibus,

296 1399 329 1463 id
359 1408 417 1477 est,
442 1409 573 1464 externa
601 1400 705 1483 specie
733 1400 942 1464 referentem:
979 1399 1036 1463 ubi
1061 1404 1133 1481 post
1159 1397 1400 1461 Antichristum

297 1502 442 1566 abeundo
469 1511 502 1566 et
527 1504 684 1566 Draconis
706 1503 824 1566 idioma
849 1502 1008 1581 discendo,
1032 1501 1068 1564 in
1096 1503 1244 1563 minorem
1268 1500 1401 1561 bestiam

296 1605 528 1687 degenerasset.
573 1607 665 1684 Tum,
682 1607 792 1668 Minor
805 1607 876 1683 ista,
890 1607 926 1669 in
943 1605 1109 1686 Majarcm,
1125 1604 1190 1667 vim
1208 1622 1347 1678 omnem,
1365 1609 1401 1664 et

296 1713 487 1789 potestatem
503 1729 592 1771 suam
607 1708 788 1772 transtulit:
810 1716 858 1786 ut,
869 1728 940 1790 quae
954 1708 1065 1769 Minor
1079 1706 1170 1788 signa
1184 1704 1271 1788 prius
1286 1703 1400 1781 edidit,

296 1811 407 1873 eadem
431 1832 487 1895 per
508 1812 617 1874 omnia
634 1797 743 1893 Major
758 1812 827 1895 jam
846 1819 953 1895 posset
972 1810 1075 1874 edere.
1122 1811 1231 1886 Recte,
1246 1816 1284 1870 ut
1300 1808 1400 1870 Anti·

297 1912 418 1976 christo
433 1914 560 1996 signum
575 1914 637 1978 hoc
659 1914 837 1977 conveniat.
885 1914 1131 1997 Quamprimum
1152 1911 1238 1975 enim
1259 1910 1401 1974 adolevit

297 2022 330 2077 et
359 2015 478 2078 valeret
507 2017 576 2101 jam
605 2016 724 2080 viribus
749 2016 981 2094 Antichristus,
1011 2015 1147 2078 armavit
1175 2013 1222 2076 illi
1250 2012 1400 2076 dextram

297 2118 440 2181 Ecclesia
465 2118 544 2182 falsa
567 2121 687 2202 (Bestia
713 2121 824 2198 minor,
845 2125 1003 2203 potestate
1028 2140 1086 2182 sua
1107 2115 1242 2196 summa)
1266 2116 1402 2202 trisulco

296 2219 358 2284 hoc
366 2217 510 2301 firmine,
527 2242 589 2304 quo
604 2221 799 2304 percelleret,
815 2222 997 2305 quicunque
1011 2222 1126 2284 Bestia
1141 2221 1306 2302 imapiaem
1322 2220 1401 2281 ado-

294 2342 369 2386 rare
383 2323 494 2402 nollet,
509 2324 560 2386 vel
578 2325 795 2387 characterem
809 2325 965 2406 acccipere
973 2333 1002 2386 ¹¹¹.

329 2466 428 2518 Deinde
446 2468 564 2518 meminit
576 2467 652 2532 hujus
664 2466 681 2518 J
682 2483 775 2518 oannes
790 2468 915 2529 miraculi,
926 2473 957 2518 ut
969 2468 1007 2518 rei
1021 2482 1102 2528 novae,
1115 2472 1141 2518 at
1151 2467 1268 2517 insolita.
1302 2469 1339 2517 At
1352 2482 1399 2518 ax·

362 2550 556 2598 communicatio
567 2564 606 2599 res
623 2554 661 2599 est
672 2551 813 2599 communia
829 2555 855 2599 et
866 2554 931 2600 nota
939 2549 1041 2615 —[Bell.
1054 2549 1127 2614 Apol.
1140 2564 1185 2614 pro
1197 2548 1285 2613 Resp]
1304 2564 1328 2613 p.
1342 2552 1399 2600 160.

364 2629 429 2692 [Op.‚
447 2634 507 2678 tom.
519 2631 562 2678 vii.
580 2630 635 2678 coll.
647 2631 702 2680 tat.
712 2631 743 2679 D.
755 2632 809 2682 795.
820 2630 863 2694 Α.]

342 2728 412 2789 Nec
432 2749 515 2790 nova
533 2749 584 2790 res
608 2729 744 2791 Ceramra
768 2729 846 2807 haee,
863 2751 934 2811 qua,
951 2729 1006 2812 qui
1028 2730 1064 2793 in
1087 2731 1202 2793 scelere
1226 2731 1399 2811 obfirmati,

298 2837 447 2891 arcentur
462 2829 603 2893 fidolium
619 2838 714 2908 coetu,
727 2830 828 2895 donec
842 2831 963 2914 pudore
977 2832 1045 2915 ipso
1061 2833 1185 2896 confusi
1200 2833 1240 2895 ad
1254 2842 1400 2899 mentem

297 2931 463 2995 meliorem
483 2932 625 2996 redeant.
672 2935 750 2997 Non
768 2934 838 2997 haec
860 2934 988 3017 quidem
1010 2957 1109 2997 aava:
1133 2943 1166 2998 at
1187 2935 1243 2998 illa
1256 2957 1346 3015 roua,
1367 2945 1400 3000 et

297 3034 438 3117 portenti
472 3034 592 3114 similis,
623 3057 694 3119 quae
724 3038 828 3119 Reges
865 3037 951 3099 afflat
980 3045 1013 3100 et
1043 3039 1164 3120 Regna,
1195 3060 1266 3122 quae
1296 3047 1399 3120 tonat,

298 3135 448 3217 fulginat,
472 3137 659 3219 permiscetn
677 3138 895 3202 Christianum
917 3139 1055 3202 Orbem:
1079 3140 1309 3224 principesque,
1332 3163 1400 3205 non

298 3235 466 3300 dominatu
491 3239 603 3317 solum,
625 3238 680 3302 sed
706 3247 738 3302 et
761 3240 836 3318 vita,
860 3262 917 3324 per
939 3241 1127 3306 Emissarios
1149 3243 1246 3306 exuit.
1290 3244 1400 3306 Nam

296 3340 349 3403 hic
364 3341 446 3422 ipram
464 3341 633 3404 Vaticanus
647 3348 705 3417 est,
717 3364 783 3405 non
798 3343 1017 3431 Elementaris,
1030 3344 1085 3406 sed
1099 3345 1266 3409 nocentior
1280 3345 1385 3409 multo
1390 3371 1399 3424 ;

297 3451 330 3505 et
346 3465 450 3525 quem,
467 3452 541 3506 ante
557 3445 792 3507 Antichristum
809 3446 940 3524 editum,
956 3448 1089 3510 nescivit
1104 3448 1209 3511 Orbis.

330 3590 454 3639 Professio
475 3590 628 3639 obedientiae
646 3605 726 3653 neque
746 3591 773 3640 iu
793 3591 890 3651 dextra,
909 3607 990 3655 neque
1009 3594 1037 3642 in
1054 3594 1136 3643 fronte
1155 3595 1399 3660 accipitur-[Bell.

363 3672 436 3733 Apol.
449 3685 494 3733 pro
506 3669 591 3734 Resp]
608 3686 632 3734 p.
645 3674 699 3721 161.
719 3671 788 3736 [Op.‚
800 3677 860 3722 tom.
874 3673 917 3722 vii.
929 3675 975 3724 eol.
988 3675 1043 3726 795.
1055 3674 1098 3738 R]

136 3791 278 3870 [Deobedt
342 3777 525 3841 Charactcri
551 3780 694 3864 opponit,
718 3780 838 3862 primo:
873 3782 1050 3846 nonenim
1074 3783 1225 3864 Pontisea
1249 3783 1399 3865 cuiquam

133 3856 277 3985 {fflssffiffln'
297 3879 331 3940 ia
347 3877 457 3959 fronte
481 3881 629 3945 dextrave
652 3889 757 3945 aotam
782 3883 948 3968 imprimit.
994 3885 1078 3949 Vide
1095 3885 1231 3966 sroatec,
1250 3894 1400 3951 ‘scrutare

298 3983 427 4045 dextras
454 3985 708 4064 Pontificiortrm,
735 3986 844 4049 nullus
874 3987 1046 4051 character
1074 3989 1281 4072 comparebit.
1327 3990 1401 4053 Nec

298 4105 395 4165 opus:
430 4086 495 4152 Qui
520 4108 614 4150 manu
640 4089 735 4165 elata,
761 4110 888 4169 opereve
912 4091 1106 4174 exsequitur,
1132 4092 1161 4154 ei
1184 4112 1294 4153 mamm
1306 4117 1316 4164 ;
1345 4093 1401 4175 qui

297 4187 403 4269 palam
421 4186 531 4268 fronte
555 4188 638 4250 auda
664 4191 842 4272 profitetur,
868 4193 897 4255 ei
919 4195 1044 4275 sipacta
1061 4193 1155 4274 frona
1177 4202 1236 4258 est.
1280 4194 1401 4256 Mamm

299 4289 376 4371 agit,
395 4288 490 4370 from
513 4312 579 4373 prae
601 4312 634 4354 se
657 4293 739 4357 fert:
764 4295 818 4377 qui
843 4295 996 4359 audacter
1019 4297 1096 4379 agit,
1118 4297 1257 4360 fidenter
1277 4317 1344 4380 prae
1367 4318 1401 4360 se

332 4464 349 4489 ¹
360 4455 438 4520 [Vide
450 4458 528 4522 Apoc.
540 4459 596 4507 xiii.
612 4459 728 4522 12-17.]
766 4481 771 4488 ·
903 4470 914 4492 “
931 4463 1012 4527 [Cani.
1026 4465 1153 4531 Aristoph.
1166 4465 1277 4516 Acheru.
1289 4464 1356 4527 ool]
