2910 4926
463 287 646 336 urouoouu
667 286 851 336 uusroruo.
1146 269 1210 331 205

107 446 259 509 uitiorum
272 444 392 508 librum
407 467 537 523 novum,
547 445 598 509 vel
613 466 723 509 earum
738 452 865 529 partem
880 442 1054 507 secundam
1069 440 1159 505 brevi
1171 439 1211 503 ab

107 569 146 612 eo
161 548 401 633 expectandam.

141 683 268 734 Credibile
279 700 331 734 non
341 689 380 735 est
389 700 445 735 eam
456 686 625 735 ceremoniam
636 700 652 735 a
663 684 794 735 Catholicis
806 685 904 748 Regina
922 682 999 733 fuisse
1011 681 1212 746 prohibitam.-

174 766 249 830 [Bell.
260 769 334 830 Apol.
346 783 391 832 pro
403 768 491 832 Rern]
505 783 528 831 p.
540 769 579 819 76.
596 767 662 833 [Op.,
674 773 734 817 tom.
742 768 786 816 vii.
798 768 844 816 col.
857 767 913 818 747.
924 764 963 830 c]

153 876 204 939 De
221 877 345 940 Haeresi
365 877 542 941 etiamnum
557 877 669 940 haeret.
715 877 848 940 Certum
863 876 951 938 enim
966 873 1073 957 aliqua
1087 893 1212 949 nocere,
1228 876 1282 942 [Ne
1301 892 1332 928 ue

110 979 166 1062 qui
180 979 273 1043 nobis
284 982 354 1064 jam
365 981 468 1045 nodus
483 980 654 1044 solvendus
670 985 728 1042 est.
762 979 864 1043 Abest
876 979 964 1041 euim
980 999 999 1040 a
1014 978 1104 1060 Rege
1115 996 1212 1055 error,
1226 958 1285 1057 {3⁰
1276 958 1363 1056 11„ss

109 1082 160 1144 uti
174 1082 259 1146 bona
274 1104 347 1167 spes
362 1092 427 1148 est:
452 1084 507 1147 sed
523 1084 592 1147 sine
607 1083 706 1147 dubio
722 1082 813 1146 abest
833 1082 1017 1166 pertinacia.
1066 1080 1214 1144 Haeresin
1227 1071 1311 1136 ricus]

111 1185 152 1249 ab
167 1207 226 1250 ovo
241 1186 375 1266 orditur,
391 1186 544 1270 neglectu
559 1187 680 1250 scilicet
697 1187 789 1268 Spuli
805 1186 839 1248 in
854 1185 1032 1268 Baptismo.
1063 1184 1217 1246 Credibile

114 1290 278 1353 Cordiauli
303 1312 364 1353 aaa
386 1296 442 1369 esi,
461 1290 654 1371 prohibitam
685 1311 704 1352 a
731 1291 851 1371 Reyiao
877 1289 962 1369 sputi
991 1288 1217 1350 coronantem

112 1391 317 1475 antiquom&
341 1400 385 1472 at,
410 1413 481 1476 quae
500 1393 686 1456 introducta
704 1392 834 1455 demum
853 1398 911 1471 est,
927 1398 1098 1475 postquam
1113 1391 1216 1453 omnio

106 1497 400 1578 presumptionibus
414 1498 486 1578 jum
494 1498 592 1578 pleae
603 1508 615 1535 θ
625 1522 635 1559 .·
660 1519 724 1580 qua
738 1497 836 1559 etiam
851 1495 1047 1578 antiquiores
1062 1494 1167 1558 multo
1181 1495 1216 1558 in

114 1599 360 1664 desuetudinem
384 1600 543 1663 abierunt.
591 1600 640 1663 Sit
663 1621 747 1678 vero,
772 1621 869 1682 quam
890 1598 986 1676 volet,
1010 1597 1214 1676 incredulus;

114 1711 148 1766 at
174 1712 299 1767 certum
325 1712 435 1767 tamen
462 1711 521 1782 est,
548 1703 630 1784 Regi
652 1724 719 1766 non
740 1701 838 1765 semel
863 1702 1000 1764 relatum
1025 1701 1136 1780 abiis,
1163 1701 1217 1784 qui
1275 1702 1339 1762 154

115 1807 258 1870 Testium
270 1807 324 1890 jus
340 1806 425 1890 apud
440 1805 647 1869 Cardinalem
663 1804 794 1868 omnino
809 1803 952 1867 habituri
967 1810 1053 1867 sunt.

147 1942 236 2006 Neque
251 1957 338 1993 verum
356 1946 395 1993 est
411 1957 440 1992 ea
456 1942 597 1992 ceremonia
614 1942 720 1991 salivam
731 1940 869 2004 presbyteri
881 1940 909 1988 in
920 1954 948 1988 os
959 1940 1079 1990 infantuli
1091 1940 1217 2004 insoni·-

181 2025 258 2089 [Beil.
270 2026 345 2089 Apol.
357 2040 402 2088 pro
414 2023 498 2088 aaa]
509 2039 533 2088 p.
546 2025 560 2074 7
563 2027 585 2073 6,
600 2023 670 2089 [Op.,
683 2027 745 2072 tom.
755 2022 798 2071 vii.
811 2021 856 2071 col.
869 2021 924 2082 747,
937 2019 975 2085 0.]

158 2141 283 2204 Verum
306 2142 410 2222 impeti
429 2162 490 2203 noa
513 2141 590 2203 solet
613 2137 747 2220 iqfonlis
768 2141 826 2201 ori.
872 2138 925 2201 Ne
948 2137 1065 2216 soleat;
1089 2144 1122 2201 at
1144 2160 1217 2201 eum
1232 2142 1339 2257 qDeusc

114 2245 281 2307 tantillum
305 2244 388 2307 absit
414 2265 450 2307 os
466 2266 484 2306 a
498 2243 626 2306 narium
642 2242 854 2320 extremitate,
877 2247 1002 2324 poterat
1017 2241 1078 2305 hoc
1094 2243 1220 2326 Regina
1234 2209 1383 2338 Biffloq

116 2346 221 2411 dicere
229 2374 238 2425 ;
263 2347 342 2410 dixit
358 2368 494 2430 quoque.
526 2347 607 2412 Quae
622 2346 709 2408 euim
724 2345 809 2407 iilius
824 2344 921 2408 verba
934 2344 1066 2423 fuerint,
1082 2345 1220 2409 refertur

115 2450 171 2529 ibi,
187 2473 255 2514 non
270 2450 346 2533 quid
361 2451 430 2513 fieri
451 2451 552 2513 soleat
570 2450 605 2512 in
624 2449 814 2512 ceremonia.
861 2448 1007 2512 Christus
1026 2456 1144 2528 autem,
1160 2471 1220 2514 nec

116 2555 248 2619 naribus
263 2555 388 2635 Epirota
407 2554 497 2631 dixit,
520 2574 624 2638 neque
644 2574 719 2616 vero
742 2551 882 2629 auribus,
898 2551 933 2615 in
948 2552 1134 2635 Baptismo:
1159 2575 1220 2617 nec

116 2658 178 2721 nisi
193 2658 227 2720 in
243 2679 320 2721 cura
334 2657 508 2732 surdastri;
533 2678 569 2719 ac
585 2677 642 2740 per
658 2656 729 2735 hoc,
746 2655 906 2733 sanandis,
924 2676 990 2719 nou
1007 2656 1218 2739 baptizandis,

117 2762 297 2825 ceremonia
311 2761 381 2823 haec
405 2782 423 2822 a
440 2759 528 2823 vobis
543 2759 648 2822 suerat
663 2759 860 2843 applicanda.
905 2759 954 2821 Ea
966 2760 1014 2841 (ut
1031 2761 1219 2824 Sacerdotes

116 2885 204 2928 nunc
219 2864 308 2946 sunt)
328 2864 516 2942 ceremonia,
532 2862 639 2926 nescio
655 2884 749 2945 quam
767 2869 887 2940 sancta,
903 2869 990 2925 certe
1004 2884 1119 2946 parum
1134 2864 1219 2926 salu-

116 2968 193 3032 bris.
228 2967 280 3031 Ad
296 2988 392 3049 quam
406 2974 516 3030 tamen
531 2965 878 3050 quorsum'Cardiualis
892 2974 1019 3029 revocat
1034 2987 1143 3029 vocem
1159 2988 1220 3029 aon

116 3075 290 3154 tropeam?
334 3072 365 3134 A
379 3073 505 3152 rupeis
518 3072 711 3133 Jesuilarum
731 3069 924 3152 doymotibus
946 3070 1089 3134 Matrem
1104 3070 1218 3134 abhor-

117 3197 188 3240 rere
203 3175 283 3238 dixit
293 3172 311 3238 f.
344 3176 389 3238 At
406 3176 537 3256 Sputum
555 3175 672 3258 (credo)
691 3175 862 3236 ceunomo
878 3179 936 3252 est,
952 3174 1063 3256 doymo
1077 3195 1143 3237 non
1159 3182 1221 3247 est,

151 3312 215 3361 Dico
223 3326 274 3361 non
283 3310 366 3360 deamo
377 3310 444 3374 apud
455 3325 507 3369 nos,
516 3311 559 3372 qui
567 3309 643 3372 Regis
656 3309 764 3369 Patrem,
774 3315 801 3358 et
813 3308 929 3369 Matrem,
940 3308 1043 3358 fortasse
1051 3310 1127 3360 etiam
1135 3309 1221 3359 Arum

183 3394 318 3443 Paternum
326 3392 452 3449 uiderunt,
459 3392 552 3454 quique
563 3406 608 3454 pro
615 3394 742 3454 comperto
752 3390 844 3440 habere
856 3405 882 3440 se
893 3389 987 3450 dicant,
994 3390 1094 3440 Patrem
1103 3395 1130 3440 et
1138 3393 1221 3441 Arum

184 3474 261 3536 Regis
277 3474 351 3523 luisse
369 3472 627 3536 (lethonem-[Bell.
642 3472 717 3536 Apol.
729 3486 774 3535 pro
785 3470 871 3535 Rern]
884 3486 908 3535 p.
918 3472 958 3522 76.
979 3471 1037 3537 [Op.
1047 3476 1108 3522 tom.
1120 3473 1162 3522 vii.
1175 3473 1221 3522 col.

185 3557 241 3607 747.
254 3554 295 3618 0.]

164 3656 215 3719 De
229 3655 326 3718 Patre
343 3654 440 3738 Regis
456 3675 516 3716 nou
541 3655 641 3716 deesse
663 3654 767 3715 Romo
789 3651 877 3731 dicit,
900 3653 963 3734 qui,
984 3675 1046 3735 pro
1070 3662 1222 3737 conquerto
1236 3660 1334 3726 [Cujus

120 3760 233 3822 Moero
254 3779 287 3821 se
309 3760 425 3835 dicuni,
450 3759 641 3821 catholicam
654 3755 766 3837 fuisse.
812 3758 890 3820 Non
910 3757 1003 3834 forte,
1026 3758 1080 3842 qui
1103 3759 1220 3838 dicant,
1234 3723 1378 3854 {iffiiiiess

120 3861 176 3925 sed
203 3883 282 3944 quos
309 3861 488 3926 Cardiualis
508 3882 570 3942 pro
592 3867 744 3941 comperto
771 3861 892 3939 habeat,
914 3883 989 3925 vera
1011 3884 1079 3926 non
1105 3864 1220 3929 dicere.
1234 3857 1287 3906 rint
1300 3855 1374 3905 m*

23 4036 36 4053 ⁰
122 3964 267 4027 Decessit
288 3964 344 4027 ille
365 3962 505 4046 quidem,
525 3968 620 4026 aetatc
635 3961 739 4024 adhuc
754 3961 936 4040 immatura,
951 3969 989 4026 ut
1004 3985 1064 4027 nec
1078 3986 1136 4048 per
1151 3987 1220 4029 eam
1234 3922 1343 4050 {tegeris

121 4068 156 4129 ia
170 4069 269 4129 ullum
284 4068 404 4146 ducem,
422 4074 477 4129 aut
487 4066 647 4149 judicium
662 4065 745 4129 ferre
761 4067 912 4149 potuerit,
929 4066 969 4130 de
984 4067 1079 4130 rebus
1095 4075 1222 4133 contro·

122 4172 231 4235 versis.
276 4174 322 4235 At
346 4171 442 4246 enim,
460 4171 637 4234 etiamnum
659 4170 695 4233 in
709 4171 796 4233 Aula
813 4172 911 4253 Regis
934 4173 1123 4256 superstites
1142 4194 1223 4236 non-

159 4390 169 4413 *
193 4382 263 4432 Cani.
274 4382 347 4431 Praei.
361 4381 452 4431 Monit.
482 4380 553 4444 .45.]
734 4389 744 4412 ‘
761 4381 795 4446 [S.
808 4383 874 4445 Aug.
894 4381 940 4445 Ep.
952 4383 987 4433 lv.
1007 4383 1068 4432 Bon.
1091 4383 1132 4443 (al.
1146 4383 1224 4444 cxix.)

157 4446 168 4477 ‘¹
197 4447 462 4510 “Antiquissimum''
516 4445 545 4495 ln
573 4461 653 4509 marg.
699 4446 767 4511 §aa
782 4448 836 4510 Op.¹
849 4455 910 4496 tom.
922 4448 949 4497 ii.
961 4447 1007 4498 col.
1021 4450 1076 4496 212.
1088 4447 1128 4511 B.]

124 4510 201 4577 [Bell.
219 4512 274 4577 Op,
286 4517 347 4562 tom.
359 4512 403 4562 vii.
415 4512 461 4561 col.
474 4510 529 4562 747.
543 4509 583 4574 B.]
735 4511 742 4542 ¹
756 4512 856 4561 Proelat.
869 4511 962 4562 Monit.
973 4527 999 4577 q.
1010 4515 1050 4562 liti.
1061 4510 1100 4575 iq.
1110 4510 1168 4575 iii
