2910 4926
281 260 345 324 176
596 276 640 324 ln
661 275 853 325 eunomius
873 276 1073 325 sumnum

311 431 350 481 Ac
360 430 414 493 ubi,
424 446 519 496 queso,
528 431 716 495 expositionem
726 431 800 481 iilum
811 435 865 481 ism
876 431 1016 493 incivilem,
1032 436 1060 481 ei
1070 431 1265 483 inverecundum
1276 433 1304 482 in
1315 432 1384 482 libro

345 512 494 563 Bellsrmini
505 512 611 564 vidistit
642 514 704 564 Nou
713 514 795 576 igitur
804 514 859 577 ipse
868 513 969 563 affinxit
979 528 1080 563 sensum
1096 513 1171 563 iilum
1182 512 1279 563 Christi
1290 514 1384 573 verbis,

272 598 275 603 '
345 595 463 646 ...sed
479 597 603 660 interpres
619 601 686 657 tuus,
703 611 718 646 o
734 596 797 656 Rex,
813 596 968 647 Belinrmiuo
983 610 1042 646 cum
1059 610 1160 646 sensum
1170 596 1383 659 sineullnspecie

345 677 577 728 verisimilitudinis
594 677 816 742 effinxit—[Bell.
828 678 903 742 Apol
916 691 963 742 pro
979 676 1067 741 Resp]
1084 691 1109 742 p.
1122 680 1162 727 oti.
1178 676 1248 742 [0p,
1264 682 1325 728 tom.
1336 676 1384 727 rii.

344 757 516 823 opimat]

117 875 258 991 pomum
325 856 539 941 Nusquumne
562 866 671 922 sutem
688 857 795 921 videet
819 858 890 941 quis
913 857 1000 940 apud
1023 857 1269 936 Bellarminum,
1283 855 1382 920 verbs

139 939 237 991 ΨΜ
281 958 346 1039 illu,
361 960 464 1024 Posce
484 981 564 1039 occe,
587 982 684 1025 sensu
705 961 770 1040 ilio,
786 961 899 1023 abdico
913 961 1038 1043 Repes?
1083 961 1145 1025 cui
1166 961 1215 1024 rei
1236 981 1314 1043 ergo
1335 958 1382 1023 ibi

117 1008 269 1145 m
282 1064 381 1127 suut?
405 1085 557 1146 quorsum
579 1064 683 1143 effert,
697 1063 755 1128 ubi
769 1063 810 1127 de
823 1071 983 1146 potestate
1005 1065 1075 1147 ejus
1097 1063 1138 1126 ad
1161 1065 1268 1146 Reges
1288 1061 1381 1127 abdi-

116 1148 257 1262 ffl'm*
281 1166 401 1229 onudos
423 1167 587 1249 quaeritur,
603 1167 631 1230 si
646 1168 707 1231 hoc
721 1188 817 1231 sensu
832 1188 899 1230 nou
915 1165 1053 1230 efferati
1099 1166 1163 1230 Sed
1177 1187 1381 1251 nusquamne

280 1277 391 1332 tumen
413 1268 519 1333 videat
541 1269 638 1352 quisi
683 1272 729 1334 At
746 1269 852 1333 videet
870 1270 1035 1350 Principes
1054 1289 1125 1331 oces
1145 1281 1244 1347 esset,
1260 1268 1381 1332 Vident

273 1391 417 1452 pascere,
439 1374 526 1455 repio
554 1393 639 1436 more
670 1373 857 1454 imperaret
907 1372 1014 1455 Reges
1043 1380 1154 1435 sutem
1182 1371 1381 1454 proscribere

279 1480 424 1557 possunt,
454 1473 522 1558 (ubi
543 1474 579 1538 id
600 1475 648 1538 ita
671 1475 824 1558 expedit)
852 1482 886 1538 et
910 1474 1059 1538 abdicare
1083 1473 1239 1538 subditos.
1287 1475 1377 1539 Nus·

279 1598 419 1660 quamne
433 1586 537 1642 exstat
552 1579 614 1643 hoc
628 1579 664 1641 in
678 1578 768 1643 libris
784 1579 878 1663 ejus?
923 1580 970 1642 At
983 1578 1039 1642 lib.
1056 1578 1097 1642 dc
1112 1577 1234 1642 Pontis.
1248 1578 1292 1641 V.
1313 1578 1380 1642 tale

279 1680 374 1765 quid:
398 1683 547 1766 Pontifici
558 1683 665 1746 delum
672 1680 861 1764 facultatem
876 1703 993 1745 omnem
1003 1683 1133 1746 Pastori
1147 1683 1381 1746 necessariom⁸.

278 1785 372 1848 Inter
387 1807 441 1850 ees
456 1808 541 1865 vero,
557 1808 629 1870 quae
644 1787 769 1850 Pastori
784 1786 971 1850 necessariae
986 1792 1062 1848 sunt
1084 1785 1264 1863 facultates,
1279 1784 1380 1848 iscul-

277 1895 380 1951 tstem
395 1910 465 1953 esse
480 1890 609 1953 arcendi
620 1890 717 1971 lupos,
733 1889 779 1971 (id
794 1890 855 1972 est)
865 1889 1018 1970 privandi
1029 1889 1164 1952 dominio
1178 1889 1213 1950 iu
1222 1887 1378 1951 subditos:

277 2012 338 2055 nec
360 1993 448 2075 lupos
471 1993 576 2057 solum
599 1994 738 2071 uremidi,
754 1993 812 2057 sed
836 2001 869 2056 et
891 1995 1005 2056 arieles
1028 1993 1217 2071 recludendi,
1232 1998 1329 2075 atque
1343 1991 1379 2055 id

277 2093 376 2156 etium
397 2102 459 2173 est,
482 2095 590 2178 regnis
611 2095 767 2179 privandi.
811 2096 983 2177 Deponere,
1001 2116 1062 2158 non
1084 2097 1227 2173 tolerare,
1247 2096 1380 2176 privare

277 2196 422 2276 mnu,
438 2205 569 2262 exstant
584 2199 650 2263 ibi:
674 2200 791 2277 tollere,
810 2199 1020 2280 proscribere,
1036 2199 1195 2274 abdicere,
1212 2197 1289 2280 quid
1304 2205 1389 2261 tan··

276 2298 351 2363 dem
379 2300 545 2364 interest?
600 2302 733 2385 Reperit
761 2322 839 2384 ergo
866 2322 989 2364 sessum
1014 2303 1095 2364 lunc
1123 2303 1158 2363 iu
1187 2301 1276 2364 libris
1304 2303 1377 2380 luis,

275 2403 434 2485 Interpres
448 2405 543 2487 Regis
558 2426 575 2468 o
590 2406 791 2468 Bellominc.
836 2405 941 2484 Certe,
957 2407 1025 2468 eine
1049 2406 1150 2487 specie
1172 2406 1278 2488 aliquo
1300 2408 1376 2485 ocri,

274 2507 508 2570 similitudinem
529 2529 591 2570 nou
610 2509 742 2591 affinxit.
789 2508 925 2572 Utinam
938 2529 1014 2573 vero
1035 2514 1069 2572 te
1091 2529 1205 2572 sensus
1219 2508 1288 2592 ejus
1303 2515 1378 2572 teu-

276 2607 349 2672 dem
364 2609 498 2692 puderet
515 2611 607 2675 serio.

308 2745 399 2809 Neque
416 2782 423 2796 .
439 2783 446 2796 .
464 2784 472 2797 .
489 2746 658 2798 Belinrminus
669 2764 780 2813 unquam
792 2750 894 2799 Putrem
905 2749 1057 2800 Christisnae
1068 2749 1150 2813 piebis
1166 2786 1172 2798 .
1191 2786 1197 2799 .
1214 2785 1221 2798 .
1238 2748 1267 2797 iu
1279 2748 1376 2812 Osligu·

340 2828 399 2887 lum,
407 2834 452 2879 sut
460 2829 596 2891 Neronem,
602 2837 647 2881 nui
654 2832 805 2895 Dionysium
815 2831 997 2895 Syracusanum
1009 2830 1291 2897 eommutavit—[Bell.
1300 2832 1377 2895 Apol.

339 2924 385 2973 pro
396 2910 481 2975 Resp]
492 2927 517 2975 p.
528 2916 566 2963 56.
579 2913 647 2978 [Op.,
657 2920 719 2963 tom
728 2914 772 2963 vii.
783 2915 831 2964 col.
840 2914 895 2965 736.
908 2912 951 2978 A]

111 3021 240 3088 [Pontifex
318 3011 373 3087 At,
391 3031 487 3093 quam
502 3011 611 3076 subito
625 3013 735 3076 mitis!
762 3014 893 3076 Patrem
911 3013 1097 3076 Christiane
1111 3014 1222 3094 plebis,
1240 3014 1274 3075 in
1291 3014 1375 3075 Coli-

109 3102 203 3202 affl
271 3112 388 3193 pulum,
404 3113 568 3191 Neronem,
585 3122 640 3177 aut
655 3117 840 3196 Dionysium
855 3117 1096 3197 Syracusanum,
1119 3137 1274 3197 veroquam
1293 3136 1375 3178 coni-

108 3215 202 3280 ΡΜ]
274 3217 416 3280 mutarit.
451 3218 517 3282 Cur
528 3239 614 3301 ergo,
627 3239 665 3282 eo
679 3218 759 3297 loco,
770 3220 885 3282 Patres
896 3220 1081 3281 Christiane
1089 3220 1192 3300 plebis
1205 3229 1372 3298 memoret,

275 3318 466 3402 Gregorium
481 3321 574 3399 Vll,
596 3322 805 3386 Innocentios
826 3322 905 3399 111,
929 3329 962 3386 et
984 3323 1057 3400 IV,
1081 3323 1282 3386 Clementem
1300 3323 1373 3401 vl„

305 3463 410 3529 Ι[ΒΘΗ.
432 3466 507 3530 Apol,
530 3481 576 3529 pro
598 3465 687 3530 Resp]
716 3482 740 3530 p.
761 3469 801 3516 26.
846 3470 923 3515 tcslss
944 3466 1038 3529 triplex
1051 3482 1058 3525 ς
1085 3466 1216 3524 nimirum,
1234 3465 1292 3516 Uos
1307 3468 1374 3518 cim

274 3529 665 3661 [lwelslssilffli
685 3595 744 3645 011
769 3595 802 3646 u
845 3531 966 3658 litii
980 3533 1374 3653 iiieffiicimllliiffliclli

272 3658 331 3707 init
344 3660 400 3722 Op,
412 3664 473 3709 torn.
487 3660 503 3708 i.
846 3660 946 3722 quando
957 3661 1074 3709 cornibus
1085 3659 1180 3709 laedent
1190 3675 1302 3722 gregem,
1318 3675 1372 3724 pos·

307 3722 457 3786 ·[“'l'erlis
477 3724 549 3783 rstio,
569 3739 621 3773 nou
643 3724 704 3774 iicet
720 3724 802 3774 Chris
845 3726 880 3773 sii
899 3740 942 3774 eos
962 3724 1097 3784 recludere,
1125 3729 1151 3773 ei
1178 3724 1317 3793 prohibere,
1340 3739 1373 3775 ne

273 3786 351 3835 tisnis
368 3786 474 3837 tolerare
491 3787 584 3850 Regem
604 3789 740 3847 infidelem,
757 3793 802 3838 cui
844 3803 947 3851 gregem
973 3788 1079 3838 ulterius
1095 3789 1246 3852 praecedunt
1264 3824 1371 3839 .....

272 3850 429 3900 hereticum.
446 3888 453 3900 .
473 3886 478 3898 .
495 3887 502 3900 .
520 3854 557 3900 As
568 3851 691 3914 judicare,
702 3868 735 3901 un
747 3853 800 3902 Rex
844 3854 871 3903 Si
888 3868 948 3915 ergo
966 3852 1086 3917 Princeps
1103 3853 1195 3916 uliquis
1216 3868 1309 3903 exose
1327 3860 1372 3905 aui

273 3915 403 3978 pertrahet
413 3915 445 3965 od
456 3915 580 3976 heresim,
592 3931 677 3977 necno,
690 3919 802 3979 pertinet
843 3918 920 3967 ariete
936 3918 982 3967 lint
993 3918 1075 3981 lupus,
1087 3918 1114 3968 id
1125 3922 1171 3976 est,
1182 3932 1214 3967 ex
1227 3918 1372 3969 Christiano

273 3977 307 4028 nd
320 3979 468 4029 Pontificem
469 4015 573 4031 .....
592 3981 658 4045 Ergo
671 3982 801 4031 Pontificis
843 3984 888 4031 fiat
898 3982 1039 4041 haereticus,
1050 3984 1144 4045 poterit
1155 3988 1239 4045 postor
1251 3981 1370 4032 Ecclesiae

274 4048 313 4092 cest
320 4043 434 4106 judicare
446 4045 539 4106 Regem
551 4061 603 4096 esse
614 4046 799 4110 deponendum,
842 4061 900 4096 eum
917 4062 1000 4097 arcere
1017 4062 1061 4110 per
1077 4048 1370 4108 excommunicationem,

274 4108 314 4157 vei
336 4123 388 4158 uon
410 4108 586 4172 deponendum
587 4147 690 4161 .....
842 4118 869 4161 et
889 4112 966 4161 simul
983 4111 1073 4174 jubcre
1088 4112 1188 4175 populo.
1210 4126 1242 4169 ne
1260 4126 1318 4161 eum
1336 4128 1371 4161 se-

307 4172 402 4231 Quiutn
423 4176 495 4235 milo,
518 4174 582 4225 Cum
605 4176 680 4225 Petro
701 4175 799 4225 dicium
842 4181 959 4238 quantur,
990 4191 1019 4225 sc
1070 4177 1157 4226 roinde
1185 4178 1283 4239 prirsre
1311 4192 1369 4227 eum

274 4243 320 4297 esi,
339 4237 420 4287 Pasce
438 4255 501 4299 ores,
518 4239 599 4300 (Josu
617 4241 663 4290 ull.
685 4240 717 4305 [v.
738 4239 798 4303 16.])
842 4241 955 4289 dominio
963 4242 990 4289 in
998 4255 1026 4289 su
1063 4242 1118 4289 ilos.
1137 4240 1253 4289 Alterum
1261 4256 1319 4290 vero
1327 4243 1370 4301 sit,

273 4302 333 4352 dsle
350 4308 388 4352 ost
405 4303 444 4353 iili
464 4305 570 4354 {sonitus
586 4306 676 4365 omnis,
688 4320 744 4367 qum
760 4311 800 4354 esi
842 4310 925 4367 potest
941 4312 1032 4368 pastor,
1044 4307 1101 4354 ω
1115 4310 1144 4355 ul.
1161 4321 1243 4367 supm,
1255 4312 1307 4355 not.
1317 4305 1370 4355 ¹¹.—

271 4368 367 4429 pastori
389 4371 527 4419 necessaris
551 4369 583 4418 nd
607 4384 709 4432 gregem
730 4376 799 4419 tuen·
843 4370 905 4418 licii.
924 4368 955 4419 de
971 4370 1041 4419 Rom.
1060 4370 1152 4418 Pontii.
1167 4370 1211 4418 lib.
1230 4369 1263 4434 iz]
1281 4386 1308 4418 cs
1328 4373 1369 4422 ,7.

270 4430 341 4482 dum.
374 4433 411 4482 At
432 4434 527 4498 pastori
548 4436 686 4484 umeris
704 4439 742 4484 est
758 4448 799 4497 po
842 4434 908 4499 [Op.,
918 4439 979 4484 tom.
989 4436 1006 4484 i.
1015 4450 1059 4499 pp.
1069 4437 1124 4485 235.
1137 4434 1228 4486 Hit.
1238 4438 1270 4485 A.
1280 4386 1327 4499 Bi
