2910 4926
384 1056 437 1117 An
460 1055 570 1118 carun
591 1053 918 1130 Dncnruuoulnruu.
946 1097 955 1125 ,

103 1269 238 1320 Excutitur
254 1273 378 1335 peroratio
389 1272 472 1336 Regia
477 1271 580 1338 -[Bell.
593 1273 667 1335 Apol.
679 1244 726 1336 pri
735 1271 809 1336 Beap.
829 1272 886 1335 Op,
903 1276 964 1322 tom.
974 1271 1017 1321 vii.
1035 1270 1081 1320 col.
1094 1271 1149 1320 806.
1164 1266 1203 1332 0.]

414 1385 603 1467 Defenditur
610 1388 771 1468 peroratio
787 1386 892 1468 Rapio.

527 1629 776 1637 ——.--.——.

137 1792 262 1841 Videtur.
276 1828 282 1839 .
295 1792 447 1856 (admonitio
457 1794 512 1858 illa)
523 1794 601 1844 auena
613 1793 758 1856 Evangeliia
769 1807 870 1858 protana
887 1806 940 1842 erre
954 1790 1088 1841 contraria
1122 1790 1204 1840 chria

169 1879 211 1923 tna
231 1875 300 1923 enim
320 1876 348 1923 in
367 1875 505 1937 Evangelio
523 1890 647 1938 nmquam
664 1875 793 1939 Principes
815 1873 901 1924 areeuli
922 1872 1038 1923 Vioarioa
1059 1887 1117 1923 auor
1136 1873 1204 1932 feeit,

169 1971 292 2019 nusquam
302 1956 355 2006 illia
361 1956 466 2007 mandat
472 1957 603 2020 Evangelii
612 1958 803 2021 plantationem,
810 1957 850 2006 vel
859 1956 1074 2020 propagationem,
1081 1969 1205 2018 nmquam

170 2037 312 2087 libertatem
323 2039 480 2102 spiritualem
491 2053 549 2088 oum
560 2039 694 2102 temporali
705 2039 847 2103 conjungit,
858 2043 888 2087 nt
899 2073 906 2086 .
918 2073 923 2086 .
936 2075 941 2085 .
954 2037 1081 2100 principer
1091 2036 1165 2085 liberi
1177 2036 1205 2085 in

169 2120 357 2182 temporalibus,
375 2119 449 2169 liberi
464 2121 517 2170 rint
527 2121 604 2170 etiam
618 2120 646 2170 in
663 2120 959 2185 apellatione-[Bell.
973 2120 1047 2182 Apol.
1059 2133 1105 2183 pro
1115 2117 1203 2183 Resp]

169 2213 193 2261 p.
208 2201 262 2249 182.
276 2199 345 2263 [Op.,
356 2203 417 2249 tom.
429 2201 474 2250 rii.
485 2200 530 2250 eol.
543 2201 599 2253 807.
611 2199 653 2265 rt]
1105 2205 1107 2209 ’

149 2317 304 2378 Perorure
325 2316 407 2399 Regi
428 2317 531 2379 visum
551 2317 592 2380 ad
615 2317 787 2400 Principes,
803 2316 843 2380 de
857 2336 1006 2380 concessa
1026 2315 1072 2378 eia
1093 2336 1112 2377 a
1134 2314 1204 2379 Deo
1219 2327 1313 2441 plegae

1244 2393 1250 2404 e
1296 2392 1312 2404 aa

105 2419 253 2483 libertate
268 2419 302 2482 in
317 2439 486 2485 commune
501 2420 700 2485 vindicanda.
736 2419 813 2498 Ubi,-
830 2419 870 2483 de
884 2419 1050 2501 Evaapelii
1064 2418 1204 2502 primum
1217 2405 1359 2521 effla]

98 2524 334 2605 propapatioaa
355 2531 508 2607 tanquam
523 2525 584 2587 Dei
604 2525 754 2603 aecanos,
777 2524 926 2588 hortatur
951 2524 1032 2586 aerio
1052 2522 1203 2606 cogitare.

106 2627 149 2688 Et
163 2627 286 2689 nihilne
300 2636 449 2710 praestare
464 2636 615 2692 tenentur
639 2629 744 2711 Reges
764 2628 804 2690 ad
822 2628 1081 2710 propopotioaem
1095 2626 1204 2690 Evan-

102 2732 204 2812 peb'a'?
247 2731 413 2795 Reclamat
436 2732 623 2810 Cardinnlis,
650 2733 759 2795 Suerie
786 2730 969 2813 Evanpelie
999 2731 1200 2793 contrarium.

106 2832 269 2914 Nusquam
284 2835 364 2896 enim
379 2836 412 2897 ia
426 2835 596 2918 Evonpelio
611 2835 711 2916 Repea
731 2834 884 2917 appellari
904 2833 1046 2896 Vocarios
1064 2833 1204 2895 carati.-

106 2957 257 3017 aaaqaam
280 2937 425 3000 mandari
448 2939 513 3001 illie
532 2938 698 3021 Evaapeb'i
715 2938 983 3019 propopotioaem,
1006 2957 1158 3017 nusquam
1171 2943 1208 2999 at

106 3038 278 3103 [limatam
301 3042 494 3122 matruelem
517 3061 585 3104 eum
607 3040 769 3121 temporali
794 3040 1002 3120 conjungant:
1031 3043 1076 3116 at,
1098 3039 1152 3120 qui
1173 3040 1208 3100 ia

107 3144 325 3224 temperatione
349 3151 430 3220 aunt,
457 3145 490 3206 ia
510 3142 726 3225 spiritualibus
751 3163 869 3224 quoque
894 3143 957 3204 aiat
982 3142 1080 3204 liberi.
1127 3141 1205 3220 Ubi,

106 3247 214 3331 inepte
229 3246 415 3330 primorem
430 3256 555 3311 revocat
571 3247 612 3309 ad
626 3246 810 3328 Evangelia,
826 3244 1008 3328 Evangeliia
1023 3244 1098 3327 ipsis
1112 3244 1208 3328 longe
1264 3245 1324 3305 321

108 3350 336 3432 antiquiorem:
353 3349 412 3412 sub
427 3349 514 3432 Lege
528 3348 681 3431 (seilicet)
695 3355 728 3411 et
738 3348 915 3431 Prophetis,
932 3346 988 3411 diu
1002 3355 1077 3412 ante
1093 3348 1210 3432 scripta

107 3451 290 3533 Evangelia,
306 3452 469 3515 sancitam
517 3450 659 3535 Regibus
682 3451 778 3530 enim,
795 3459 827 3515 et
841 3451 930 3514 tituli
945 3452 1022 3529 dati,
1039 3459 1072 3515 et
1091 3474 1210 3516 munus

108 3553 285 3632 definitum,
317 3555 419 3618 multo
451 3561 525 3619 ante
555 3576 651 3638 quam
676 3554 851 3638 Evangelia
880 3554 1102 3619 scriberentur.
1151 3556 1209 3634 Ut,

108 3657 236 3722 tametsi
250 3665 401 3721 neutrum
416 3666 519 3722 exstet
533 3659 568 3722 in
583 3659 768 3743 Evangelia
781 3667 906 3723 constet
920 3668 1046 3724 tamen:
1070 3661 1209 3725 multum

108 3770 216 3824 antem
231 3760 323 3837 absit,
338 3768 374 3823 ut
392 3761 486 3843 (quod
499 3762 678 3825 cardinalia
693 3762 749 3844 ait)
767 3762 940 3845 Evangelio
955 3765 998 3827 sit
1009 3766 1209 3827 contrariam.

108 3863 207 3927 Aliud
230 3864 326 3942 enim,
342 3864 376 3925 ia
390 3863 563 3946 Eneapelio
586 3887 647 3929 aaa
669 3887 753 3939 eeae;
778 3866 874 3944 alind,
890 3867 1063 3948 Evoapelio
1086 3874 1209 3930 coatra-

108 3969 190 4029 rr’um
215 3988 289 4030 eoae.
335 3967 501 4030 Permulta
529 3969 564 4031 in
589 3970 703 4033 Veteri
732 3971 938 4033 Testamento
967 3977 1053 4048 sunt,
1077 3992 1147 4053 quae
1175 3970 1210 4030 in

109 4070 290 4152 Evangeliis
313 4092 379 4134 non
402 4072 550 4154 reperias,
566 4093 626 4136 nec
642 4072 698 4136 illa
712 4082 822 4136 tamen
837 4060 1020 4154 Evunpeliie
1040 4073 1210 4135 contrario.

110 4175 213 4256 Legae
242 4175 276 4236 in
303 4175 401 4257 Lege,
432 4176 546 4250 Deam,
577 4197 692 4259 nempe
721 4176 823 4239 vicem
854 4176 918 4240 Dei
944 4182 1101 4258 gerentes,
1125 4175 1213 4256 legas

113 4277 253 4338 Christos
278 4275 431 4340 Dominib
456 4286 489 4340 et
515 4279 666 4341 Poatorer
692 4280 810 4360 populi.
857 4279 929 4342 Nee
960 4276 1122 4360 abrogavit
1149 4277 1213 4341 illis

142 4433 152 4454 ¹
169 4425 218 4489 [l‘a
231 4426 322 4475 lxxxii.
336 4426 372 4489 a]
720 4426 731 4457 l
748 4427 772 4492 [l
786 4429 852 4479 Sam
865 4429 906 4479 tal.
916 4427 987 4490 Reg.)
1000 4428 1068 4477 xxiv.
1081 4428 1115 4492 6.]
