2910 4926
443 307 626 356 aroroonn
647 307 830 357 aaaronsio.
1122 295 1184 356 341

80 460 123 526 in
148 468 234 525 statu
259 463 404 527 merendi
428 463 503 543 sint,
523 465 646 548 (utpote
670 465 821 530 mortales
845 470 878 528 et
900 464 1047 544 viatores)
1072 485 1115 528 ne
1129 486 1187 548 per

88 571 137 628 tot
153 586 312 630 annorum
327 573 396 630 tam
411 567 565 631 diuturna
582 569 697 631 saecula
719 569 910 632 meritorum
924 568 972 631 vis
986 567 1049 631 illis
1064 577 1186 633 crescat

87 667 123 731 in
147 668 311 732 infinitum
322 694 331 746 ς
364 678 401 733 ut
428 671 478 733 vel
504 673 543 735 B.
556 671 726 754 Virginem
750 670 873 734 meritis
897 671 995 754 longo
1016 670 1186 735 intervallo

88 770 269 854 superent¹z
294 771 356 835 nisi
377 773 404 835 si
427 773 556 837 illorum
579 775 705 851 merita,
729 795 912 858 quanquam
934 780 1065 838 extensa
1081 773 1184 854 valde,

86 875 215 938 rarioris
238 882 348 939 tamen
373 885 544 940 contextus
570 878 656 941 sint:
680 885 713 940 at
735 878 774 941 B.
787 878 932 961 Virginis
955 883 1023 942 tam
1044 878 1183 957 intensa,

88 985 184 1061 atque
203 978 310 1057 densa,
327 986 374 1058 ut,
391 981 418 1043 si
433 982 594 1060 rarefiant,
611 981 660 1044 vel
674 981 800 1045 Enochi
815 987 883 1044 tam
905 981 940 1044 in
961 982 1095 1064 longum
1110 1003 1184 1065 pro·

87 1088 191 1146 tracta
205 1084 321 1147 merita
336 1105 500 1168 exaequare
515 1084 649 1168 possint,
666 1085 809 1168 adeoque
825 1085 923 1149 etiam
937 1084 1099 1149 excedere.

119 1216 161 1267 Ne
177 1223 262 1268 minen
278 1219 464 1271 nihilomnino
481 1220 599 1271 adversas
615 1219 681 1270 hanc
695 1218 804 1269 haersdn
818 1218 938 1279 dicamus,
953 1233 1032 1283 pauca
1048 1217 1080 1269 de
1096 1219 1185 1269 mullis

150 1298 309 1350 adducemus.
323 1300 395 1351 Joan.
408 1302 478 1351 xiv..
496 1339 502 1351 .
518 1338 524 1351 .
542 1301 629 1351 ‘Vada
646 1315 732 1364 parare
749 1300 820 1350 robis
837 1301 936 1360 locom,'
946 1301 1007 1350 dte..
1026 1336 1032 1350 .
1048 1337 1055 1350 .
1069 1299 1134 1349 Heb.
1150 1301 1184 1350 vi.

151 1379 307 1431 ‘Praecursor
324 1397 369 1445 pro
386 1382 460 1433 nobis
477 1383 626 1432 introirit'.
645 1417 651 1430 .
670 1417 676 1429 .
693 1381 760 1431 Hab.
772 1381 808 1431 ix.
827 1418 833 1430 .
850 1417 857 1431 .
873 1380 1011 1433 ‘Nondum
1025 1380 1183 1445 propalatam

151 1476 204 1512 esse
220 1463 370 1513 Sanctorum
386 1465 511 1515 riam.'—
522 1465 596 1531 [Bell.
608 1464 682 1528 Apol.
694 1479 740 1527 pro
757 1463 842 1530 Resp]
859 1478 884 1528 p.
897 1464 952 1514 142.
978 1462 1045 1528 [Op.,
1063 1468 1125 1513 tom.
1138 1463 1182 1513 vil.

151 1542 360 1608 mwdm

133 1642 180 1705 At
206 1645 287 1706 altit
311 1644 370 1709 sibi
395 1645 565 1728 quicquam
590 1646 707 1708 dictae
732 1645 860 1708 videtur
889 1642 1080 1723 Cardinalis,
1105 1643 1182 1707 dum
1195 1658 1306 1776 phocae.

86 1744 188 1808 haeret
210 1745 246 1808 in
265 1747 426 1824 Putridae,
442 1768 578 1830 quorum
600 1768 695 1811 nemo
718 1746 801 1811 forte
821 1746 991 1810 Enochum
1006 1744 1055 1809 vel
1076 1745 1182 1809 Eliam
1195 1731 1333 1840 dgnffiff

85 1848 196 1912 obvios
222 1849 347 1932 uspiam
376 1849 499 1928 habuit,
526 1856 564 1914 ut
590 1871 654 1932 quo
682 1849 745 1913 loci
775 1855 904 1912 aetatem
929 1854 1061 1931 agerent
1083 1868 1122 1911 ex
1144 1847 1184 1911 iis
1195 1854 1339 1906 examinan-

88 1959 197 2034 posset
226 1952 404 2015 resciscere
449 1950 500 2015 Ne
527 1953 628 2036 igitur
649 1954 731 2015 attuit
754 1952 849 2030 dact,
876 1950 916 2014 ad
943 1952 1125 2032 Scripturas
1150 1918 1268 2013 setun]

85 2055 208 2137 recipit,
231 2054 288 2118 ubi
302 2055 390 2118 audit
406 2055 553 2119 Christus
563 2077 684 2137 parare
694 2057 866 2138 Dissipatis
877 2057 985 2134 locum,
1001 2055 1184 2117 Praecursor

79 2177 143 2238 pro
168 2157 233 2220 iltis
259 2158 379 2236 introit,
403 2158 558 2239 Proputut
585 2159 771 2222 Sanctorum
794 2160 886 2237 riam,
904 2163 955 2242 tjc.
1000 2157 1043 2220 In
1058 2156 1182 2239 quibus,

86 2259 164 2344 quid
176 2260 253 2324 ordo
261 2261 389 2340 habeat,
402 2260 480 2344 quid
495 2282 533 2325 en
547 2284 618 2340 usu,
629 2282 666 2326 ex
678 2263 753 2346 jure
762 2262 926 2325 communi
938 2261 989 2339 sit,
1002 2255 1184 2323 edocemur,

86 2364 158 2428 Nec
173 2365 344 2448 quicquam
359 2372 470 2428 tamen
486 2365 601 2444 obstat,
618 2388 681 2449 quo
704 2365 811 2429 minus
833 2363 958 2428 duobus
976 2363 1028 2426 his
1048 2362 1184 2446 speciale

86 2466 214 2549 aliquod
242 2467 445 2552 privilegium
469 2469 622 2551 peculiari
647 2470 721 2553 jure
749 2464 911 2551 indulgeri
939 2466 1048 2550 possit.
1094 2464 1183 2531 Quid

86 2577 194 2633 autem
210 2570 290 2649 dico,
313 2571 439 2653 possit?
463 2592 537 2635 cum
551 2570 715 2634 indultum
731 2571 784 2650 sit,
807 2570 905 2654 idque
921 2568 1092 2634 cardinale
1113 2568 1183 2650 ipso

85 2695 152 2737 non
172 2673 363 2757 refragante
412 2678 441 2737 1.
466 2675 625 2737 Statutum
647 2673 733 2737 enim
757 2673 939 2750 hominibus,
960 2673 1055 2735 semel
1075 2668 1182 2748 morit,

86 2785 182 2861 atque
211 2799 249 2841 ea
278 2778 421 2842 clausula
449 2785 509 2855 est,
536 2777 578 2840 ad
603 2778 756 2861 cujusque
781 2777 981 2839 Patriurcha
1005 2774 1182 2858 periodum,

85 2880 131 2943 Et
142 2887 280 2944 mortuas
295 2879 371 2944 eal.
399 2881 571 2945 Enochum
585 2889 695 2971 tamen
702 2879 756 2942 hic
766 2879 946 2944 cardinalis
961 2879 1097 2962 excipiet
1108 2878 1183 2941 scio.

86 2987 118 3048 2.
140 2983 304 3047 Ahalam
329 2990 469 3047 mortuas
494 2989 550 3061 est,
577 2991 610 3046 et
633 2982 802 3064 Prophotae
826 2983 940 3045 mortui
963 2987 1035 3045 sant
1043 2979 1060 3045 ¹.
1106 2981 1184 3044 Pro-

85 3086 217 3170 phetam
239 3095 349 3151 tamen
364 3087 469 3151 Eliam
487 3087 575 3170 (scio)
594 3085 722 3164 eximet,
740 3106 856 3168 nempe
878 3106 917 3148 ex
925 3085 1103 3170 privilegio,
1120 3104 1184 3166 quo

85 3197 196 3254 tamen
216 3191 284 3274 juri
298 3191 463 3254 communi
477 3212 544 3254 non
560 3189 742 3270 derogatur.
786 3191 818 3252 3.
836 3189 898 3251 Par
913 3195 961 3251 est
976 3194 1009 3250 et
1024 3206 1182 3249 resurrec-

85 3292 184 3356 tionis
214 3294 306 3357 ratio.
357 3295 406 3358 Ea
434 3294 470 3356 in
503 3294 567 3380 fine
597 3291 706 3355 saeculi
732 3292 890 3373 pecoralis
919 3289 1030 3353 futura
1059 3297 1118 3367 est,
1149 3296 1183 3351 at

84 3402 287 3459 surrexerunt
302 3404 412 3459 tamen
435 3398 534 3473 matti,
550 3401 581 3460 et
603 3396 745 3458 eximat
761 3394 798 3456 de
815 3393 1018 3457 moramentis
1031 3392 1098 3454 sais
1109 3397 1184 3473 post

83 3500 338 3562 resurrectionem
351 3500 507 3574 caristia,-
524 3499 621 3563 etiam
630 3497 664 3560 in
676 3497 804 3572 coelum,
813 3504 850 3558 ut
863 3493 1063 3580 quorundam
1074 3494 1184 3577 opinio

85 3610 144 3678 est,
160 3623 234 3665 cum
251 3602 380 3666 Christo
396 3602 620 3666 ascenderunt.
664 3599 761 3665 Addo
772 3607 805 3663 et
821 3607 983 3683 quartum.
1021 3600 1052 3661 4.
1068 3597 1182 3678 Requi-

85 3711 190 3769 escaat
206 3707 320 3769 mortui
335 3728 355 3767 a
371 3706 527 3768 tadwinus
540 3708 606 3768 auis
615 3714 639 3768 ¹¹.
673 3705 815 3768 Excitati
829 3712 941 3767 tamen
956 3702 1062 3766 denuo
1077 3701 1182 3777 multi,

85 3811 126 3874 ad
150 3811 249 3874 vitam
271 3810 366 3888 hanc,
385 3810 427 3873 ad
452 3811 525 3873 u'tae
548 3811 646 3894 hujus
670 3809 781 3872 munia
801 3814 834 3871 et
859 3807 984 3870 labores
1007 3806 1182 3870 redierunt.

83 3916 193 3997 Atque
215 3913 277 3977 hoc
301 3913 351 3977 vel
374 3913 408 3976 in
434 3914 629 3995 scripturis:
654 3915 699 3978 At
721 3912 756 3974 in
774 3909 929 3992 Lepeadis
954 3911 1067 3973 vestris
1092 3916 1125 3973 et
1148 3909 1183 3973 in

84 4017 234 4098 speculis,
245 4017 384 4095 Fratres,
396 4017 556 4095 Maaaclti,
567 4014 760 4091 Sacerdotes,
774 4034 853 4097 qnos
864 4033 932 4077 non
943 4020 992 4076 est
1003 4032 1182 4076 numerare.

116 4204 122 4236 ¹
153 4204 216 4255 Vide
233 4205 321 4255 Franc.
339 4205 430 4256 Saurea
447 4206 476 4254 in
491 4205 528 4254 iii.
546 4208 610 4268 part.
655 4208 713 4253 sect.
726 4203 759 4253 iv.
777 4205 825 4265 tt.
843 4218 885 4266 pp.
898 4204 954 4253 484.
967 4202 1034 4264 485]

84 4269 142 4319 D.T
162 4286 210 4320 our.
222 4270 370 4329 Quaestlix„
383 4271 439 4319 Art
447 4271 481 4319 ri.
494 4269 565 4332 Disp.
578 4269 611 4317 lr.
683 4268 691 4307 ¹
717 4268 782 4317 Heb.
790 4269 824 4316 ix.
837 4270 877 4319 27.

83 4339 143 4383 sect
151 4335 168 4383 i.
179 4338 241 4384 tom.
250 4336 276 4384 ii.
288 4335 396 4397 p.1124;
415 4333 506 4384 Bened.
518 4333 612 4382 Pererii
686 4331 698 4362 '¹
715 4332 777 4381 (len
788 4347 811 4381 r.

84 4398 182 4449 Oornm.
198 4400 225 4448 in
243 4398 304 4449 (len.
322 4399 366 4448 lib.
378 4399 423 4448 vii.
439 4398 531 4457 Quaest
544 4413 567 4446 r.
585 4412 610 4460 p.
686 4395 691 4426 ¹
714 4396 786 4445 Joan.
799 4395 852 4444 viii.
865 4399 903 4445 63.

84 4464 139 4513 863.
161 4462 214 4512 Col.
229 4463 336 4527 Agripp.
357 4466 432 4521 1601;
451 4468 478 4512 et
497 4463 560 4512 Blas.
579 4461 610 4511 de
685 4469 701 4491 ¹¹¹
714 4461 788 4510 natu
800 4460 879 4509 xxvii
892 4461 931 4509 ⁶3.

84 4527 158 4590 Vieg.
183 4528 210 4577 in
234 4528 313 4591 Apoc.
342 4542 394 4591 cap.
411 4528 446 4577 ri.
473 4526 568 4577 comm.
587 4542 609 4574 v.
685 4534 697 4556 ¹¹
715 4524 907 4590 Apoc.xlr.18.
