2910 4926
78 708 221 825 [Pestime

78 837 154 890 bross
156 838 175 904 ]

132 1221 176 1285 94

241 270 305 334 122
553 286 598 334 sn
619 284 811 334 oenomaus
830 283 1030 332 ιιιιιιιιιιιιιιι

273 441 356 500 Quare
367 440 393 490 3.
400 440 558 502 Ambrosius,
569 457 628 493 curn
636 441 791 493 Theodosius
801 440 943 505 Imperator
953 441 981 490 in
992 439 1152 503 Presbyterio
1162 439 1249 491 sedere
1258 441 1345 504 vellet,

252 522 380 599 jusslt
396 538 455 573 curn
470 525 557 585 arceri,
573 523 668 585 dicens,
686 523 815 588 ‘Purpura
831 523 997 588 Imperatores
1008 522 1075 582 iacit,
1086 537 1138 573 non
1149 522 1345 575 Sacerdotas'-

307 602 380 668 [Bell.
392 604 466 669 Apol.
478 619 524 669 pre
535 604 619 670 Resp]
636 621 661 670 p.
673 608 713 656 33.
731 604 798 672 [Op.,
809 609 870 655 tem.
883 605 926 654 sii.
938 604 985 654 col.
997 606 1053 655 723.
1066 603 1109 669 λ]

286 702 337 766 De
361 702 541 768 Theodosio
567 703 615 768 ita
644 725 678 768 se
706 725 759 768 res
788 703 913 767 habuit.
958 702 1139 767 Mediolani
1164 708 1343 782 tumeret,

169 772 404 869 Am'oblatione
418 812 548 889 peracta
563 805 708 871 substitit
728 807 815 870 intra
831 805 1010 886 Cancellos,
1024 805 1075 869 uti
1090 827 1215 890 semper
1230 806 1344 871 solitus

242 905 277 970 in
294 907 436 988 Oriente,
452 908 510 972 ubi
526 908 647 974 scilicet
666 909 753 973 intra
768 909 936 974 cancellos
951 909 1145 992 Imperatori
1164 909 1263 973 locus.
1308 910 1344 974 Is

242 1010 421 1076 Mediolani
442 1032 512 1076 mes
537 1033 604 1076 non
626 1017 705 1077 erat.
750 1011 852 1075 Nulla
873 1011 960 1076 enim
980 1010 1026 1075 ibi
1047 1011 1148 1090 sedes,
1170 1011 1235 1075 nisi
1225 1012 1344 1077 Pres-

241 1112 372 1198 byteris.
417 1113 549 1179 Monuit
564 1114 797 1198 Imperatorem
818 1136 857 1178 ea
877 1112 917 1178 de
936 1136 972 1179 re
986 1113 1188 1179 Ambrosius.
1232 1115 1342 1200 Impe-

239 1223 329 1280 rator
342 1216 485 1282 menitus
499 1238 538 1282 eo
555 1239 588 1282 se
599 1217 730 1303 recepit,
742 1217 798 1281 ubi
812 1217 916 1282 locata
930 1216 980 1280 illi
994 1217 1116 1283 sedesr.
1138 1216 1344 1298 Imperatoris

236 1340 384 1402 perpura
402 1320 475 1405 (etsi
488 1320 693 1387 Sacerdotem
708 1342 783 1385 eum
798 1341 941 1404 purpura
950 1343 1018 1385 nen
1032 1319 1169 1407 laceret)
1181 1320 1342 1386 Constan-

239 1424 374 1508 tinopoli
399 1425 568 1489 tamenin
592 1424 797 1510 Presbyterio
825 1425 934 1491 locus:
964 1424 1145 1489 Mediolani
1168 1446 1235 1490 non
1260 1434 1340 1490 erat.

241 1527 378 1611 Regioni
401 1527 523 1592 scilicet
537 1528 652 1612 cuique
675 1549 744 1592 mos
767 1549 844 1592 suus
867 1528 1046 1612 peculiaris.
1096 1530 1161 1593 Pro
1186 1529 1340 1613 Regionis

239 1652 329 1696 more
352 1631 528 1695 sedendum
551 1632 597 1697 ibi
615 1639 712 1717 atquc
731 1631 955 1696 incedendum.
1000 1632 1054 1697 Ne
1077 1632 1197 1697 assistit
1212 1632 1342 1716 quidem

239 1734 349 1797 Alteri
359 1735 559 1819 Imperator:
583 1735 734 1800 Etiamne
747 1733 835 1818 infra
845 1735 1056 1799 Seddiceenes
1071 1734 1267 1815 amandabit,
1284 1736 1340 1819 qui

239 1837 419 1902 assistunt?
463 1838 536 1903 Nec
561 1838 745 1903 Ambonem
768 1838 971 1904 conscendit:
1006 1838 1158 1903 Etiamne
1187 1844 1220 1903 et
1249 1837 1339 1921 infra

238 1941 386 2005 Lectores
400 1942 589 2026 Imperator,
607 1943 662 2027 qui
676 1942 877 2008 ascendunt?
922 1944 1031 2009 Quam
1045 1943 1115 2007 haec
1129 1943 1235 2008 levia?
1257 1950 1295 2007 ut
1309 1943 1339 2008 is

239 2044 342 2130 major
366 2045 408 2109 sit
432 2066 567 2129 semper,
595 2046 650 2129 qui
672 2046 743 2110 loco
767 2046 876 2110 sedeat
900 2045 950 2110 vel
974 2052 1048 2125 stet,
1079 2068 1143 2130 quo
1168 2047 1249 2110 alter
1274 2067 1342 2111 nen

238 2148 371 2230 petest?
416 2149 477 2211 Est
492 2156 525 2211 et
539 2148 629 2217 locus
648 2148 766 2232 (credo)
785 2148 1076 2232 Constantinopoli,
1091 2149 1149 2213 ubi
1163 2150 1251 2232 Papa
1271 2149 1340 2232 ipsc

238 2273 306 2316 non
329 2252 457 2316 sedeat:
482 2252 509 2316 si
535 2252 656 2330 sedeat,
682 2251 941 2317 summovendos.
985 2253 1117 2316 Poterat
1136 2259 1247 2317 tamen
1261 2252 1341 2317 Car-

238 2353 355 2418 dinalis
370 2376 391 2418 a
405 2354 503 2419 verbo
518 2355 646 2418 arcendi
661 2354 832 2419 abstinere.
874 2353 1023 2419 Monitus
1037 2354 1134 2418 mode
1148 2362 1215 2420 est:
1242 2354 1342 2420 verbe

239 2463 348 2521 autem
371 2457 433 2521 hoc
462 2457 590 2521 arcendi
612 2457 714 2522 lector
737 2457 898 2541 intelliget
922 2457 1016 2538 forte,
1042 2457 1132 2541 quasi
1154 2458 1202 2522 vis
1222 2458 1341 2523 Caesari

238 2560 324 2624 faeta
337 2571 419 2638 tum,
436 2560 527 2644 quasi
542 2560 661 2624 Caesari
671 2561 742 2645 jam
756 2560 821 2624 vim
836 2559 906 2624 fieri
919 2559 1027 2636 vellet,
1042 2560 1104 2624 hoe
1118 2560 1274 2645 exemplo.

273 2695 351 2745 Cum.
360 2731 366 2744 .
375 2731 381 2744 .
389 2696 541 2745 narravisset
550 2694 676 2759 Sulpitius
686 2694 711 2745 S.
720 2694 861 2745 Martinam
869 2693 1042 2758 aliquandoad
1055 2695 1198 2745 convivium
1207 2694 1343 2760 Imperate

304 2779 340 2826 rIs
348 2776 456 2826 Maximi
468 2790 525 2827 cum
538 2792 588 2827 nno
600 2792 631 2827 cx
643 2776 794 2841 presbyteris
805 2777 857 2827 suis
868 2780 984 2839 rogatum
995 2778 1134 2839 accessisse,
1145 2778 1183 2827 ita
1192 2778 1342 2842 subjunxit;

305 2857 445 2907 ‘Conviva
464 2894 469 2906 .
491 2893 497 2907 .
516 2894 522 2906 .
542 2895 547 2906 .
566 2857 672 2908 aderant
689 2858 759 2908 velut
783 2857 816 2908 ad
834 2857 902 2907 diem
917 2859 1010 2907 testum
1021 2860 1124 2920 evocati,
1145 2860 1248 2919 summi,
1265 2866 1342 2924 atque

305 2939 416 2988 illustres
432 2939 491 3000 viri,
508 2940 641 3003 praefectus
658 2938 777 3002 idemque
793 2939 880 2988 consul
894 2937 1005 2988 Evodius
1016 2977 1021 2988 .
1033 2976 1039 2987 .
1053 2976 1074 2989 ..
1088 2939 1198 2989 Comites
1215 2939 1266 2990 duo
1277 2977 1283 2989 .
1296 2977 1302 2989 .
1316 2977 1341 2989 ..

305 3021 394 3071 Frater
405 3019 481 3083 Regis
491 3025 517 3070 et
529 3020 642 3070 Patruus
673 3019 775 3069 Medius
786 3021 854 3070 inter
864 3020 910 3070 hos
918 3020 1025 3070 Martini
1038 3020 1170 3084 Presbyter
1180 3020 1342 3071 accubuerat:

304 3102 362 3166 lpse
372 3105 457 3151 autern
468 3101 558 3150 sellula
568 3100 645 3164 juxta
656 3100 750 3163 Regem
764 3102 847 3164 posits
856 3101 1008 3152 consederat
1043 3101 1085 3150 Ad
1096 3102 1209 3153 medium
1221 3103 1273 3153 lere
1284 3119 1341 3153 con·

303 3184 408 3244 virium,
419 3188 448 3232 ut
458 3183 537 3232 moris
546 3186 591 3239 est
603 3184 716 3246 pateram
725 3181 788 3245 Regi
799 3183 917 3232 minister
927 3183 1029 3244 obtulit,
1045 3184 1089 3234 illc
1100 3184 1192 3234 Sancto
1203 3184 1340 3235 admodum

303 3264 426 3328 Episcopo
438 3262 493 3314 dari
504 3264 589 3328 potius
600 3263 684 3327 jubet,
701 3269 837 3327 expectans
854 3268 930 3326 atque
946 3264 1069 3322 ambiens,
1080 3269 1110 3313 ut
1125 3264 1157 3314 ab
1169 3265 1239 3314 illius
1250 3265 1342 3316 dextra

302 3345 421 3410 poculum
437 3348 554 3395 sumeret.
589 3344 639 3394 Sed
651 3344 777 3395 Martinus
792 3344 836 3394 ubi
849 3344 937 3405 ebibit,
949 3349 1063 3409 pateram
1076 3345 1226 3410 Presbytero
1237 3363 1283 3396 suo
1294 3352 1342 3398 tra·

302 3426 378 3488 didit,
393 3426 493 3476 nullum
508 3426 607 3476 scillcet
621 3427 771 3477 eristImans
788 3424 1067 3490 dignIorem,qu1pest
1084 3442 1110 3475 se
1124 3427 1213 3491 (prlor)
1224 3427 1340 3479 biberet:

302 3523 348 3558 nec
365 3509 493 3571 integmm
508 3508 632 3568 sibilare,
647 3509 669 3558 si
684 3513 728 3558 sut
741 3507 835 3569 Regem
847 3507 961 3572 [Ipsum],
978 3512 1022 3557 aut
1037 3522 1080 3558 eos
1095 3510 1139 3572 qui
1156 3524 1172 3559 a
1188 3508 1255 3572 Rege
1270 3514 1342 3560 erant

302 3589 422 3653 proxImi,
442 3588 589 3651 Presbytero
608 3587 896 3653 praetulissem-[asu.
918 3588 992 3653 Apol.
1013 3603 1060 3653 pro
1078 3588 1162 3654 Resp]
1179 3605 1203 3654 p.
1216 3593 1256 3641 33.
1273 3591 1341 3656 [οΡ.,

303 3676 363 3721 tom.
376 3671 419 3720 vii.
436 3671 482 3721 cel
496 3671 552 3722 723.
564 3671 595 3720 A
606 3669 646 3734 B.]

77 3783 150 3847 [ars
162 3782 227 3834 itar-
284 3769 435 3851 Sequitur
449 3774 677 3852 argumentum
692 3789 711 3831 a
725 3767 862 3846 Paralia,
878 3789 939 3832 nec
957 3789 1045 3848 sane,
1064 3769 1127 3833 nisi
1148 3770 1184 3833 in
1198 3771 1340 3834 Martini

77 3846 145 3912 ι1111]

272 3935 715 4002 1[Προσονετγιιὼονδδ,ὥοτερειιιθει
736 3936 770 3985 ἔν·
810 3940 920 3998 βασιλεῦ,
936 3939 1016 3999 μόνοις
1031 3941 1198 4003 δστΗερτῦσιν
1207 3940 1328 3998 Burdw
1291 3945 1341 3994 τοΐο

240 4006 281 4052 δον
291 4005 353 4067 παρὰ
364 4004 409 4053 τὰς
420 3975 544 4065 κιγκλίδος
553 4002 692 4063 μεμένηκεν·
702 3974 768 4051 daad
811 4003 836 4052 δὲ
847 3976 932 4054 ἄλλοις
942 4003 1038 4066 dracas,
1046 4004 1119 4054 dbvrd
1128 4025 1164 4064 τε,
1172 4007 1211 4054 aad
1222 4007 1341 4066 decuma·

240 4066 440 4128 :darsdus'per’
443 4072 463 4116 Λ
530 4067 768 4129 τιοοοιλιιὲσῐγησεν,
812 4066 867 4129 ἔξιθι
886 4068 972 4128 τοίνυν,
995 4042 1089 4119 erede
1051 4072 1102 4120 τοῖο
1127 4070 1213 4122 ἄλλοις
1237 4074 1341 4122 κοινώνει

239 4134 296 4182 ἀλλ’
312 4134 464 4194 taxatam
510 4130 675 4182 ντὸντότιιν
686 4135 767 4194 διαφο-
811 4136 855 4192 reis
873 4131 989 4183 στάσιος·
1011 4135 1109 4183 ἀλουὶ
1213 4135 1339 4197 βασιλέας,

239 4195 291 4261 μόν·
300 4198 339 4247 trel
349 4195 764 4261 πρῶτονμένῆριτοεῖτινοτδίοιτο·
808 4198 854 4258 οὐχ
873 4196 921 4261 leet
893 4196 950 4261 eder
967 4216 1035 4247 reses.
1037 4227 1068 4235 -
1092 4155 1163 4249 hdod.
1195 4200 1250 4250 list.
1270 4200 1339 4251 Eeel.

238 4282 282 4311 του
271 4263 317 4311 dd
328 4261 447 4318 βασιλὲος
458 4261 586 4326 «senatres
597 4264 627 4313 διο
638 4260 765 4325 προσμένει
807 4261 851 4310 lib.
863 4278 886 4311 v.
898 4278 952 4326 cap.
965 4263 1135 4377 18.Ρ.218ὶ1

237 4329 285 4386 τὴν
310 4329 359 4376 τᾶν
380 4327 448 4377 tales
467 4327 602 4390 μυστηρίων
622 4325 765 4390 μετάληψιν,
840 4327 952 4391 ‘¹[Sulp.
975 4327 1030 4376 Ser.
1053 4328 1084 4377 de
1129 4329 1209 4379 itsss.
1223 4329 1339 4392 MartinI,

234 4391 366 4454 δδιίλοισεν,
393 4394 500 4456 iteum
525 4411 559 4454 τᾳ
581 4394 630 4440 τΰν
653 4391 767 4441 διακόνων
809 4406 861 4455 cap.
873 4407 917 4441 xx.
935 4391 991 4456 ΟΡ.
1002 4406 1044 4455 ΡΡ.
1054 4395 1109 4454 3³9,
1120 4393 1187 4457 dib]

235 4457 358 4521 ἡγουμένῳ
376 4457 532 4523 χρησόμενος,
552 4456 590 4506 ὅτι
605 4460 637 4507 rd
656 4456 729 4516 ludes,
748 4456 766 4506 d
