2910 4926
220 267 325 332 -xxviii
416 318 420 327 .
652 283 695 332 sn
716 282 894 333 emmanu

226 438 335 521 praelio
351 438 449 503 semel
466 446 562 522 atque
581 438 718 503 iterum:
742 438 813 503 aliis
830 441 899 525 jam
914 437 1067 522 relinquit
1081 439 1193 503 castris
1207 461 1326 506 exuen-

226 540 314 606 dum.
374 542 500 606 Diffidit
528 541 638 621 nodos,
677 543 766 606 sinus
795 542 921 619 evolvit,
960 541 1126 606 involucra
1153 543 1324 628 explicuit3

228 644 324 710 Quod
350 645 496 708 sentibus
521 644 661 709 obsitum
687 645 803 724 fuerat,
828 653 861 709 et
883 665 965 729 pene
986 645 1111 710 invium
1136 646 1209 726 iter,
1232 648 1325 731 quasi

223 748 331 812 valido
347 748 469 830 bipenni
484 755 626 811 amotae
640 747 790 832 expediit,
806 749 919 832 etjam

560 887 658 899 --
667 860 730 910 Lato
740 875 787 910 nos
797 861 880 911 limite
892 860 963 910 ducit
971 869 990 910 ·.

223 961 335 1046 Cujus,
368 961 424 1044 qui
453 960 628 1043 expolitum
657 960 745 1023 varia
773 960 909 1025 scientia
936 960 1115 1044 ingenium,
1142 968 1176 1025 et
1200 961 1241 1026 ad
1267 963 1324 1027 ab·

223 1064 422 1128 strusissima
451 1084 583 1147 quaeque
613 1063 796 1143 scmtanda,
823 1062 985 1148 judicium
1010 1064 1213 1144 acerrimum,
1241 1065 1322 1147 (nee,

223 1168 285 1232 hoc
300 1168 414 1246 solum,
426 1188 464 1230 ex
479 1165 570 1230 libris
586 1166 691 1244 editis,
701 1167 736 1229 in
751 1165 867 1250 quibus
881 1166 985 1230 vivam
1000 1167 1193 1250 praestantiae
1206 1167 1323 1252 imagi-

223 1293 299 1335 nem
324 1270 474 1334 indefessi
498 1269 673 1349 intuemnr,
700 1269 757 1333 sed
779 1290 819 1334 ex
842 1290 972 1333 accessu
995 1269 1092 1333 etiam
1117 1270 1272 1353 propiore,
1289 1278 1322 1335 et

222 1373 426 1439 observantia
439 1394 521 1456 pene
537 1372 735 1457 quotidiana)
753 1372 965 1456 intelligimus
975 1398 984 1450 3
1008 1373 1034 1436 si
1053 1372 1087 1435 in
1106 1380 1198 1436 tanta
1212 1395 1320 1438 rerum

222 1476 479 1541 memorabilium
506 1475 597 1558 eopia
622 1475 795 1540 tacendum
823 1474 917 1540 nobis
942 1482 1138 1558 putaremus,
1165 1497 1232 1539 non
1255 1483 1322 1540 tam

224 1580 450 1644 assentationis
464 1587 574 1643 notam
590 1586 745 1658 metuere,
758 1601 855 1663 quam
870 1578 1055 1642 invidentiae
1069 1578 1186 1643 mereri
1200 1578 1323 1644 videre·

223 1705 306 1747 mur.
352 1684 462 1747 Testes
477 1682 568 1760 mihi,
585 1703 664 1765 quos
682 1681 818 1745 dimittit
833 1681 976 1765 quotidie
991 1680 1159 1746 doctiores.

267 1787 338 1850 Nec
352 1785 506 1869 poeniteat
525 1806 611 1869 ergo,
627 1806 666 1848 ex
683 1784 867 1849 adversariis
889 1784 975 1867 ipsis,
992 1785 1047 1867 qui
1064 1784 1187 1869 judicio
1204 1785 1321 1865 valent,

223 1896 315 1952 tanto
329 1889 489 1952 Monitore
505 1888 708 1971 resipiscere:
731 1893 765 1951 at
787 1887 901 1951 Nostri
923 1908 989 1950 non
1007 1887 1069 1951 alia
1084 1887 1244 1971 sequenda
1258 1887 1321 1953 sibi

223 1997 412 2075 proponant,
438 1990 502 2054 nisi
532 1991 640 2075 Hujus
662 1989 746 2054 tanti
772 1990 872 2053 Ducis
893 2011 1001 2073 pressa
1022 1990 1166 2073 vestigia.
1211 1991 1320 2055 Etiam

224 2094 424 2176 Principibus
441 2094 527 2177 ipsis,
542 2115 610 2157 non
631 2093 738 2156 minus
760 2093 897 2156 salutare
912 2092 964 2172 sit,
981 2114 1077 2175 quam
1098 2093 1320 2174 honorificum,

224 2197 265 2260 ad
280 2198 421 2261 Pharum
436 2198 528 2275 hanc,
545 2218 640 2280 quam
660 2196 706 2280 (in
721 2195 905 2260 Occidentis
925 2195 1060 2278 Insula)
1077 2196 1113 2259 in
1133 2203 1322 2280 argumento

223 2301 370 2365 omnium
389 2300 529 2364 maximo
547 2299 828 2383 mobilissimoque,
844 2299 879 2362 in
895 2299 999 2363 nostri
1016 2299 1169 2383 temporis
1184 2301 1322 2365 Contro-

224 2403 398 2466 uersiarum
412 2403 512 2485 Apiee
529 2404 672 2480 Summo,
688 2403 789 2466 erexit
803 2402 898 2486 longe
912 2402 1116 2484 conspicuam
1131 2403 1201 2465 Rea
1211 2402 1323 2466 Maci-

223 2525 301 2583 mus,
317 2506 421 2586 Regio
436 2505 471 2567 iu
485 2525 654 2568 commune
662 2505 832 2586 potestatis
846 2503 962 2567 vindex
977 2503 1159 2585 acerrimus,
1175 2504 1323 2570 consilio·

224 2628 297 2670 rum
312 2629 442 2672 suorum
456 2629 595 2686 cursum,
612 2607 702 2691 quasi
716 2607 963 2690 navigationem,
980 2607 1126 2690 dirigere.

268 2711 340 2775 Nee
363 2710 588 2775 memorandus
613 2710 706 2775 nobis
729 2709 855 2793 frigide,
881 2717 1026 2774 autnon
1049 2711 1198 2774 omnibus
1223 2718 1323 2795 grata

224 2815 386 2878 memoriae
401 2814 510 2879 officiis
525 2835 649 2898 semper
663 2813 910 2897 prosequendus,
920 2813 973 2877 hic
988 2814 1114 2878 animus
1125 2815 1241 2897 Regius
1255 2821 1323 2879 tam

226 2917 389 2996 sollicitus,
410 2925 478 2981 tam
501 2917 578 3001 vigil
599 2917 640 2981 de
656 2920 791 2982 Summa
815 2917 1011 3000 Religionis:
1035 2924 1077 2997 et,
1094 2917 1129 2980 in
1151 2939 1198 2996 ea,
1221 2918 1261 2982 de
1283 2917 1324 2980 iis

225 3021 402 3102 praesertim
414 3020 590 3103 Capitibus,
602 3020 717 3103 quibus
728 3019 814 3103 pacis
824 3019 960 3104 publicae
974 3018 1085 3082 innixa
1098 3019 1321 3098 iimdamenta3

226 3143 286 3187 nec
308 3124 436 3187 Nostrae
448 3123 551 3210 ¹modo
573 3124 703 3203 Insulae,
719 3122 776 3187 sed
796 3123 897 3186 totius
915 3122 1008 3185 Orbis
1025 3123 1197 3185 Christiani
1218 3123 1303 3186 salus
1312 3147 1323 3201 ς

226 3233 260 3289 et
284 3233 358 3289 ante
382 3246 503 3305 omnes,
528 3227 721 3307 Principum.
768 3225 841 3289 Hoc
869 3225 905 3287 in
934 3245 1049 3308 genere
1079 3245 1237 3304 cunarum,
1261 3246 1324 3309 quo

226 3329 328 3412 magis
343 3329 486 3413 dignum,
503 3328 688 3413 quominus
702 3327 859 3392 usitatum
871 3328 1015 3410 Regibus,
1026 3334 1081 3391 aut
1096 3327 1258 3407 excellere,
1268 3335 1325 3392 aut

228 3431 320 3496 anxie
333 3432 468 3496 versari:
492 3453 556 3516 quo
577 3432 685 3495 minus
703 3430 801 3514 digna
814 3429 1078 3495 Adversariorum
1093 3430 1324 3515 tergiversatio,

227 3535 279 3598 cui
294 3536 449 3617 Mojestaa
471 3536 572 3598 Tanta
593 3534 779 3614 refutandae,
804 3534 854 3597 vel
873 3541 963 3598 vacet
986 3534 1064 3616 ipsa,
1087 3533 1137 3597 vel
1158 3534 1262 3597 vacari
1284 3532 1324 3598 ab

228 3638 298 3701 aliis
322 3637 452 3723 jubeat:
483 3637 679 3721 quominus
708 3636 846 3719 denique
875 3636 994 3701 cedunt
1019 3643 1076 3700 aut
1101 3636 1324 3715 succumbunt,

232 3747 407 3823 (utcunque
428 3740 520 3804 malae
542 3760 645 3804 causae
668 3740 797 3822 conscii)
815 3740 894 3822 quin
915 3760 1027 3803 omnes
1040 3740 1077 3802 in
1091 3738 1174 3803 hanc
1193 3745 1327 3803 conten·

227 3843 350 3907 tionem
368 3843 489 3926 ingenii
509 3851 606 3927 atque
624 3843 702 3906 artis
718 3843 799 3907 vires
817 3842 1003 3906 effundant:
1027 3864 1065 3906 eo
1079 3841 1183 3926 magis
1198 3843 1326 3918 Lector,

230 3945 433 4008 Sereniseimo
456 3946 734 4027 Potentissimoqoe
751 3946 832 4029 Regi
857 3945 1073 4009 immortalem
1094 3945 1231 4027 gratiam
1252 3951 1327 4010 voto

229 4046 357 4130 publico
371 4048 571 4131 profitebere.
905 4112 909 4121 ,

273 4151 374 4234 Cujus
396 4150 502 4229 unius,
525 4158 558 4214 et
579 4150 707 4234 proprie
731 4172 825 4233 opera
848 4158 976 4214 tantum
998 4152 1067 4236 jam
1089 4151 1278 4234 praestitum,
1294 4156 1328 4216 et

228 4273 303 4317 vero
324 4255 468 4337 exemplo
492 4262 588 4337 atque
614 4254 762 4337 auspiciis
783 4262 851 4317 tam
875 4256 986 4335 multa,
1007 4257 1075 4340 jam
1099 4255 1139 4318 ad
1160 4256 1327 4319 veritatem

228 4356 330 4421 tontis
354 4357 393 4422 de
422 4357 518 4422 rebus
543 4356 777 4435 excutiendam,
803 4359 967 4421 ventilata.
1018 4360 1174 4423 Nostram
1199 4379 1328 4446 operam

626 4469 636 4491 ⁰
655 4467 740 4531 [Virg.
754 4467 809 4518 AEn.
821 4468 857 4517 ix.
870 4467 935 4532 323.]
