2910 4926
260 273 326 359 362
573 290 617 339 so
638 289 831 340 enauimus
851 290 1052 341 ansanum

261 443 344 525 quod
356 444 484 527 dicitur)
503 465 600 528 qaam
615 465 666 508 eos
687 445 722 507 ia
738 465 815 510 uere
830 443 953 528 lopuil:
973 452 1008 509 et
1024 444 1109 530 apud
1123 425 1290 530 populum,
1307 445 1365 529 qui

259 550 406 613 uirtutem
419 550 503 613 vecie
517 551 657 613 nesciam
662 559 683 629 ⁰,
700 549 791 633 quasi
805 549 937 613 barbare
952 550 1169 615 sermocinari.
1216 549 1363 614 Malletis

261 674 352 718 orare
366 654 531 737 populum,
544 659 578 718 et
592 652 729 736 psallere
741 653 865 735 Spiritu
879 660 910 717 et
924 651 1049 732 mares,
1058 675 1126 718 non
1140 654 1208 719 solo
1219 655 1362 736 Spiritu.-

261 778 322 822 nec
335 777 410 821 cum
425 756 504 840 quid
518 756 644 819 dicatur
657 755 816 836 nesciant,
824 758 927 820 Amen
938 757 1134 839 respondere.
1179 757 1230 821 De
1248 757 1363 835 Colice,

260 861 409 926 sineretis
423 881 535 925 omnes
557 859 679 923 bibere.
723 859 859 923 Nullam
881 860 930 923 rei
950 860 1049 923 ullius
1062 861 1099 925 in
1113 860 1202 925 coelis
1216 861 1363 923 similita-

202 948 207 961 '
260 964 364 1027 dicem
378 963 524 1027 coleretis
541 964 627 1046 (cum
643 962 733 1026 nulla
746 961 792 1025 ibi
808 959 953 1032 δουλείας
966 963 1101 1046 mentio)
1117 963 1242 1027 nullam
1257 964 1365 1046 Aspe-

260 1071 361 1132 loram
374 1070 572 1151 relipioaemss
585 1067 759 1132 haberetis.
789 1067 987 1131 traditiones
1000 1067 1180 1147 hominum,
1195 1089 1262 1133 non
1276 1068 1364 1133 tanti

260 1172 419 1237 faceretis.
461 1174 571 1256 Atque
597 1172 667 1235 haec
695 1171 814 1250 omnia,
841 1171 959 1237 sitam
988 1172 1137 1257 religiose
1166 1173 1208 1237 ed
1237 1175 1364 1237 literam

260 1296 386 1359 semper
414 1275 578 1359 saperetis.
632 1275 727 1352 Tum,
756 1273 941 1338 addendum
974 1274 1140 1340 cardinali
1169 1276 1291 1360 aliquid
1319 1276 1364 1342 ad

261 1380 495 1462 Reeopnitioma
516 1399 589 1442 suas
606 1398 755 1461 nuperae.
799 1378 877 1442 Non
892 1377 979 1441 enim
992 1379 1033 1441 B.
1051 1380 1174 1461 Verpirsi
1188 1383 1286 1444 metri
1298 1400 1364 1445 cuc

258 1504 428 1566 resurgens
452 1481 601 1547 Christus
625 1480 730 1565 primo
756 1480 923 1564 apparuit,
956 1481 1045 1546 Dicit
1074 1483 1162 1546 enim
1187 1483 1364 1567 Scripturas

258 1588 362 1665 litera,
380 1586 486 1668 primo
511 1586 629 1648 Marisa
653 1584 853 1667 Mcydcleaoe
874 1582 1087 1667 apponeret.
1132 1585 1203 1650 Nec
1227 1586 1363 1651 Petrum

257 1689 305 1753 ita
318 1689 441 1753 diceret
457 1688 587 1753 Christo
606 1709 673 1772 prae
690 1688 841 1753 omnibus
855 1687 1020 1768 dilectum,
1039 1689 1093 1771 (ne
1115 1689 1212 1753 Petro
1226 1688 1363 1773 ingrati-

257 1791 382 1857 tudinis
397 1791 481 1855 actio
496 1790 591 1855 detur
609 1791 646 1854 in
660 1790 850 1873 Christum)
868 1791 948 1855 dicit
969 1791 1058 1855 enim
1077 1792 1181 1871 litera,
1198 1792 1219 1855 J
1221 1813 1364 1857 oannem

257 1895 351 1959 illum
383 1892 662 1978 (antonomastice)
695 1916 783 1977 quem
816 1893 967 1978 dilipebot
994 1895 1087 1958 Jeme
1098 1892 1116 1974 ¹,
1142 1915 1260 1978 nempe
1290 1893 1364 1960 κατ’

258 1995 385 2084 ἐξοχὴν,
401 2010 528 2081 praeter,
543 2018 704 2081 supraque
726 2005 867 2063 caeteros.
914 2000 1083 2063 Postremo
1100 1997 1136 2061 in
1151 1998 1213 2062 hac
1231 1999 1302 2082 ipsa
1320 1999 1364 2065 de

258 2101 372 2166 Enoch
393 2108 426 2164 et
441 2100 514 2164 Elia
528 2101 715 2184 quaestione,
732 2102 905 2165 ambulasse
919 2102 1038 2166 dicitur
1051 2103 1163 2165 Enoch
1177 2122 1245 2165 eam
1259 2103 1328 2167 Deo
1337 2101 1363 2182 ¹¹,

258 2206 399 2269 etiamne
410 2203 450 2268 de
465 2203 608 2287 pedestri
622 2204 656 2268 id
672 2205 856 2269 ambulacro
871 2205 1031 2288 intelliget
1047 2204 1239 2284 Cardinalis,
1254 2206 1365 2270 Deum

258 2315 356 2392 atque
370 2307 494 2385 Enoch,
510 2307 608 2371 simul
629 2307 748 2372 alicubi
771 2307 949 2392 spatiatos?
979 2308 1088 2371 Etiam
1109 2329 1181 2373 vero
1200 2309 1235 2371 ia
1254 2310 1364 2372 eoelam

258 2411 434 2474 ascendisse
442 2408 460 2489 ¹,
478 2410 514 2473 in
536 2412 630 2474 litera
652 2416 712 2474 est.
757 2412 799 2475 In
823 2412 1007 2477 coelumne?
1030 2417 1128 2495 atque
1149 2411 1191 2475 ad
1213 2413 1363 2475 literam?

259 2513 338 2578 Non
356 2535 433 2597 ergo
454 2514 491 2577 in
512 2515 648 2576 Hortum
669 2513 768 2591 hune,
784 2513 838 2580 hic
860 2520 956 2598 atque
978 2514 1013 2578 in
1035 2521 1123 2578 terra
1144 2515 1243 2580 situm
1264 2522 1364 2599 atque

226 2692 229 2697 Ι
259 2616 430 2680 consitum.
480 2618 661 2679 Universum
681 2622 799 2679 terram
823 2619 913 2700 apris
933 2618 1141 2700 adopertam
1155 2618 1252 2683 fuisse
1277 2618 1364 2701 (uni-

259 2740 384 2782 versam
413 2719 559 2801 terram),
584 2741 691 2803 neque
720 2720 766 2783 ibi
795 2721 837 2784 ad
866 2722 990 2784 literam
1020 2720 1191 2805 quiequam
1221 2721 1362 2800 additur,

259 2823 300 2887 de
314 2822 461 2906 portione
476 2830 570 2886 terrae
583 2824 692 2907 (quam
707 2824 848 2888 colerent
864 2825 1086 2908 peecatorem)
1103 2847 1209 2891 mersa
1217 2851 1226 2904 3
1253 2829 1363 2909 (quam

259 2927 401 2990 colerent
445 2927 556 2989 Sancti
593 2925 669 3009 duo)
711 2927 771 2991 sub
807 2927 929 2993 fornice
966 2950 1132 3011 aquarum,
1163 2929 1286 2993 illaesa:
1325 2940 1364 2993 ut

259 3052 389 3094 casurus
415 3030 467 3094 hie
490 3052 586 3094 causa
608 3029 661 3109 sit,
677 3029 704 3093 si
728 3037 792 3094 stet
810 3032 917 3094 litere.
963 3033 1009 3096 At
1030 3032 1065 3095 in
1087 3032 1169 3096 libro
1191 3032 1252 3096 hoc
1274 3034 1363 3115 Apo·

260 3133 405 3219 eclypsis,
426 3133 502 3216 (ubi,
518 3140 591 3215 peel
606 3132 709 3212 verba,
726 3140 772 3196 ror
793 3133 974 3217 mysterim)
992 3134 1027 3198 in
1045 3136 1129 3218 (quae
1144 3135 1174 3198 ei
1188 3116 1363 3218 respondet

259 3237 295 3300 in
330 3237 431 3301 veteri
464 3235 684 3317 Testamento)
721 3236 866 3300 Danielis
903 3236 1072 3321 prophetia
1106 3238 1253 3323 mystica,
1293 3241 1364 3321 (aut

260 3340 352 3424 siqua
376 3340 488 3404 similis
518 3348 567 3404 est
597 3339 798 3422 aenigmatica
832 3340 998 3424 Scriptura
1008 3340 1029 3423 t)
1060 3339 1096 3404 in
1125 3341 1176 3404 his
1203 3341 1360 3426 (inquam)

260 3446 385 3509 literam
410 3465 563 3528 premere,
587 3445 685 3507 litere
708 3443 932 3523 adhaerescere,
958 3466 1015 3528 per
1044 3444 1265 3507 Hebdomadas
1293 3447 1363 3508 Da·

260 3550 380 3628 nielisl',
396 3569 487 3611 veras
507 3546 728 3610 Hebdomadas
746 3547 882 3630 (septem
904 3546 1001 3610 modo
1016 3547 1129 3611 diebus
1151 3550 1363 3627 constantes),

261 3674 319 3735 per
340 3653 481 3714 Arietem
503 3651 572 3735 ejus
593 3658 625 3714 ct
642 3649 804 3729 ffirmma,
823 3650 972 3733 (cornuta
994 3650 1033 3713 de
1055 3650 1163 3733 Grege
1185 3650 1362 3733 animalia),

261 3776 318 3839 per
336 3755 436 3816 Rotas
450 3751 842 3836 Erelielie1,plaustrales
863 3759 951 3817 rotas
974 3774 1073 3832 veras,
1091 3774 1130 3817 ex
1152 3754 1242 3837 ligno
1261 3753 1362 3820 ferro-

293 4034 303 4120 :
332 4022 397 4073 lbld.
409 4036 459 4070 ver.
473 4020 522 4081 11.]
835 4035 888 4084 esp.
898 4021 949 4069 xiv.
967 4019 1023 4083 Op,
1038 4025 1100 4070 tom.
1113 4022 1146 4070 iv.
1164 4036 1189 4084 p.
1203 4025 1239 4072 13.
1252 4022 1295 4086 0.]

291 3960 304 3991 a
320 3959 350 4267 ξι
365 3956 420 4007 (ιω,
433 3958 484 4006 xiv,
498 3958 536 4021 9,]
865 3964 877 3987 ³
893 3955 973 4020 [Vide
990 3955 1052 4006 Bell.
1067 3954 1099 4006 de
1114 3955 1182 4007 Grat
1195 3956 1270 4021 prim.
1283 3957 1361 4009 Hom.

334 4085 523 4150 lbld.vcr.15.]
865 4084 929 4150 ⁰[S.
944 4084 1048 4134 Hieron
1070 4085 1116 4148 Ep.
1139 4086 1185 4135 liii.
1208 4085 1241 4134 ad
1262 4086 1361 4141 Paulis.

293 4163 305 4196 τ
333 4150 487 4214 001.ii.1s.]
832 4148 932 4199 Scctt.
950 4148 1005 4211 Op,
1023 4150 1114 4198 tomi.
1128 4151 1173 4200 col.
1187 4150 1287 4202 eran.
1304 4153 1363 4203 aide

292 4217 304 4250 ¹²
337 4216 496 4267 teremit.
832 4228 915 4276 supra,
926 4228 950 4276 p.
963 4214 1018 4262 214.
1035 4217 1087 4263 not.
1099 4215 1131 4275 “.]

293 4283 299 4314 ¹
321 4280 514 4332 ioanxiii‘lt.
866 4287 877 4317 Ρ
905 4278 968 4327 Dan.
980 4279 1015 4326 ix.
1027 4278 1065 4326 24.
1079 4278 1127 4342 sq.]

292 4344 465 4396 '‘Gemutl.
833 4365 836 4379 ·
866 4352 877 4382 ‘¹
906 4342 1116 4407 nanneten]

290 4410 297 4443 ¹
319 4408 584 4487 2[al.s]Reg.ii.11.
867 4417 876 4441 ¹
904 4406 1068 4470 tantm]

292 4474 438 4525 ”Generi
454 4476 490 4522 19.
