2910 4926
312 265 377 330 482
625 279 668 326 AD
691 276 882 325 CARDINALIS
902 274 1101 324 Bmaumul

312 432 458 496 Potestas
487 433 686 514 Temporulis,
716 433 764 515 (ut
788 430 949 514 superiore
979 451 1065 494 anuo
1087 429 1172 512 tuit)
1199 435 1238 492 ut
1261 428 1326 493 hoc
1347 430 1417 514 jam

313 556 416 619 nuper
430 541 556 598 recocta
569 534 697 618 prodiit,
713 535 746 596 in
764 534 794 595 T
789 533 968 614 emporaliu.

346 669 516 719 Bellarmiuus
527 669 637 720 Hartmn
649 683 779 732 nunqnam
790 665 865 726 vidit,
878 665 1046 730 Gampianum
1061 666 1139 715 semel
1156 665 1283 715 dantum
1295 703 1302 715 .
1314 702 1321 715 .
1334 703 1341 715 .
1353 666 1416 715 salu·

376 752 449 810 tavit,
468 766 497 801 ac
515 766 560 815 per
579 751 626 800 hoc
643 755 762 801 neutmm
780 748 935 811 discipulum
952 745 1160 811 habuit-[Bell.
1171 746 1246 810 Apol.
1264 761 1313 810 pro
1331 746 1416 811 Rosp]

376 847 400 896 p.
413 834 467 882 205.
486 831 552 897 [Op.
569 834 631 880 tom.
642 831 686 879 vii.
699 829 745 880 col
758 831 813 879 819.
826 826 864 892 0.]

354 931 435 1008 Nec,
452 929 694 994 sicardinalem
711 925 942 1011 praeceptorem
957 925 1038 989 dixit
1052 924 1220 1009 utriusque
1231 925 1415 1009 campiani,

312 1030 743 1113 etHarti,idsequit1n,ut
766 1051 821 1094 eos
840 1029 912 1092 viva
930 1049 1007 1093 voce
1030 1028 1194 1092 docuerit:
1215 1029 1312 1113 jecur
1327 1029 1416 1092 enim

312 1136 381 1218 ejus
403 1132 567 1197 habebant
590 1133 625 1196 in
639 1134 780 1196 Dictatis
795 1134 873 1215 ejus,
891 1151 963 1214 quae
985 1131 1041 1195 diu
1062 1137 1140 1196 ante
1161 1131 1344 1195 multorum
1359 1152 1417 1214 per

311 1258 426 1300 manus
451 1236 639 1314 volitabant,
664 1256 761 1319 quam
787 1255 912 1298 excusae
938 1239 1044 1298 essent
1073 1235 1143 1318 ejus
1167 1233 1415 1298 controversiae.

313 1338 427 1422 Siquid
441 1338 626 1415 dicendum,
642 1336 748 1421 siquid
763 1335 995 1415 disserendum,
1012 1357 1202 1419 quacunque
1217 1336 1258 1399 de
1273 1357 1311 1399 rc
1327 1358 1416 1419 quae·

310 1446 445 1519 reretur,
461 1440 643 1505 referebant
660 1460 693 1503 se
709 1440 750 1502 ad
765 1440 895 1502 Patrem
909 1438 1086 1516 Robertum,
1103 1445 1199 1520 atque
1221 1459 1261 1501 ex
1284 1460 1324 1502 eo
1347 1439 1416 1504 solo

311 1543 487 1627 sapiebant,
504 1544 545 1607 ad
560 1544 681 1607 dictato
696 1542 808 1605 Patris
822 1542 961 1619 Roderti,
977 1548 1073 1624 atque
1095 1541 1172 1604 iude
1194 1547 1353 1624 tanquam
1378 1563 1416 1606 ex

312 1646 434 1727 tripode
448 1645 695 1729 respondebant.
739 1646 839 1708 Recte
859 1644 959 1727 igitur
980 1644 1059 1722 Rex,
1078 1643 1255 1707 celebrasse
1278 1665 1342 1723 eos,
1352 1666 1416 1726 pro

311 1769 371 1810 uno
389 1768 429 1811 ee
443 1749 614 1830 precipuis
628 1747 817 1810 Auctoribus
833 1748 908 1823 suis,
925 1747 1159 1808 Radamistum.
1206 1746 1416 1810 Mendacitcr

311 1850 500 1928 Cardinalis‚
525 1850 687 1933 scripsisse
712 1850 845 1932 Regem,
869 1850 1095 1911 Belicrmirium
1121 1850 1277 1911 cencium
1298 1848 1414 1930 secuse,

310 1955 359 2016 vel
394 1953 562 2015 Auctorem
592 1953 817 2033 proditionum,
848 1957 957 2014 contra
987 1952 1147 2032 Rapidum
1193 1950 1297 2014 Aliud
1326 1953 1413 2015 enim

311 2055 424 2137 longe3
442 2053 643 2133 Celebrabat,
657 2054 722 2118 sive
734 2053 940 2136 campianus,
951 2053 1016 2117 sive
1029 2054 1163 2130 Hartus,
1174 2052 1413 2117 Bellarminum

308 2179 367 2237 pro
389 2178 450 2220 urso
472 2178 512 2219 ee
528 2158 700 2238 precipuis
713 2158 780 2220 suis
793 2155 1002 2220 Auctoritas:
1036 2155 1136 2220 Aliud
1151 2163 1270 2234 autem,
1287 2157 1413 2220 Bellor-

310 2261 412 2321 miuus
427 2260 566 2321 conscio
580 2261 630 2322 vet
643 2261 765 2322 Auctor
779 2257 850 2339 suit
866 2259 1059 2339 proditionis
1073 2260 1107 2322 in
1120 2259 1284 2340 Repiacm.

351 2359 463 2442 Atqui,
489 2367 584 2423 antea
611 2360 742 2442 quidem
767 2361 874 2425 nescio
900 2359 978 2444 quid
1002 2359 1163 2439 balbutiit,
1189 2361 1229 2424 de
1252 2362 1412 2426 indirecto

307 2462 474 2525 Pontificio
483 2467 641 2542 potestate
656 2465 868 2544 temporaliter
882 2464 1002 2544 Repcs:
1022 2464 1091 2546 jam
1105 2484 1180 2527 vero
1195 2465 1315 2528 directe
1330 2465 1411 2530 <licit

308 2562 424 2646 deponi
439 2585 492 2627 eos
507 2564 689 2645 Apostolicu
699 2570 865 2646 potestate.
905 2566 953 2628 Ea
967 2587 1042 2629 vero
1058 2567 1177 2629 directa
1192 2575 1251 2631 est.
1289 2569 1411 2633 Videat

306 2686 391 2742 vem,
408 2688 450 2728 an
465 2666 533 2729 haec
555 2667 624 2747 jam
640 2667 680 2729 ad
697 2669 803 2750 Reges
818 2668 900 2730 nihil
915 2668 1108 2751 pertineant,
1125 2678 1286 2753 cumpost
1302 2672 1409 2735 dirum

305 2765 387 2828 illud
403 2788 532 2830 carmen
548 2768 722 2847 Pontificis,
739 2778 813 2850 quot
836 2771 928 2832 habet
951 2772 985 2833 iu
1006 2772 1113 2852 Repoo
1135 2793 1191 2834 suo
1213 2773 1285 2835 Res
1308 2777 1409 2855 quisse

306 2869 442 2930 domines
456 2876 583 2947 vestros,
600 2876 646 2932 tot
660 2872 823 2935 habituram
837 2875 879 2935 sit
894 2875 928 2935 iu
942 2874 1093 2936 Coronam
1108 2895 1197 2937 mmm
1215 2878 1407 2957 proditores.

306 2969 368 3033 Illa
390 2971 468 3033 olim
489 2972 630 3036 subditos
653 2973 741 3039 dedit
755 2977 947 3050 indirectos,·
969 2976 1038 3041 haec
1057 2979 1126 3060 jam
1142 2978 1256 3042 datura
1271 2981 1410 3045 directos

302 3073 484 3153 perduelles.

337 3239 528 3303 Disputationes
545 3245 621 3292 tertio
632 3244 727 3294 habitas
746 3281 752 3293 .
771 3281 776 3293 .
795 3261 853 3295 cum
865 3246 1003 3311 Campiano
1023 3286 1028 3298 .
1048 3286 1054 3298 .
1075 3286 1081 3297 .
1100 3251 1161 3299 satis
1172 3250 1311 3302 ostendunt
1321 3268 1408 3304 veram

369 3335 469 3370 causam
481 3323 607 3385 supplicii.
620 3359 626 3371 .
640 3360 645 3370 .
659 3359 664 3370 .
678 3322 738 3374 Non
754 3330 840 3376 tamen
857 3327 947 3389 ignoro
963 3364 969 3378 .
984 3366 989 3377 .
1008 3365 1014 3377 .
1028 3329 1134 3378 conficta
1145 3329 1221 3380 fnisse
1231 3332 1342 3382 crimina
1352 3350 1408 3383 con·

367 3401 544 3463 spirationum,
556 3417 613 3465 quoe
630 3418 711 3466 neque
727 3406 781 3468 ipse
799 3407 878 3457 fassus
889 3444 896 3457 .
908 3445 914 3457 .
926 3445 934 3469 ,
946 3424 1027 3471 neque
1042 3409 1073 3459 dc
1091 3412 1124 3460 iis
1135 3447 1141 3460 .
1154 3446 1160 3460 .
1173 3413 1304 3462 convictus
1316 3415 1408 3464 tuit-

368 3481 441 3545 [Bell.
456 3481 530 3545 Apol.
542 3498 588 3546 pro
599 3483 688 3548 Rcsp]
701 3500 726 3549 p.
738 3489 793 3537 205.
810 3488 876 3552 [Op.‚
890 3493 952 3538 tom.
964 3491 1008 3539 vii.
1023 3490 1070 3541 col.
1083 3494 1137 3542 819.
1149 3490 1191 3556 Ι).]

140 3586 267 3698 gratus
345 3578 399 3640 Ad
415 3580 764 3663 Decimumquartuma
789 3586 881 3662 Cum,
896 3607 1006 3668 sparso
1016 3588 1052 3650 iu
1064 3589 1178 3669 vulgus
1191 3589 1312 3671 scripto
1327 3615 1406 3675 quo-

138 3665 289 3774 plffiipffi
303 3679 377 3742 dam
394 3682 599 3765 Campianus,
615 3705 673 3767 per
688 3692 788 3749 totam
803 3687 850 3748 illi
865 3687 965 3750 vitam
980 3688 1164 3767 elaborato‘,
1180 3691 1358 3757 insolenter
1373 3718 1404 3758 se

138 3779 271 3843 unaco]
302 3781 437 3860 efferret,
451 3785 542 3866 quasi
557 3786 584 3849 si
601 3808 697 3851 nemo
712 3788 972 3868 adversariorum,
985 3813 1080 3856 nemo
1095 3795 1280 3858 mortalium
1296 3817 1404 3862 coram

300 3903 338 3944 eo
352 3893 458 3965 posset
473 3888 664 3967 consistere,
686 3890 790 3952 visum
804 3898 863 3969 est,
876 3899 951 3956 ante
963 3895 1079 3973 omnia,
1091 3917 1148 3979 per
1160 3896 1403 3980 Disputationes

299 3984 380 4062 illas,
397 3987 536 4052 hominis
552 3992 779 4072 procacitatem
793 3995 989 4059 retunderet
1015 3997 1091 4076 Qui,
1107 4007 1246 4081 quantus
1262 4013 1403 4084 quantus

332 4124 342 4145 θ
360 4118 438 4181 [Vide
449 4120 567 4183 Respous.
581 4123 661 4183 rlorti,
673 4139 697 4186 p.
705 4126 744 4174 64.
758 4125 826 4176 Edit.
871 4130 987 4179 versariis
1004 4132 1099 4181 obtulit
1116 4134 1144 4182 in
1157 4133 1238 4184 Causa
1248 4134 1331 4197 Fidei,
1352 4140 1395 4188 &c

300 4181 389 4238 Polit.;
417 4187 444 4231 et
467 4184 529 4234 Bell.
559 4186 615 4248 Op,
638 4192 699 4236 tom.
712 4190 755 4238 vii.
778 4191 826 4240 col.
869 4192 936 4255 apud
950 4194 1063 4245 concert
1076 4196 1286 4249 llccl.Cathol.in
1298 4203 1401 4264 Anglia

299 4247 353 4294 668.
367 4246 414 4309 A]
870 4271 911 4319 pp.
924 4258 1029 4309 27-78.
1041 4262 1149 4322 August
1162 4262 1256 4311 Trarir.
1270 4267 1358 4329 loss]

331 4308 340 4338 ¹
361 4310 439 4374 [Vide
450 4312 573 4373 libcllnm,
585 4315 625 4364 cui
638 4315 680 4365 tit.
692 4316 826 4369 ‘Rationes
901 4330 913 4362 Ι
932 4322 1055 4386 [Exstant
1065 4324 1249 4387 disputationes
1260 4328 1289 4376 in
1300 4330 1345 4378 lib.
1358 4333 1400 4379 cui

298 4370 400 4432 Decem,
412 4376 503 4437 quibus
522 4377 601 4428 nctus
620 4379 753 4461 Certamen
776 4382 825 4431 ad·
869 4385 909 4435 tit
922 4386 962 4435 ‘A
974 4392 1030 4438 true
1039 4393 1124 4452 repert
1134 4389 1162 4438 ot
1170 4389 1214 4439 the
1226 4390 1400 4457 Disputatiou,
