2910 4926
264 252 327 315 106
576 269 619 316 nu
642 269 832 318 commune
854 268 1054 318 omninum

262 428 321 502 eat,
337 445 404 488 non
427 425 556 504 mirum,
573 427 600 490 si
624 448 642 490 a
661 426 864 511 Principibus
885 427 999 491 vicinis
1018 425 1169 492 omuibus
1188 428 1243 511 jus
1266 449 1363 492 suum

141 553 148 561 ·
261 525 322 590 eibi
349 525 487 607 defendi,
514 536 547 593 et
576 529 699 593 illatam
730 530 789 594 sibi
819 531 1051 594 coutumeliam
1076 530 1240 602 vindicari,
1265 538 1363 616 atque

260 629 345 694 inter
360 630 438 695 alies
453 633 551 697 etiam
566 654 586 696 a
600 631 754 715 Pontifice
768 632 974 718 postulanti.
1021 635 1062 697 Iu
1074 632 1261 697 lavantibus
1276 635 1363 698 enim

260 743 293 798 et
308 734 507 816 Nocudibue,
523 757 561 801 eo
578 737 707 821 quidem
723 737 848 817 saeculo,
865 736 1025 819 Pontifex.

294 893 397 959 [Exstat
409 895 536 961 Epistola]
550 897 688 949 AEleonerae
697 898 820 962 Reginca.
833 936 840 949 .
852 934 859 949 .
874 899 906 949 ad
916 899 1046 950 Coeleatin.
1054 898 1102 948 ΙΙΙ.
1115 936 1121 948 .
1134 936 1140 948 .
1152 936 1158 948 .
1169 898 1276 950 ‘Nonne
1287 899 1363 951 Petro

325 977 455 1039 Apestole,
469 983 496 1028 ot
509 979 538 1029 iu
554 994 583 1029 eo
598 979 670 1029 vebia
680 995 755 1030 omne
767 979 891 1042 Regnum,
903 982 1036 1044 omnisque
1051 983 1162 1045 potestas
1178 979 1288 1042 regenda
1298 995 1364 1030 eom·

325 1050 518 1119 mittitur,'‘ete
537 1060 604 1124 apud
622 1060 676 1111 Pet.
694 1058 915 1125 Bleeenl-[Bell.
935 1062 1010 1125 Apol.
1028 1075 1073 1125 pro
1090 1059 1179 1125 Resp]
1197 1075 1221 1125 p.
1234 1062 1273 1112 28.
1294 1061 1364 1126 [Op.

326 1142 387 1188 tom.
399 1139 443 1190 vii.
454 1140 501 1191 col.
511 1139 567 1193 tto.
580 1140 621 1204 0.]

98 1262 244 1395 erffira
266 1361 292 1443 (t
305 1255 378 1320 Nee
395 1257 524 1336 mirum,
542 1257 569 1321 si
584 1264 688 1321 mater
703 1256 843 1338 Ricardi‚
860 1258 1044 1336 AEleouora,
1060 1279 1140 1321 uxor
1156 1257 1290 1322 Hemici
1302 1259 1362 1338 11„

293 1383 349 1425 um
366 1361 474 1446 vidua)
492 1363 550 1426 filii
574 1364 624 1426 sui
650 1364 768 1448 captivi
793 1363 895 1428 vicem
922 1363 1085 1441 miserata,
1109 1362 1218 1426 mariti
1242 1363 1363 1447 stylum

260 1462 387 1527 imitata
401 1470 460 1528 est.
499 1465 636 1529 Faciunt
650 1464 685 1529 id
699 1464 765 1528 fere
780 1486 904 1543 omnes,
921 1464 975 1548 qui
991 1463 1172 1547 supplicum
1186 1464 1256 1527 loco
1272 1471 1359 1542 sunt,

260 1575 298 1633 ut
311 1576 503 1653 potestatem
515 1572 594 1654 ejus,
608 1570 659 1635 eui
676 1570 866 1653 supplicant,
878 1568 996 1632 mirum
1011 1568 1046 1632 in
1061 1569 1193 1632 modum
1206 1569 1361 1633 evehant:

259 1672 363 1737 multo
388 1695 481 1758 saepe,
503 1695 599 1758 quam
621 1680 681 1751 est,
707 1672 894 1756 ampliorem
918 1672 1058 1736 facient:
1081 1672 1245 1754 hyperbok
1265 1693 1361 1756 quem

258 1773 391 1858 μειώσει
423 1778 536 1862 saepius
568 1783 711 1860 peccent.
764 1776 910 1840 Blesenai
943 1775 1118 1860 praesertim
1152 1776 1265 1855 scriba,
1306 1775 1361 1861 qui

259 1879 380 1943 bloecior
403 1901 480 1964 ergo
501 1881 701 1945 Pontificem.
746 1880 834 1944 Nam
856 1881 892 1943 ni
913 1878 1048 1958 blaesior‚
1066 1881 1136 1964 quis
1154 1880 1256 1944 nescit
1275 1901 1362 1943 omne

257 2001 385 2065 reqnum
400 2004 574 2065 outuemque
587 1989 785 2065 potestatem,
799 2005 841 2047 ne
856 1982 952 2045 Petro
968 1981 1098 2065 quidem
1112 1982 1248 2064 rependo
1256 1980 1362 2063 fuisse

260 2086 454 2149 commissu?

291 2240 384 2291 Exstat
400 2239 518 2304 querela*
544 2240 632 2306 [Regio
650 2240 790 2302 Auglorum
807 2237 926 2289 adversm
943 2235 1039 2300 Regem
1058 2236 1171 2287 Francia
1191 2237 1223 2287 ad
1243 2237 1364 2287 innoeen-

323 2322 390 2372 tium
402 2321 460 2383 111„
477 2325 599 2385 tanquam
620 2320 651 2371 ud
675 2334 835 2370 communem
855 2318 871 2370 J
874 2317 991 2383 adicem}
1003 2355 1009 2367 .
1020 2354 1027 2367 .
1040 2355 1046 2367 .
1058 2317 1151 2368 Exulet
1162 2355 1169 2368 .
1181 2355 1188 2370 .
1201 2356 1206 2368 .
1224 2319 1362 2382 resignatio

325 2405 404 2454 totius
410 2403 493 2466 Regni
501 2402 603 2465 Anglioa
614 2406 641 2452 et
652 2401 792 2459 Hiberniae,
800 2402 866 2452 lacta
876 2401 998 2452 aJoanne
1009 2400 1077 2465 Rege
1086 2401 1188 2464 Angliae
1199 2401 1230 2451 de
1241 2416 1362 2452 concensu

327 2483 454 2533 Beronum
476 2484 505 2534 in
526 2499 616 2534 monus
638 2483 781 2533 innocentii
801 2482 850 2532 Ill.
875 2482 1013 2542 Pontificio,
1041 2487 1068 2532 et
1095 2483 1204 2547 receptio
1225 2483 1362 2533 eorundem

326 2563 472 2628 Regnorum
491 2566 520 2614 in
538 2561 777 2629 renuunt-[Bell.
797 2565 872 2628 Apol.
892 2579 937 2627 pro
952 2563 1039 2627 Resp]
1058 2577 1082 2627 p.
1095 2564 1134 2613 28.
1158 2563 1224 2629 [Op.,
1243 2568 1304 2615 tom
1317 2565 1362 2613 vii.

326 2646 373 2696 col.
385 2647 442 2699 720.
453 2645 480 2696 (l.
492 2645 538 2713 D.]
701 2691 716 2724 ο

98 2747 224 2815 [mnu]
304 2745 418 2810 Frater
432 2767 506 2809 vero
526 2746 596 2829 ejus
612 2745 764 2824 Joonnea,
785 2744 884 2826 (cuju
898 2751 927 2807 et
943 2744 999 2806 illu
1015 2744 1059 2806 cd
1070 2744 1283 2807 innocentium
1297 2745 1361 2808 III.

261 2849 396 2931 querela)
417 2847 568 2932 quicquid
585 2848 672 2926 fecit,
687 2849 719 2910 vi
733 2853 852 2911 metune
866 2847 961 2911 feeit:
987 2847 1114 2929 quando
1128 2848 1312 2911 Innocentii
1326 2848 1362 2911 in

261 2971 336 3014 eum
350 2951 399 3014 iro
412 2957 480 3014 tom
499 2950 604 3033 gravis
623 2949 782 3028 incubuit,
798 2956 836 3012 ut
855 2948 973 3032 pacisci
993 2969 1067 3012 cum
1092 2970 1130 3013 eo
1151 2971 1218 3013 non
1238 2949 1362 3013 minore

260 3054 374 3137 pretio,
401 3074 498 3136 quam
525 3059 664 3135 utreque
691 3053 817 3136 Regno,
842 3072 973 3116 necesse
1000 3051 1160 3115 habuerit.
1207 3053 1363 3136 Exceptio

261 3162 370 3219 autem
392 3155 570 3238 multiplex.
618 3155 647 3217 1.
671 3155 787 3218 Morus
809 3161 913 3218 vester
934 3155 1056 3218 factum
1077 3161 1210 3237 negate.
1255 3157 1286 3218 2.
1311 3156 1363 3219 Da

260 3258 392 3337 suetum,
409 3264 442 3321 ut
456 3259 488 3321 vi
501 3257 623 3320 factum
638 3263 671 3321 et
686 3262 776 3320 uictu.
821 3259 852 3320 3.
876 3258 970 3336 Tum,
986 3263 1061 3320 utut
1077 3257 1116 3321 de
1131 3258 1226 3336 facte,
1243 3258 1363 3341 dejure

260 3383 327 3426 non
341 3361 473 3439 fectum,
488 3381 593 3443 neque
614 3359 699 3443 quod
714 3359 783 3423 fieri
798 3361 874 3441 jure
895 3367 1012 3442 posset.
1057 3360 1146 3423 Fecit
1161 3360 1297 3424 enimin
1312 3383 1361 3441 eo,

261 3465 356 3549 quod,
368 3464 394 3527 ei
409 3464 548 3528 maxime
563 3464 667 3542 vellet,
678 3463 784 3527 faeere
798 3484 864 3526 non
878 3463 1002 3546 potuit:
1020 3464 1169 3546 Regnum
1182 3465 1252 3528 Rex
1267 3485 1361 3527 suum

262 3566 347 3630 dono
362 3566 438 3630 dare
454 3587 520 3631 nou
534 3573 650 3650 potest.
689 3570 720 3629 4.
746 3565 805 3630 Sin
819 3565 854 3628 id
868 3573 994 3649 posset3
1016 3566 1135 3630 virtute
1149 3574 1260 3630 tomen
1274 3567 1361 3630 cluu-

261 3671 339 3734 auloe
351 3673 434 3754 (quae
445 3670 525 3734 inibi
536 3672 596 3751 est)
610 3669 648 3732 de
658 3671 896 3747 remotionen,
905 3670 1023 3733 iterum
1036 3670 1155 3753 dejure
1170 3670 1304 3734 nullum.
1329 3675 1360 3734 5.

262 3774 370 3850 Facto,
382 3779 537 3855 tunquam
549 3772 669 3854 dejure
683 3772 775 3850 nulli,
787 3772 997 3836 reclamatum
1012 3794 1032 3835 a
1042 3772 1241 3837 Proceribus.
1273 3772 1361 3836 Audi

262 3877 383 3959 Regem
405 3876 511 3960 ipsum
527 3876 630 3939 literis
652 3875 717 3938 suis
736 3875 778 3938 ad
801 3875 921 3958 Papum
945 3876 1172 3940 Innocentium
1191 3875 1273 3939 datis
1293 3877 1360 3940 Do·

293 4084 406 4162 {wide
424 4083 784 4149 otatth.1'arial1aj.inltie
824 4085 946 4151 judieiia¹
973 4102 1026 4150 cop.
1041 4088 1096 4165 gili.
1122 4086 1359 4150 ‘Novit—Com.

261 4149 695 4280 primfl'adldnssetmglegeddto'kp.
720 4215 785 4264 cxlv.
828 4151 1358 4281 Juf[plapptponp⁸pgepplsspeffiefflm

261 4278 328 4345 apud
341 4279 431 4355 Batou.
443 4279 512 4327 Anu.
523 4277 589 4355 Becl.
599 4278 632 4328 ad
643 4294 702 4328 nnn.
716 4282 786 4329 1193.
830 4280 863 4330 ad
873 4283 1015 4357 enmltlt.
1029 4297 1054 4345 p.
1065 4281 1132 4345 222]

261 4344 453 4403 uomet-m
463 4346 524 4392 tem.
532 4358 576 4392 xn.
586 4343 641 4393 colL
649 4346 787 4395 ete-eto.
863 4353 880 4376 ¹
897 4345 976 4409 [ano
984 4346 1082 4395 Tortor.
1092 4346 1170 4405 Torti,
1181 4361 1205 4409 p.
1216 4347 1270 4398 257.
1291 4345 1359 4396 Edit

262 4407 412 4472 l'erbeipn
421 4414 635 4457 occorrontnum.
647 4409 699 4472 ix.]
831 4409 922 4472 noctu]

294 4472 305 4504 '¹
322 4471 455 4537 [Decntal.
468 4471 543 4535 Greg.
553 4473 597 4523 lib.
609 4474 636 4523 it
649 4474 689 4523 tlt.
701 4475 718 4524 i.
736 4473 788 4524 ‘De
865 4484 876 4508 ¹¹
894 4475 970 4540 [ibid.
983 4491 1024 4541 pp.
1036 4478 1092 4537 256,
1104 4474 1171 4539 252]
