2910 4926
254 242 318 310 160
565 265 609 312 m
630 263 822 313 cinuuuus
843 261 1043 313 ruamur

316 433 374 470 eum
390 434 406 470 a
421 419 473 471 fide
483 416 615 471 catholica
630 434 682 471 non
697 419 947 486 abhorrere—[Bell.
960 417 1035 484 Apol.
1047 432 1093 483 pro
1104 416 1190 482 Rcop]
1201 431 1225 482 p.
1234 417 1274 468 48.
1287 415 1358 482 [Op.,

315 501 604 567 mffimmm

89 590 177 706 [ΙΜ
192 656 212 706 t·
294 593 442 676 Vigilans
461 594 631 659 somniavit
652 596 750 680 Papa,
772 601 806 659 et
826 616 911 677 spera
931 595 1042 658 donem
1064 594 1183 672 nabad,
1199 594 1237 657 de
1256 595 1357 677 Repis

88 658 191 707 Comen
205 666 262 706 rs·
382 698 389 712 .
542 698 549 711 .
620 698 626 711 .
965 697 1000 710 ..
1072 697 1078 710 .

86 721 187 848 md,
250 716 454 761 concernens.
478 699 525 761 At
539 719 645 761 marus
660 719 743 782 spes,
759 719 819 762 nec
835 698 923 776 bono,
939 719 1003 761 nrsr
1017 706 1102 760 ratio
1116 696 1242 760 substet
1256 696 1357 761 bona.

86 801 231 916 mgffi·
250 801 362 884 Ecqua
376 809 485 865 autem
500 802 593 879 ratio,
614 803 688 884 quia
707 803 883 865 catholicos
896 804 931 864 in
946 802 1054 864 Scotio
1070 802 1205 883 quietam
1219 808 1250 864 et
1265 807 1355 864 tron-

250 905 379 986 quittem
397 906 495 968 cnam
510 925 628 986 passus
653 912 699 968 cst
726 905 846 968 ducere.
892 905 966 967 Non
995 905 1103 983 miror,
1128 905 1158 966 si
1180 906 1279 967 multa
1301 905 1355 968 nic

250 1008 397 1072 dicentur
411 1029 473 1072 non
487 1030 572 1087 vera,
584 1010 730 1091 qnoniam
745 1008 926 1073 Cnrdinalis
941 1009 980 1071 de
996 1009 1087 1071 rebus
1101 1007 1161 1070 sibi
1176 1009 1354 1090 incopnitis,

251 1117 282 1175 et
298 1112 366 1174 sine
381 1118 508 1176 anctore
523 1113 660 1195 loquitur
669 1120 691 1176 ⁰.
735 1112 800 1174 Vix
814 1112 850 1174 in
867 1111 975 1176 Scotia
989 1111 1062 1189 fuit,
1078 1117 1112 1174 et
1127 1118 1177 1174 est
1197 1111 1304 1175 adhue
1318 1113 1358 1176 de

249 1235 324 1277 raro
348 1216 603 1298 continpentibus,
630 1223 668 1279 ut
697 1215 868 1299 quisquam
893 1214 939 1279 ibi
968 1235 1002 1278 se
1025 1214 1192 1296 Papiatem
1212 1215 1357 1298 profiteri

250 1317 377 1382 audeat.
401 1319 472 1382 Nec
487 1317 529 1381 ad
544 1318 630 1382 diem
644 1339 747 1401 usque
758 1317 855 1396 hune,
871 1319 1095 1382 Recznaminm
1109 1317 1155 1380 ibi
1169 1317 1221 1381 vel
1235 1339 1354 1382 nomen

249 1420 402 1485 invaluit:
420 1422 492 1485 Nec
507 1428 557 1485 est
567 1421 663 1485 hodie
680 1421 733 1504 (sit
745 1422 816 1485 Deo
826 1421 907 1504 laus)
924 1421 1064 1485 melioris
1075 1427 1162 1484 notae
1174 1421 1353 1505 quisquam,

251 1524 307 1608 qui
330 1524 436 1588 Sacris
450 1524 505 1604 ibi,
524 1532 581 1589 aut
604 1524 665 1588 Rei
680 1524 796 1588 divinae
816 1525 975 1588 subducat
990 1545 1034 1602 sc,
1050 1524 1102 1587 vel
1124 1525 1278 1589 interesse
1299 1525 1354 1589 de·

249 1634 378 1693 tractet.
424 1628 520 1695 Quod
553 1628 636 1712 siqui
666 1650 812 1711 unquam
842 1629 987 1692 extulere
1021 1636 1129 1712 capnt,
1160 1628 1200 1692 dc
1228 1628 1268 1692 iis
1298 1629 1354 1712 qui

250 1733 433 1814 Pupienum
448 1731 602 1816 professi;
624 1732 671 1795 ita
690 1739 739 1796 cst
754 1732 789 1795 in
804 1754 858 1796 eos
874 1731 1142 1811 animadversum,
1158 1739 1195 1795 ut
1211 1754 1250 1796 ex
1265 1738 1355 1796 tron-

250 1837 346 1918 puitto
361 1857 473 1901 eornm
482 1842 579 1914 statu,
594 1836 629 1899 in
643 1856 727 1917 wem
742 1835 852 1898 bonam
864 1836 972 1899 venire
986 1857 1052 1899 non
1067 1843 1174 1919 posset
1191 1836 1353 1915 Pontifex,

250 1939 448 2023 propendere
463 1939 571 2003 animo
587 1941 719 2022 Regem,
732 1947 769 2001 ut
784 1938 905 2003 faveret
917 1940 1075 2022 Papismo.
1115 1939 1213 2017 Quin,
1231 1939 1271 2002 de
1286 1939 1354 2003 No-

252 2043 360 2106 bilium
382 2063 529 2117 numero,
555 2043 609 2127 qni
632 2043 729 2126 primi
752 2064 822 2106 sese
843 2043 984 2106 fautores
1008 2043 1077 2127 ejus
1100 2042 1254 2126 profiteri,
1269 2043 1355 2106 laesae

251 2145 436 2230 Majestatis
457 2146 504 2210 rei
518 2146 606 2223 facti,
633 2147 737 2210 solum
760 2153 884 2210 vertere
905 2146 1017 2224 coacti,
1041 2144 1126 2210 aedes
1147 2167 1259 2209 eorum
1285 2146 1354 2210 solo

251 2249 437 2332 adaequatae.
483 2251 561 2313 Post
586 2270 662 2313 vero
684 2249 740 2326 eis,
766 2270 827 2312 nce
847 2248 888 2312 ad
911 2248 1042 2313 honoris
1063 2249 1208 2331 gradum,
1230 2270 1290 2314 nec
1313 2249 1354 2313 ad

251 2372 320 2416 rem
340 2352 540 2431 familiarem,
557 2352 680 2416 reditus
698 2359 774 2416 ante
790 2352 895 2430 datus,
912 2374 1019 2436 qnam,
1043 2361 1075 2416 et
1096 2353 1214 2436 scripto
1232 2374 1299 2432 suo,
1320 2362 1354 2417 et

248 2456 435 2539 juramento
450 2455 536 2533 dato,
552 2462 586 2518 et
601 2476 675 2519 vero
690 2455 789 2519 etiam
806 2457 1014 2519 Sacramento
1030 2463 1171 2539 sumpto,
1186 2456 1354 2520 abhorrere

252 2577 286 2620 se
301 2558 410 2620 testati
425 2565 534 2621 essent
549 2580 569 2620 o
581 2557 649 2639 fide
664 2559 807 2622 Romana
817 2565 931 2622 vestra.
968 2558 1045 2622 Ain'
1062 2579 1135 2623 vero
1149 2560 1246 2621 vitam
1265 2565 1353 2622 tran·

251 2660 408 2743 quitiam?
454 2661 536 2724 Haec
558 2668 606 2724 est
626 2661 691 2740 illa,
716 2661 860 2744 (scilicet)
887 2683 982 2745 quam
1005 2661 1168 2724 duxerunt
1182 2661 1218 2724 in
1235 2662 1352 2740 Scotia,

250 2764 317 2825 vito
333 2764 513 2844 tranquilla,
530 2763 617 2827 unde
631 2785 702 2846 spes
716 2772 808 2827 tanta
826 2764 986 2843 Pontifici,
1004 2765 1126 2847 Regem
1142 2764 1177 2827 in
1197 2764 1353 2847 religione

250 2873 462 2929 mutaturum.
510 2866 606 2931 Quod
622 2866 712 2931 valde
730 2867 831 2931 voluit
849 2868 1008 2945 Clemens,
1025 2867 1065 2930 de
1088 2888 1126 2930 eo
1146 2866 1207 2931 sibi
1229 2868 1354 2931 somnia

251 2968 362 3032 finxit:
387 2990 469 3031 vana
499 2969 630 3052 quidem
659 2991 715 3053 spe
744 2971 920 3053 productus
949 2977 1008 3048 est,
1034 2976 1068 3033 ct
1094 2969 1260 3034 Cardiuali
1282 2969 1353 3033 haec

250 3072 370 3151 injuria
385 3071 497 3135 nulla?
520 3072 586 3136 imo
601 3075 746 3137 summa!
791 3074 947 3154 Injurieni
970 3073 1057 3136 enim
1087 3072 1164 3135 facit
1191 3073 1353 3136 constanti

250 3174 328 3252 viro,
345 3175 399 3257 qui
416 3183 598 3259 cumputat
614 3177 799 3238 arundinem
813 3182 903 3239 vento
919 3173 1106 3258 epitetoml.

283 3300 356 3360 Quod
375 3303 546 3366 ...scripsit
563 3303 741 3363 Bellarminus‚
754 3304 848 3366 Regem
865 3304 893 3352 in
911 3304 995 3354 Scotia
1012 3303 1170 3362 Puritannm,
1188 3341 1194 3352 .
1213 3340 1219 3353 .
1238 3341 1245 3353 .
1260 3302 1292 3353 ad
1304 3303 1354 3352 his·

314 3385 415 3444 teriam,
434 3399 486 3435 non
504 3384 537 3435 ad
556 3385 675 3448 injuriam
696 3384 923 3450 pertinet-[Bell.
942 3385 1017 3449 Apol.
1035 3400 1080 3449 pro
1096 3382 1180 3448 Resp]
1198 3386 1271 3448 pit.
1285 3383 1353 3448 [0p‚

315 3470 377 3516 tom.
387 3467 430 3517 rii
441 3467 487 3516 eol.
497 3467 552 3519 731.
562 3465 605 3531 A.]

88 3569 230 3648 [Rixam-
293 3566 408 3648 Reperti
429 3566 463 3627 in
479 3566 587 3628 Scotto
603 3564 911 3646 Pnritonmnfuiaae,
928 3563 1101 3641 Cardinali‚
1123 3564 1168 3626 ad
1187 3565 1352 3625 historiam

86 3635 224 3749 immi
244 3669 393 3748 pertinet.
428 3668 630 3731 Historiam?
647 3668 766 3751 quam?
784 3689 802 3730 a
817 3689 881 3750 quo
897 3667 1071 3750 scriptam?
1095 3667 1155 3729 Est
1169 3665 1203 3728 in
1219 3667 1352 3729 historia

86 3762 153 3826 ¹¹⁰⁸]
252 3771 322 3833 Rex
337 3769 422 3851 (eum
433 3769 578 3833 nondum
593 3770 903 3833 decimumoctavum
919 3769 1023 3832 aetatis
1039 3791 1160 3832 annum
1176 3769 1346 3851 attigisset)

251 3871 394 3935 infensus
417 3893 529 3935 eorum
551 3872 672 3936 hostis:
702 3881 734 3936 et
758 3873 812 3956 qui
827 3874 1002 3954 paritatem
1025 3872 1114 3935 illam
1136 3871 1266 3935 illorum
1297 3892 1351 3934 ex-

218 3974 389 4071 Nplodere,
410 3972 581 4059 antiquum
611 3997 686 4040 vero
711 3976 937 4056 Episcoporum
961 3975 1106 4059 regimen
1129 3974 1164 4036 iu
1188 3974 1349 4056 integrum

249 4097 398 4141 revocare
412 4077 449 4141 in
464 4078 571 4142 animo
586 4078 727 4142 haberet.
774 4080 846 4142 Nec
868 4079 964 4142 aliam
980 4077 1096 4141 exinde
1111 4076 1193 4158 Regi
1207 4083 1352 4140 mentem

248 4180 283 4242 in
298 4181 430 4244 historia
445 4180 543 4264 legas
588 4181 642 4245 Ad
656 4182 805 4263 injuriam
816 4202 893 4264 ergo
909 4183 1050 4262 pertinet
1065 4181 1145 4258 hoc;
1169 4178 1209 4243 ad
1224 4180 1352 4242 menda·

250 4283 331 4345 cium
339 4285 499 4366 pertinet;
522 4285 566 4347 ed
579 4286 742 4348 historiam
757 4305 824 4348 non
833 4286 982 4366 pertinet.

282 4426 293 4450 ‘
311 4418 409 4483 [Verba
421 4419 538 4470 Bellarm
550 4420 582 4470 de
600 4420 666 4483 Rege
682 4419 783 4471 Jacobo.
801 4419 868 4470 Vide
886 4421 959 4484 Apol.
979 4435 1025 4484 pro
1043 4419 1124 4484 ltesp,
1140 4419 1202 4470 Bell.
1221 4417 1276 4482 Op,
1287 4420 1350 4467 tom.

249 4483 293 4534 vii.
310 4484 356 4534 eol.
369 4485 425 4537 725.
437 4485 475 4549 C.]
849 4484 861 4515 ⁴
878 4485 962 4550 [Matt
975 4486 1011 4535 xi.
1021 4483 1056 4547 7.]
