2910 4926
108 862 203 977 ,ni

130 926 204 977 udos.
212 924 258 976 1v.

270 276 335 338 194
583 290 625 337 nn
647 289 838 339 conomius
860 289 1059 338 emmunim

269 447 508 528 quinquennium
532 452 605 529 post
629 446 736 510 tenuit
747 473 756 524 3
780 447 938 510 tenuisset
962 446 1093 525 diutine,
1120 445 1183 508 nisi
1207 445 1373 510 blanfredi

272 550 380 633 Spurii
395 570 528 628 veneno,
544 549 594 613 vel
608 550 649 628 ri,
666 550 812 613 sublatus
828 550 868 614 dc
883 551 990 614 medio
1005 550 1152 615 fuissem.

303 676 420 727 Clemens
430 677 477 727 VI.
495 676 652 727 Ludou‘cum
664 677 710 726 lv.
729 677 909 741 Imperatorem
927 716 932 727 .
951 716 957 726 .
975 716 981 726 .
999 713 1005 726 .
1023 677 1130 742 imperio
1146 676 1373 743 privavit—[Bell.

336 758 410 823 Apol.
423 774 468 824 pro
480 758 564 823 Resp]
582 774 606 824 p.
618 763 657 810 65.
675 759 741 825 [Op.‚
753 763 815 808 tom.
826 760 869 809 rii.
880 760 926 809 col.
939 760 994 811 741.
1007 759 1046 823 Β.]

315 858 464 942 Denique
480 861 624 923 Bararus
644 859 684 941 (si
706 859 777 922 sine
800 858 966 922 Pontificis
988 879 1146 921 consensu
1167 879 1235 921 non
1250 858 1287 920 fit
1303 857 1372 921 Im-

108 990 225 1041 clemens
271 965 428 1046 peretor‘i)
449 964 504 1046 qui
519 963 624 1046 potuit
634 964 761 1044 privari
774 962 935 1043 Imperio?
982 963 1097 1043 Spreto
1113 961 1199 1024 enim
1215 961 1373 1025 Pontifice

109 1055 167 1120 Vl]
273 1067 378 1130 iactus
393 1068 575 1150 Imperator
583 1094 592 1145 3
617 1067 724 1145 etiam,
741 1067 795 1149 qui
811 1065 1028 1143 succederent,
1042 1065 1111 1128 fieri
1124 1086 1227 1148 posse,
1238 1066 1373 1128 Decrelo

273 1171 434 1251 Imperieli
450 1171 583 1233 sanxire.
618 1171 720 1254 Cujus
736 1192 773 1233 ea
789 1170 829 1232 de
843 1191 879 1233 rc
894 1170 1062 1232 Decretum
1077 1169 1257 1232 etiimnum
1273 1168 1373 1252 viget.

272 1274 335 1338 Illo
349 1296 434 1351 vero,
447 1274 552 1352 toties,
569 1297 588 1337 a
607 1281 657 1338 tot
672 1273 884 1338 Pontificibus
898 1273 1031 1357 petituS,
1047 1279 1132 1336 totos
1148 1273 1281 1355 liipinlu
1296 1272 1374 1335 duos

273 1399 374 1442 annos
386 1377 477 1456 sedit,
491 1398 552 1440 nec
563 1377 637 1440 ullis
649 1377 843 1441 Pontificum
855 1376 943 1456 diris,
952 1397 1021 1455 nce,
1034 1375 1096 1439 nisi
1111 1384 1214 1439 morte
1231 1376 1372 1456 demum,

272 1482 402 1562 inemerio
411 1483 558 1561 priuatus
572 1487 628 1545 est.

318 1584 460 1648 Omnino
476 1591 585 1647 autem
607 1583 743 1667 insignis
760 1584 830 1646 haec
846 1582 1026 1646 Cardinclis
1041 1581 1190 1661 stultitia,
1207 1582 1234 1644 si
1249 1581 1372 1646 mundo

270 1689 339 1771 jam
364 1694 458 1770 putet
483 1687 668 1770 persuaderi
690 1707 792 1770 posse,
816 1693 853 1749 ut
879 1685 1006 1750 Bullom
1028 1686 1097 1769 jam
1122 1706 1212 1748 suam
1235 1686 1374 1749 ebrellioil

274 1790 432 1869 Pontifex,
448 1798 481 1854 et
490 1791 652 1872 plumbum
667 1790 835 1874 appendit,
846 1810 884 1853 eo
899 1789 967 1872 ipso
981 1790 1108 1870 privari
1123 1790 1251 1870 imperio
1267 1789 1372 1853 Caesa·

272 1916 334 1974 res,
351 1896 464 1979 Reges,
481 1896 590 1978 regnis
611 1895 687 1958 suis.
737 1896 802 1958 Res
825 1893 955 1956 accedat
974 1915 1054 1977 opus
1076 1900 1135 1968 est,
1151 1894 1270 1976 alioqui
1285 1914 1373 1956 enrroe

274 2000 478 2077 Pontificum,
491 2006 521 2062 et
535 2000 602 2061 sine
616 1999 733 2062 uiribus
748 2001 813 2061 ine.
858 1998 936 2060 Non
951 1997 1007 2060 fiet
1023 2006 1130 2060 eutem
1148 1997 1191 2075 id,
1208 1998 1269 2060 nisi
1284 2018 1372 2061 eom·

272 2103 401 2166 mittere
416 2103 503 2166 inter
517 2124 550 2166 sc
566 2103 725 2185 principes
739 2101 848 2185 possit,
864 2101 928 2163 nisi
943 2100 1045 2163 fecem
1061 2101 1210 2184 praeferre
1225 2101 1381 2181 subditis,

273 2206 313 2268 ad
344 2206 534 2269 seditionem
560 2206 709 2288 aliquam.
755 2204 898 2286 Alioqui,
925 2204 1006 2266 vidit
1032 2204 1129 2267 Orbis
1158 2204 1370 2285 Christianus

274 2311 408 2372 Patrum
443 2309 607 2387 memoria,
639 2309 800 2392 privatum
833 2329 935 2390 regno
967 2308 1146 2371 Ilenrieum
1176 2315 1322 2383 nostrum
1353 2332 1373 2373 a

273 2412 442 2476 Clemente
451 2413 556 2489 VII.⁰;
572 2411 709 2474 vidimus
721 2411 792 2495 ipsi,
806 2412 1038 2473 Elimnenullsnt
1050 2419 1193 2474 nostram
1209 2413 1296 2475 aPio
1305 2412 1370 2491 Vl,

273 2516 396 2597 Regem
415 2515 480 2597 (qui
497 2536 599 2598 nuper
613 2515 687 2598 fuit)
707 2514 820 2578 Galliae
836 2536 856 2577 a
872 2515 963 2578 Sixto
972 2515 1025 2592 V,
1041 2537 1059 2577 a
1076 2516 1233 2599 Gregorio
1249 2516 1370 2594 XIV.¹¹,

231 2664 235 2671 .
265 2620 411 2699 privatos
437 2619 591 2700 (inquam)
620 2618 678 2681 hos
702 2618 848 2696 vidimus,
875 2640 934 2682 nec
958 2628 1068 2682 tamen
1087 2622 1241 2701 privatos.
1287 2622 1372 2684 Tum

273 2722 412 2805 disploso
435 2722 470 2785 in
494 2724 558 2785 Eos
583 2723 752 2786 Pontificio
774 2723 836 2786 hoc
857 2724 1003 2801 fulmine,
1020 2746 1078 2806 pro
1095 2725 1238 2807 Regibus
1260 2734 1371 2788 tamen

271 2825 424 2908 legitimis
439 2826 576 2904 habitos,
592 2826 719 2889 habitos
736 2835 843 2890 eutem
858 2849 925 2890 non
942 2828 1049 2890 minus
1068 2828 1107 2891 ab
1124 2829 1172 2905 iis,
1190 2829 1245 2910 qui
1260 2830 1372 2892 Ponti·

272 2928 323 2991 fici
338 2928 503 2992 faverent:
528 2950 666 3012 eumque
684 2930 827 2994 ilenrico
844 2939 965 3008 nostro,
983 2938 1015 2993 et
1031 2932 1182 2994 Carolnm
1199 2933 1370 3011 Caesarem,

271 3039 304 3093 et
324 3052 398 3094 vero
421 3032 628 3095 Franciseum
646 3033 760 3097 Galliae
777 3034 910 3115 Regem,
934 3054 1008 3096 cnm
1031 3034 1239 3096 Idmzsnusns
1260 3042 1372 3098 nostra

272 3135 422 3198 Carolum
436 3135 508 3213 lx,
525 3135 666 3217 aliosque
681 3136 848 3219 principes
865 3135 970 3198 foedus
986 3136 1106 3214 iniisse,
1123 3144 1280 3218 tanquam
1295 3159 1370 3201 cum

269 3237 337 3299 veri
359 3238 499 3300 nominis
522 3238 734 3320 Principibus,
757 3261 824 3302 non
846 3239 997 3302 obstante
1025 3240 1110 3322 quod
1132 3241 1197 3303 Eos
1224 3242 1312 3324 Papa
1337 3250 1371 3304 ct

271 3341 368 3402 sacris
384 3349 417 3404 et
434 3342 555 3424 Regnis
571 3363 627 3423 per
643 3343 839 3405 sententiam
860 3365 950 3405 suam
974 3343 1148 3426 spoliasset.
1195 3344 1268 3406 Non
1284 3345 1371 3407 enim

268 3463 387 3524 semper
408 3443 501 3524 senil,
532 3445 731 3527 quodcunque
757 3447 920 3523 neinnlurl,
945 3446 1069 3509 frdmen
1096 3446 1271 3510 Pontificis
1317 3448 1374 3510 Au

269 3545 348 3606 elios
373 3547 510 3626 pertinet
540 3549 690 3625 enecatio,
718 3547 772 3629 qui
799 3567 882 3630 saepe
908 3556 1018 3610 tamen
1049 3569 1115 3610 non
1141 3558 1275 3612 censent
1299 3571 1371 3616 eue-

269 3648 430 3727 queml-rme.

301 3767 349 3816 Per
371 3782 423 3816 non
445 3768 520 3816 breve
541 3771 643 3830 tempus
661 3769 817 3817 consuevisse
838 3768 975 3832 Episcopoe
996 3784 1012 3818 a
1034 3770 1144 3831 Regibus
1163 3773 1297 3821 investiri:
1326 3773 1370 3823 sed

332 3846 482 3909 Gregorium
496 3848 554 3897 VII.
577 3849 744 3898 fortissimum
763 3850 881 3899 Ecclesiru
902 3850 949 3899 Dei
968 3851 1094 3900 vindicem
1112 3889 1118 3902 .
1138 3890 1143 3902 ,
1161 3890 1167 3901 .
1186 3868 1236 3903 non
1254 3856 1371 3905 timuisse

330 3932 427 3978 veteres
438 3934 463 3977 et
475 3934 573 3980 sanetas
590 3931 777 3980 Ecclesiasticus
793 3932 862 3994 leges
879 3947 992 3982 revocare
1010 3937 1085 3996 atquc
1104 3933 1243 3984 defendere.
1275 3935 1372 3986 Scribit

299 4123 309 4153 Ρ
327 4113 404 4179 [Vide
417 4114 539 4164 ductores
550 4116 641 4165 citatos
653 4116 680 4163 in
689 4115 796 4165 'Portura
839 4117 911 4166 Pauli
932 4117 978 4165 Ill.
1002 4116 1086 4180 ‘Ejus
1109 4117 1153 4180 qni
1174 4118 1371 4168 immobilis!-

267 4178 345 4237 Torti,
363 4194 404 4293 pp.
417 4183 473 4239 323,
485 4183 540 4228 324.
560 4180 627 4229 Edit.
641 4179 729 4243 noste]
840 4181 932 4231 Bullnr.
945 4181 1016 4230 Rom.
1034 4188 1094 4230 tom.
1108 4183 1123 4230 i.
1142 4197 1183 4245 pp.
1197 4184 1345 4248 eos-711]

299 4254 310 4284 ‘¹
327 4245 372 4309 [Vi
391 4245 616 4307 ellayuuld.Cont-.
626 4248 693 4293 Anu.
703 4245 794 4294 Boron.
871 4249 879 4277 ⁸
896 4246 973 4310 [Vide
986 4246 1085 4294 Bulinm
1095 4248 1125 4295 ci.
1141 4247 1178 4296 l‘ii
1189 4247 1219 4297 V.
1234 4247 1369 4311 ‘Regnans

266 4308 368 4360 adanu
382 4312 452 4359 1323.
466 4309 543 4358 Num.
556 4325 616 4358 xxx.
630 4315 690 4358 tom.
703 4310 759 4373 xu]
839 4312 866 4359 in
886 4311 1037 4360 excelsis’-
1046 4310 1139 4361 Bullur.
1164 4312 1235 4361 Item.
1261 4318 1322 4362 tem.
1342 4317 1368 4364 ii.

298 4383 308 4408 ²
327 4374 406 4437 [Vide
424 4374 494 4423 Decr.
514 4373 577 4423 Lud.
592 4374 636 4423 IV.
654 4374 721 4437 upnd
739 4375 795 4424 Gol·
838 4390 880 4439 pp.
893 4378 950 4433 324,
963 4376 1033 4439 323]

266 4437 330 4488 dest.
343 4439 427 4488 Const
441 4438 504 4501 Imp.
517 4444 577 4488 tom.
591 4439 627 4487 iii.
646 4453 669 4501 p.
683 4438 750 4503 eoa]
871 4449 884 4471 '¹
902 4440 983 4506 [Vide
994 4455 1076 4505 supin,
1094 4455 1117 4504 p.
1132 4441 1185 4491 172,
1203 4446 1254 4491 not.
1267 4441 1300 4507 ‘¹.]

302 4513 311 4535 ¹
335 4503 371 4568 [A
394 4503 473 4554 Penio
492 4502 540 4553 ΙΙΙ.
573 4503 640 4554 Vide
664 4502 729 4552 Bull.
749 4505 793 4554 rii.
870 4513 881 4535 '
898 4504 976 4570 [Vide
986 4504 1047 4555 Hor.
1057 4504 1142 4568 Epud
1152 4506 1234 4556 Pison.
1244 4507 1290 4557 lin.
1299 4509 1369 4574 oto]
