2910 4926
287 286 351 348 ‘260
600 300 643 347 ιι)
665 298 855 346 crasmarus
876 297 1075 345 saturamur

126 466 263 532 [Reliquiae
331 454 403 518 Nec
426 453 533 518 abnuo
557 453 663 530 luisse,
686 454 796 538 primis
817 454 880 517 illis
901 453 1110 537 temporibus,
1127 451 1181 535 qui
1203 451 1328 514 ἀοιιιιιιη
1343 468 1397 513 ae·

126 531 219 646 ἓξὲξ
288 579 373 637 cum,
390 559 526 642 peractis
545 560 651 636 sacris,
667 559 758 642 panis
774 558 949 622 consecrati
967 557 1160 638 particulam
1179 556 1395 636 mmm»

124 676 192 723 ⁸⁸³1)a
203 660 243 709 do·
289 662 345 725 sed
361 663 430 746 ejus
444 662 555 746 ipsius,
572 683 636 744 quo
656 661 744 744 prius
760 662 794 724 in
809 660 961 738 Ecclesia,
978 658 1290 733 communicassent;
1316 676 1396 720 cum

125 741 236 854 puppam]
289 775 323 829 ct
342 765 389 829 ibi
405 766 541 828 alteram
557 786 683 848 quoque
698 766 837 849 speciem
851 785 919 828 nou
934 763 1042 827 minus
1058 763 1280 846 sumpsissent.
1326 758 1397 823 Ubi

267 870 389 947 ·enim,
409 868 564 932 mandato
579 868 701 932 Christi
723 868 934 946 satisfactum,
950 866 1092 930 edissent
1116 866 1156 929 de
1178 884 1272 949 pane,
1292 860 1398 927 bibis-

291 978 363 1036 sent
379 971 419 1034 de
435 971 552 1049 calice,
580 992 621 1033 ne
641 977 743 1034 totam
760 970 850 1055 panis
864 971 1046 1054 portionem
1061 988 1250 1033 consumere
1263 986 1397 1030 necesse

292 1079 387 1152 esset,
411 1074 612 1157 permissum,
631 1081 670 1137 ut
694 1073 876 1157 decerptam
900 1072 940 1135 de
966 1093 1048 1155 pane
1072 1069 1263 1155 particulam
1289 1066 1397 1132 defer-

293 1183 367 1239 rent
383 1196 500 1253 sccum,
517 1185 725 1254 asservarent,
742 1197 839 1259 quam
854 1182 929 1239 ante
946 1195 1075 1238 omnem
1092 1174 1200 1238 cibum
1216 1178 1397 1249 sumerent,

294 1302 357 1363 qua
384 1300 428 1358 sc,
453 1280 479 1342 si
502 1281 683 1363 persecutio
709 1281 883 1363 ingrueret,
908 1279 1097 1356 solarentur,
1125 1299 1192 1341 non
1220 1283 1259 1340 ut
1283 1276 1399 1338 maus

292 1389 402 1445 tamen
416 1383 629 1462 Eucharistia,
646 1383 702 1447 scd
715 1391 754 1447 ut
768 1382 910 1466 reliquiis
924 1383 1070 1464 integrae.

324 1533 397 1583 Nulli
410 1534 509 1599 [Neque
521 1535 579 1596 ulli]
591 1542 664 1585 erant
675 1538 702 1585 in
714 1536 832 1585 domibus
848 1536 969 1586 laicorum
986 1535 1075 1584 calices
1090 1534 1154 1583 sacri
1164 1531 1197 1583 ad
1208 1531 1398 1582 Eneharistim

357 1616 404 1664 snb
422 1616 477 1664 vini
497 1617 579 1678 specie
597 1616 801 1667 conservandam.
813 1644 846 1653 -
857 1616 932 1681 [Bell.
950 1616 1023 1679 Apol.
1040 1629 1086 1678 pro
1103 1613 1187 1678 Resp]
1210 1630 1234 1678 p.
1248 1616 1304 1664 104.
1329 1613 1399 1679 [Op.,

338 1711 341 1715 ’
358 1700 419 1745 tom.
431 1697 474 1745 vii.
487 1697 532 1746 col.
546 1698 601 1749 763.
614 1697 655 1759 B.[

29 1836 32 1843 ¹
132 1823 216 1890 [Quod
337 1814 392 1877 An
407 1836 482 1877 vero
505 1820 538 1877 et
562 1815 675 1878 vinum
699 1815 902 1894 asseruerint,
925 1815 1085 1878 incertum
1096 1839 1106 1890 ;
1134 1835 1209 1878 cum
1230 1821 1300 1876 tam
1324 1834 1398 1897 pos-

132 1893 219 2003 [Q
228 1903 282 2003 [fg
295 1924 367 1979 sent
382 1917 418 1979 in
430 1937 504 1980 vase
519 1937 586 1980 nou
601 1938 694 1981 sacro
709 1919 830 1997 vinum,
844 1939 940 2001 quam
951 1919 986 1979 ia
1001 1918 1081 1980 cista
1096 1937 1157 1979 aaa
1170 1936 1263 1979 sacra
1279 1937 1398 1999 panem

133 2017 226 2082 alesia]
296 2039 459 2100 reponere.
507 2021 554 2082 At
584 2019 624 2082 dc
653 2020 796 2103 reliquiis
820 2020 895 2097 illis,
920 2042 998 2103 quas
1024 2027 1246 2096 asservasscnt,
1272 2019 1399 2101 quotics

297 2121 461 2204 demptam
476 2121 666 2205 particulam
679 2124 784 2207 jejuni
800 2130 974 2202 sumerent,
990 2144 1056 2185 non
1076 2130 1155 2206 puto
1170 2122 1233 2185 dici
1246 2130 1399 2205 poterant

297 2225 393 2288 toties
410 2226 544 2309 synaxin
557 2226 643 2289 domi
654 2226 840 2291 celebrasse.
884 2228 928 2290 Et
939 2227 1000 2290 hoc
1015 2227 1131 2310 ipsum,
1146 2227 1232 2309 quod
1246 2226 1398 2289 toleravit

297 2327 337 2390 ad
352 2335 479 2411 tempus
494 2329 648 2407 Ecclesia,
663 2336 746 2412 post,
763 2329 893 2394 decreto
907 2351 965 2394 suo
981 2329 1110 2393 smtulit
1118 2327 1136 2393 ¹.
1181 2330 1230 2393 Ut
1244 2329 1326 2392 nihil
1342 2329 1396 2391 hic

297 2431 432 2494 aedifieet
447 2452 465 2494 c
480 2432 630 2496 Patribus
646 2432 834 2510 Cardinalis,
854 2433 917 2496 nisi
939 2432 1024 2515 quod
1038 2433 1149 2495 Patres
1168 2432 1229 2515 ipsi
1250 2439 1324 2514 post
1340 2431 1396 2495 de-

178 2536 241 2598 192
298 2532 483 2594 struxerint.
529 2533 621 2596 Adeo
636 2532 762 2596 caducis
777 2533 973 2597 fulcimentis
988 2534 1057 2596 haec
1071 2554 1167 2597 cansa
1180 2533 1306 2596 nititur.

330 2682 405 2747 Apud
422 2687 517 2734 veteres
534 2684 690 2734 consuevisse
707 2685 797 2735 delerri
815 2685 847 2735 ad
864 2690 972 2747 aegrotos
982 2685 1166 2734 Eucharistiam
1183 2685 1230 2734 sub
1246 2685 1300 2734 sola
1313 2686 1397 2748 specie

361 2766 441 2828 panis,
455 2773 484 2814 ut
503 2770 593 2815 notum
609 2770 647 2815 est
667 2782 700 2816 ex
720 2767 834 2830 Epistola
851 2767 967 2829 Dionysii
985 2766 1124 2830 [Episcopi]
1142 2765 1310 2816 Alexandrini
1328 2765 1397 2829 apud

362 2846 499 2896 Eusebium
516 2846 560 2895 lib.
572 2847 605 2895 vi.
624 2846 714 2911 [Hist]
732 2863 752 2897 c.
766 2847 943 2911 ace—[bell.
956 2848 1031 2910 Apol.
1049 2862 1094 2910 pro
1110 2846 1197 2910 Resp]
1217 2862 1241 2910 p.
1255 2850 1310 2898 105.
1330 2848 1397 2913 [Op.,

361 2931 422 2977 tom.
435 2928 478 2976 vii.
489 2927 535 2977 col.
548 2928 602 2978 763.
616 2929 657 2992 E]

134 3039 238 3117 [pucha
340 3033 392 3097 Ad
407 3055 505 3116 apros
520 3045 552 3097 et
568 3036 708 3098 absentes
723 3037 857 3098 demtum
873 3058 891 3098 a
907 3037 1057 3099 Diaconis
1068 3036 1305 3099 Eucharistiom
1320 3057 1396 3099 con·

135 3103 264 3231 [mgb
297 3142 370 3215 stat,
387 3137 442 3199 sed
460 3139 622 3219 intepram,
639 3146 672 3201 et
690 3144 821 3220 atraque
842 3141 951 3219 specie,
967 3138 1059 3221 panis
1079 3138 1201 3216 etvini,
1217 3160 1285 3201 non
1304 3140 1399 3222 panis

134 3231 259 3296 smeiead
298 3239 375 3304 sola.
409 3240 487 3303 ‘Sed
507 3249 540 3304 ct
555 3250 851 3324 praeconsccratam‚
867 3241 974 3304 viatici
989 3242 1068 3317 loco,
1086 3241 1126 3304 ad
1141 3242 1281 3304 animam
1297 3264 1396 3324 agen·

133 3312 235 3426 iffi]
297 3348 355 3405 tes.
401 3344 488 3406 Nam
503 3344 594 3427 panis
610 3344 748 3427 speciem
762 3365 828 3408 non
844 3345 955 3420 solam,
967 3343 1106 3407 delatam
1122 3344 1163 3407 ad
1176 3345 1396 3428 Serapionem,

297 3544 365 3577 num.
378 3532 436 3577 sect.
447 3529 486 3578 15.
504 3527 559 3591 Op..
572 3532 632 3577 ιοιιι,
642 3529 658 3577 i.
670 3529 716 3578 col.
730 3530 784 3579 225.
794 3527 825 3576 D.
870 3528 940 3578 velut
951 3529 1085 3590 sacrilegus
1101 3530 1395 3594 propellatur.”]—Ooue.

298 3594 345 3642 Cui
357 3594 411 3641 loco
423 3591 513 3641 Editor
524 3592 663 3654 snb'ungit‚
680 3596 696 3619 “
706 3592 775 3641 Hinc
786 3607 826 3655 ap
870 3593 949 3642 'folet
962 3593 982 3642 Ι.
1000 3592 1085 3657 C[an.]
1098 3594 1149 3642 xiv.
1167 3593 1239 3658 [ibid.
1257 3596 1303 3645 col.
1319 3598 1395 3646 {aaa

297 3661 368 3721 paret
375 3657 513 3706 obtinuisse
523 3657 556 3706 ad
567 3608 620 3705 llaec
628 3671 705 3719 usqua
713 3661 827 3719 tempora
870 3657 915 3720 Ι).]

297 3720 510 3779 consuetudinem,
522 3725 551 3769 ut
562 3721 648 3770 fideles
660 3720 825 3770 Eucharistiae
901 3730 918 3752 ¹¹¹
935 3721 1026 3786 [Βραχὺ
1043 3724 1086 3779 τῆς
1107 3723 1257 3786 εὐχαριστίας
1277 3723 1396 3775 helom

298 3784 487 3835 Sacramentum
510 3783 579 3834 domi
606 3784 735 3845 haberent,
758 3785 824 3849 quod
868 3789 903 3848 uqi
922 3786 1040 3847 παιδαρίῳ,
1063 3785 1190 3849 ἂποβριξαι
1209 3787 1332 3846 κελεύσας,
1356 3791 1396 3840 καὶ

297 3847 455 3911 semermis]
868 3854 903 3912 τῷ
919 3850 1043 3915 πρεσβύτῃ
1065 3852 1126 3900 κατὰ
1145 3855 1188 3900 τοῦ
1208 3855 1327 3913 στόματος
1350 3855 1396 3902 ἔπι·

331 3912 338 3942 ¹
365 3914 391 3974 [“
404 3911 469 3961 Item
492 3912 555 3973 legii
584 3912 686 3971 (Lucius
710 3914 753 3976 sc.)
777 3913 823 3962 Eu·
868 3916 960 3977 στάξαι.
977 3915 1094 3972 ἐπανῆκεν
1114 3918 1127 3963 d
1146 3918 1199 3966 παῖς
1217 3915 1302 3981 φέρων·
1320 3919 1396 3979 ἐγγύς

298 3976 424 4026 charistia
446 3977 555 4037 gratiam
578 3978 599 4026 si
621 3979 677 4041 quis
704 3979 825 4040 probatur
866 3999 894 4027 re
912 3977 1048 4040 γενομένου,
1060 3981 1114 4041 πρὶν
1129 3979 1257 4039 eleaticis,
1266 3981 1397 4041 ἂνενίγκαι

297 4046 424 4103 acceptam
449 4053 500 4088 non
522 4043 664 4104 sumpsisse.
687 4044 725 4102 (in
742 4059 822 4106 morp.
867 4043 940 4092 πάλιν
951 4045 964 4092 d
976 4044 1107 4105 Σαραπίων,
1119 4043 1202 4104 ‘inea'
1221 4045 1275 4109 ἔφη,
1287 4046 1395 4096 ’τέκνον

298 4104 498 4167 consumpsisse),
510 4105 644 4155 anathema
666 4107 701 4155 sit
722 4109 749 4155 in
772 4122 824 4170 per-
868 4109 906 4156 nal
923 4110 936 4156 d
951 4107 996 4168 ab
1011 4108 1173 4173 πρεσβύτεροι
1189 4112 1268 4159 ἐλθεῖν
1286 4112 1328 4160 οὐκ
1344 4113 1396 4168 itu

298 4173 410 4232 peiuum.
444 4169 485 4217 Ab
497 4170 620 4219 universis
632 4170 765 4233 Episcopis
774 4170 823 4220 dic·
867 4172 932 4230 νήθη·
952 4172 982 4222 σύ
1001 4172 1026 4222 δὲ
1044 4172 1144 4232 ποίησον
1161 4176 1256 4236 ταχέως
1273 4176 1301 4224 τὸ
1325 4194 1397 4237 προσ·

298 4239 353 4282 tum
376 4238 421 4292 est,
449 4233 675 4348 Plaect'E-Conc.
700 4235 822 4285 Casama
866 4236 962 4298 ταχθὲν,
976 4238 1015 4285 καὶ
1028 4237 1225 4300 detinuerim)
1239 4239 1397 4302 drifipsterri

297 4303 365 4360 gost.
393 4297 453 4347 Can.
475 4298 512 4346 iii.
537 4299 621 4363 [¹0nc.
644 4306 705 4348 tom.
722 4301 749 4348 ii.
775 4300 821 4349 col.
866 4304 928 4359 ταῖς,
941 4303 979 4350 καὶ
996 4300 1043 4361 ἅμα
1058 4321 1086 4350 τε
1105 4302 1188 4364 ἐνέχει
1205 4307 1239 4366 τῷ
1250 4304 1397 4363 στόματι.-

299 4365 369 4412 1010.
383 4363 412 4411 Α.
866 4364 955 4414 Euseb.
981 4364 1048 4415 Ilist
1072 4366 1139 4417 Eccl.
1162 4368 1205 4417 lib.
1224 4370 1257 4417 vi.
1281 4384 1334 4432 cap.
1355 4372 1395 4418 44.

330 4426 382 4476 “Si
425 4427 465 4476 uis
485 4432 569 4476 autem
594 4432 721 4491 acceptam
745 4444 760 4477 a
787 4444 822 4478 sa-
866 4430 1057 4495 pp.317‚318.]

296 4490 396 4541 cardeia
408 4441 593 4542 Eucharistiam
611 4507 661 4541 non
678 4494 821 4558 sumpserit,
