2910 4926
264 277 329 341 316
579 296 622 346 no
644 296 836 347 omnmmrs
856 297 1055 349 emmam

297 448 421 514 Oportet.
434 486 458 500 ..
470 450 544 502 valde
552 451 663 504 debilem
674 455 746 518 (eme)
755 456 874 520 spiritum
886 455 937 505 oria
948 454 1052 514 Obrbti,
1060 454 1084 504 et
1091 451 1281 504 Antiebrlatnm
1291 467 1368 519 snpra

328 532 401 583 mille
411 547 491 583 annos
499 540 647 597 regnantem
659 572 665 587 .
678 573 684 586 .
696 573 703 586 .
715 573 721 586 .
734 536 855 588 oonfioere
866 552 918 587 non
928 537 1050 601 potnit·
1056 534 1134 601 [liell.
1143 534 1218 600 Apeb
1225 550 1271 601 pro
1280 533 1366 601 Reno]

329 630 353 679 p.
367 618 421 666 132.
445 616 512 681 [Op.‚
524 619 637 668 tomvii.
648 620 695 669 ool.
706 621 761 671 778.
775 619 817 685 1).]
1324 626 1329 632 ’

307 716 400 794 lirin,
416 715 497 779 illud
519 717 657 782 alterum
681 719 719 782 de
743 719 865 802 Spiritu
889 719 1007 782 Obrieti
1029 718 1132 796 debili,
1155 719 1209 800 qui
1231 723 1279 782 tot
1292 719 1366 800 jam

265 840 363 882 annor
385 821 616 884 Antichrietam
645 843 706 885 non
735 824 935 901 interemerit,
962 808 1130 887 Gladiator
1158 821 1220 885 hoo
1249 822 1364 906 aliquia

263 922 346 987 forte
362 921 479 1006 culpet,
497 925 552 1007 qui
571 946 636 990 uno
652 927 761 990 statim
782 926 949 990 machaerae
968 925 1036 990 ictu
1056 947 1125 989 rem
1142 924 1363 1003 conticitum

265 1028 453 1108 cardinalis,
469 1030 524 1112 qui
542 1031 632 1094 lenta
654 1040 757 1096 morte
772 1040 839 1096 tem
861 1032 920 1096 soit
940 1031 1073 1095 interire
1095 1030 1251 1110 homines,
1268 1052 1364 1115 quam

263 1135 440 1217 repentine,
457 1155 517 1199 nec
539 1136 678 1200 interfici
696 1136 802 1216 modo,
820 1137 874 1220 qui
895 1135 1005 1200 statim
1022 1134 1172 1213 concidit,
1188 1135 1245 1199 eed
1260 1144 1293 1199 et
1308 1134 1364 1218 qui

263 1236 378 1301 hausto
393 1236 490 1302 odore
505 1259 599 1322 saepe,
615 1240 666 1303 vel
683 1240 799 1323 spiritu
812 1262 878 1305 non
898 1239 993 1318 bono,
1010 1239 1071 1303 etsi
1085 1246 1158 1322 post
1173 1238 1364 1303 diuturnum

262 1339 462 1424 languorem,
488 1341 621 1404 tandem
652 1351 761 1405 tamen
791 1342 937 1407 moritur.
984 1342 1159 1405 Pontifices
1188 1340 1251 1405 hoc
1280 1362 1364 1426 saepe

262 1451 441 1522 senserunt,
468 1450 506 1506 ut
528 1445 590 1508 toti
614 1446 725 1509 Rornae
750 1444 927 1508 ludibrium
957 1444 1082 1522 debeat,
1108 1444 1136 1507 si
1164 1442 1225 1507 hoc
1255 1455 1363 1528 neget.

264 1547 406 1611 Omnino
420 1548 557 1632 languor
575 1548 640 1627 ille,
660 1550 729 1630 (seu
744 1549 837 1612 melia
853 1549 1043 1612 debilitatem
1058 1547 1178 1629 dicere)
1193 1548 1243 1611 via
1257 1555 1307 1611 eet
1323 1547 1364 1611 ad

262 1652 441 1716 interitum.
487 1653 583 1716 Viam
599 1654 655 1738 qui
675 1654 838 1736 ingressus
860 1660 920 1732 est,
937 1652 997 1716 etei
1019 1673 1086 1715 non
1105 1659 1254 1735 properat
1267 1653 1362 1729 forte,

262 1756 393 1820 tandem
416 1764 525 1820 tamen
546 1757 586 1821 ad
602 1759 661 1821 viae
683 1758 857 1821 terminum
878 1764 1088 1840 perventurus
1109 1766 1167 1819 est.
1213 1756 1363 1834 Interim,

263 1859 434 1924 etermino
454 1860 495 1923 ad
511 1882 616 1943 quem,
633 1869 740 1925 motus
760 1860 961 1926 denominari
982 1860 1072 1923 solet.
1119 1860 1162 1923 Et
1183 1859 1364 1924 Cardinalie

263 1964 343 2027 ledit
357 1964 434 2047 ipse,
447 1963 524 2027 dum
540 1964 585 2027 eie
597 1965 738 2048 opponit,
749 1986 810 2029 oen
825 1965 911 2042 dicit,
922 1965 1104 2041 debilitabit,
1116 1964 1174 2027 eed
1185 1963 1362 2045 interficiet.

263 2069 447 2152 Utrumque
472 2069 568 2148 dioit;
592 2068 737 2153 opposita
759 2069 827 2132 baeo
849 2091 916 2133 non
938 2075 1034 2146 sunt,
1058 2068 1248 2131 debilitando
1273 2069 1361 2132 enim

262 2173 437 2255 interficiet.
485 2175 552 2239 Scit
574 2174 671 2253 enim,
693 2175 747 2257 qui
769 2173 879 2236 multia
902 2172 1087 2236 vulneribus
1110 2171 1284 2251 confossus,
1306 2174 1361 2258 qui

263 2277 297 2340 in
312 2278 414 2360 gradu
428 2278 544 2344 ultimo
559 2279 600 2342 sit
616 2279 797 2355 debilitatio,
813 2300 832 2340 a
847 2285 950 2340 morte
965 2298 1031 2341 non
1047 2276 1185 2339 multum
1200 2276 1318 2341 abesse.

296 2413 380 2463 Satine
393 2452 398 2464 .
411 2451 417 2464 .
436 2419 475 2464 eet
490 2414 595 2465 andire.
610 2452 616 2463 .
629 2453 636 2464 .
648 2414 743 2472 Patres,
759 2414 802 2477 qui
820 2428 864 2478 per
882 2413 1001 2477 spiritum
1019 2416 1070 2464 orie
1081 2451 1087 2463 .
1100 2451 1107 2463 .
1119 2450 1135 2474 .,
1146 2429 1198 2464 non
1214 2415 1367 2478 intelligunt

326 2495 531 2559 praedicationem
548 2496 618 2545 verbi
631 2532 636 2544 .
649 2533 655 2545 .
667 2532 682 2555 .,
695 2510 751 2557 quie
767 2494 799 2544 ad
816 2495 931 2554 salutem,
943 2509 994 2544 non
1006 2531 1013 2545 .
1025 2531 1031 2544 .
1044 2532 1050 2544 .
1063 2494 1231 2559 perditionem
1247 2495 1365 2546 adhiberi

326 2576 396 2634 solet,
406 2575 448 2626 aed
458 2581 607 2640 potestatem
621 2613 626 2626 .
640 2614 645 2624 .
659 2614 665 2625 .
678 2575 892 2639 Christi-[Bell.
901 2576 1028 2639 Apolpro
1038 2576 1365 2641 Reep.]p.132.[0p.,torn.

325 2659 368 2706 vii,
380 2659 436 2707 coll.
449 2659 503 2710 779.
516 2658 559 2722 A.]

307 2758 418 2820 Simile
438 2765 471 2821 et
488 2758 578 2836 illud,
595 2759 854 2822 Proedicntionem
869 2759 954 2821 verbi
976 2760 1037 2822 Dei
1058 2760 1200 2823 adbiberi
1214 2760 1259 2822 ad
1277 2762 1368 2822 eata·

263 2867 332 2935 tem,
363 2882 423 2923 non
446 2862 674 2942 perditionem:
713 2863 803 2945 quasi
832 2884 899 2925 non
929 2861 1053 2945 legerit,
1084 2864 1216 2926 Odorem
1245 2884 1366 2946 qaoque

262 2966 372 3027 mortio
387 2966 431 3027 od
448 2973 576 3029 mortem
591 2987 656 3028 ease
671 2968 704 3028 in
718 2968 769 3043 iie,
786 2968 838 3047 qai
849 2964 1007 3048 pereunte
1016 2993 1026 3040 ;
1049 2965 1122 3045 nisi,
1139 2967 1166 3029 si
1182 2968 1251 3050 jam
1267 2967 1316 3030 illi
1331 2967 1366 3030 in

262 3068 370 3131 animo
384 3076 444 3145 est,
460 3071 591 3131 salutem
606 3069 703 3132 etiam
719 3069 833 3132 afferre
854 3068 891 3151 (si
906 3070 1023 3151 potest)
1042 3071 1248 3133 Antichristo.
1273 3071 1363 3133 Nem

263 3170 303 3233 de
324 3170 541 3255 Hieronymoi
564 3192 636 3254 quae
659 3171 762 3250 affert,
790 3178 822 3235 et
844 3170 1107 3256 Chrysostomok,
1125 3180 1217 3236 recte
1241 3173 1364 3236 consis-

141 3267 205 3329 229
263 3280 356 3337 tunt:
380 3275 445 3352 ubi,
461 3276 543 3338 viros
559 3277 628 3359 ejus
643 3275 700 3338 diu
719 3275 851 3354 attrivit,
868 3283 1032 3339 momento
1047 3276 1178 3338 tandem
1199 3274 1239 3339 de
1255 3276 1364 3339 medio

260 3378 362 3442 tollet.
409 3379 480 3441 Neo
495 3378 548 3441 hio
564 3378 693 3461 quidem
709 3379 809 3460 igitur
824 3379 874 3441 vel
894 3378 1068 3441 debilitavit
1084 3378 1273 3456 Cardinalis,
1289 3400 1363 3462 quae

261 3484 331 3546 Rex
347 3483 467 3546 attulit.

292 3618 416 3684 [Oonatur
426 3618 556 3668 ostendere
567 3618 704 3668 Ecclesiam
722 3627 834 3669 nostram
850 3634 903 3669 eme
915 3620 1150 3679 Antichrietianam,
1162 3619 1221 3682 qnia
1234 3618 1315 3682 jactet
1326 3621 1364 3669 in·

326 3703 493 3753 numerabilia
506 3703 634 3760 miracula,
654 3717 711 3765 quee
728 3706 815 3752 tamen
834 3704 887 3752 eint
906 3705 1032 3753 contraria
1051 3719 1102 3753 ana
1122 3704 1202 3767 ipsiue
1224 3703 1359 3754 doetrinae.

325 3783 424 3833 -Bell.
435 3784 508 3847 Apol.
522 3799 566 3847 pro
577 3783 649 3846 Resp.
661 3798 686 3846 p.
700 3786 760 3844 1323
777 3789 803 3833 et
815 3783 870 3847 Op,
880 3788 941 3833 tom.
954 3785 998 3834 vii.
1010 3785 1056 3834 eol.
1068 3785 1123 3837 779.
1137 3783 1177 3848 Β.]

293 4001 405 4053 ὴ2001.
417 4003 443 4052 ii.
456 4005 494 4053 16.
833 4002 900 4051 Vall.
923 4002 962 4064 (al.
982 4003 1034 4064 eli.)
1051 4002 1082 4051 ed
1104 4003 1189 4066 Algae
1209 4002 1301 4060 Qnmet
1323 4002 1360 4052 11.

292 4067 299 4103 ¹
323 4065 789 4146 [“QaenrDorrrirrueJeeaeinterfieiet
833 4067 889 4129 Op„
901 4072 962 4116 tom.
974 4068 991 4115 i.
1004 4068 1060 4117 coll.
1072 4070 1128 4117 882.
1140 4067 1168 4126 ll,
1181 4069 1235 4117 883.
1246 4066 1289 4131 A.]

260 4133 357 4198 &piritu
384 4135 438 4182 orie
463 4134 524 4191 eui,·
557 4133 645 4181 divina
671 4131 790 4181 videlieet
865 4130 876 4162 ¹
896 4133 937 4196 [⁴0
953 4133 1056 4193 Χριστὸς
1072 4133 1262 4194 τῷδπιτάγματι
1278 4130 1359 4192 μόνον,

261 4204 393 4263 potestate,
407 4204 433 4248 et
449 4214 500 4247 auae
518 4197 658 4259 maiestatis
674 4197 789 4260 imperio,
834 4197 873 4246 nal
885 4199 916 4261 τῇ
930 4197 1047 4261 παρουσίᾳ
1064 4198 1108 4246 τὸν
1124 4198 1290 4260 Ἀντῖχριστον
1308 4198 1361 4248 dea·

260 4265 331 4328 eujus
338 4264 449 4328 jueeiaee,
459 4262 544 4312 ieeieee
553 4266 605 4321 eat;
622 4276 673 4310 non
682 4261 710 4309 in
721 4277 789 4311 exer·
833 4260 915 4310 idaei.
935 4263 1004 4325 ἀρκεῖ
1015 4265 1122 4325 παρεῖναι
1137 4263 1217 4319 αὐτὸν,
1231 4264 1271 4311 καὶ
1285 4265 1361 4311 ταῦτα

260 4330 326 4378 eitun
336 4327 511 4381 multitudine,
523 4341 574 4374 non
585 4326 613 4374 in
625 4326 712 4374 robore
724 4326 789 4374 mili·
833 4325 912 4375 πάντα
922 4328 1043 4376 ἀπόλωλε·
1054 4326 1138 4382 στήσει
1151 4327 1199 4386 τὴν
1209 4327 1311 4385 ἀπάτην,
1322 4328 1362 4376 eal

259 4398 325 4453 tum,
338 4407 389 4442 non
403 4393 432 4441 in
445 4392 486 4440 An
519 4391 601 4440 lorum
618 4391 728 4450 anxili03
745 4390 788 4441 sed
831 4393 915 4453 wele
933 4391 1071 4451 adria-S.
1088 4391 1216 4454 chrysost.
1230 4390 1307 4441 Hom
1326 4393 1359 4440 ir.

259 4459 347 4508 statim
364 4460 393 4506 nt
410 4456 455 4506 ille
473 4406 611 4514 edienerit,
624 4455 790 4505 interficietur
832 4456 859 4504 in
880 4458 895 4504 2
911 4455 996 4507 Theee.
1009 4457 1066 4522 Op,
1083 4462 1143 4508 tom.
1161 4458 1196 4506 iv.
1208 4471 1231 4521 p.
1245 4459 1301 4508 285.
1313 4455 1360 4506 lin.

253 4521 498 4574 Antichristua”-
511 4519 536 4570 S.
560 4520 632 4571 Hier.
652 4520 699 4586 Ep.
721 4521 788 4570 cxxi.
833 4519 884 4585 lt]

82 4606 138 4640 R
