2910 4926
258 266 301 329 28
573 284 616 332 an
638 285 829 333 clamanus
851 284 1048 332 semaraim

259 436 401 509 duceret,
427 448 522 521 atque
549 441 595 502 ita
624 440 773 504 illuderet
804 442 905 524 Regi:
939 442 1061 504 farctum
1091 440 1176 518 inde,
1203 450 1240 502 ut
1272 442 1362 504 licai-

257 541 343 605 ricus
359 543 459 606 VIII.
476 550 586 607 noster
607 553 768 609 revocaret
792 546 832 609 ad
853 568 896 622 se,
913 545 998 629 quod
1017 566 1111 607 suum
1132 552 1218 608 erat:
1244 547 1314 608 Nec
1330 548 1360 608 id

257 652 368 710 tamen
390 647 489 730 prius,
509 670 605 731 quam
628 649 714 713 edite
738 650 820 713 libro
845 651 952 732 (quein
977 650 1048 712 ‘De
1069 671 1142 712 vera
1164 649 1361 712 obedientia'

258 751 445 834 conscripsit
471 760 541 815 tum
569 754 752 836 Stephanus
772 754 1005 817 wintoniensis
1030 755 1205 836 Episcopus
1213 763 1234 831 ⁸,
1255 755 1303 817 vir
1325 776 1362 816 eo

258 855 373 920 saecqu
398 857 507 940 magni
528 858 615 921 inter
630 858 740 921 doctos
766 858 916 940 nominis)
943 879 1046 921 causae
1072 858 1181 940 Regiae
1201 857 1361 940 justitiam

258 959 339 1023 Orbi
355 959 540 1025 Christiano
561 961 688 1026 abunde
704 963 780 1025 satis
800 961 975 1046 probasset.
1022 961 1083 1025 Cui
1099 961 1190 1040 libro,
1209 960 1360 1024 necdum

258 1083 446 1146 responsum
472 1085 491 1127 a
511 1065 610 1141 vobis,
627 1067 722 1128 vestri
742 1066 882 1128 leontinis.
929 1066 1074 1128 Docetur
1097 1064 1152 1141 ibi,
1169 1086 1236 1128 non
1257 1085 1362 1127 recens

258 1167 360 1246 opinio
375 1166 454 1246 haec,
471 1167 527 1231 scd
545 1168 613 1252 jam
636 1189 739 1250 usque
762 1190 781 1231 a
803 1168 955 1232 hiosaicis
977 1168 1074 1230 dueta
1088 1167 1305 1250 temporibus3
1328 1182 1361 1230 ct

258 1270 407 1352 antiquos
430 1271 507 1334 satis
532 1280 677 1335 auctores
699 1272 850 1335 habuisse
865 1291 903 1335 ex
927 1273 1028 1355 prisco
1051 1272 1178 1350 saeculo,
1197 1294 1294 1334 nanos
1316 1272 1361 1334 dis

257 1375 350 1452 mille,
382 1375 428 1438 dis
461 1377 641 1458 qainpeatos
673 1374 857 1458 priusquam
889 1377 958 1439 Rex
989 1375 1150 1438 Hernicus
1181 1375 1280 1439 VIII.
1312 1376 1359 1438 vel

258 1476 409 1543 Clemens
440 1480 532 1559 VII,
559 1479 615 1543 diu
641 1481 748 1559 etiam,
776 1488 949 1563 antequam
973 1478 1023 1543 vel
1045 1479 1156 1541 Nam
1177 1480 1284 1562 Regis,
1312 1480 1360 1542 vel

258 1582 422 1665 Pontificio
437 1584 472 1647 in
487 1583 574 1663 orbe,
590 1585 640 1648 vel
655 1585 760 1647 Rome
775 1585 872 1647 etiam
888 1584 986 1666 ipsius
1001 1604 1109 1645 aomca-
1123 1583 1263 1645 ouditura
1278 1593 1336 1645 est.

291 1692 369 1758 Cujus
379 1694 413 1744 rei
427 1698 503 1744 testes
517 1698 577 1744 sunt
588 1710 675 1744 omnes
686 1695 739 1758 ejus
751 1695 873 1759 temporis
881 1694 1011 1753 Historiei,
1023 1693 1039 1742 J
1042 1710 1062 1743 o.
1074 1692 1204 1743 Cochloeus
1216 1731 1221 1743 .
1234 1731 1240 1743 .
1252 1693 1297 1743 .de
1309 1694 1361 1743 rita

323 1776 437 1833 botheri,
449 1777 523 1827 Lsnr.
536 1778 625 1828 Sarius
640 1780 668 1828 in
681 1778 749 1827 Hist.
763 1780 843 1828 nostri
856 1775 1049 1841 temp-[licii
1062 1777 1136 1840 Apol.
1149 1791 1195 1839 pro
1207 1775 1292 1840 Resp]
1304 1791 1328 1840 p.
1338 1778 1360 1827 7.

323 1858 393 1922 [Op.,
403 1864 465 1909 tom.
478 1860 521 1908 vii
534 1860 581 1909 col.
594 1860 649 1911 708.
662 1859 704 1922 c]

300 1952 410 2033 Atque
424 1951 494 2015 haec
512 1953 573 2031 (sat
593 1951 669 2033 scio)
688 1951 892 2015 cardinalem
909 1970 974 2013 non
989 1949 1129 2032 fugiunt,
1146 1960 1289 2013 necerat
1305 1970 1362 2012 cur

257 2054 370 2117 Testes
389 2053 462 2117 illos
484 2076 558 2118 suos
580 2054 793 2118 conductitios
814 2055 866 2116 hic
885 2055 937 2116 vel
960 2054 1151 2130 nominaret,
1176 2053 1358 2116 Cochloeum

257 2165 291 2223 et
308 2158 456 2222 Surium:
481 2181 617 2242 quorum
632 2160 696 2237 ille,
713 2160 854 2242 maligno
875 2159 910 2221 in
926 2158 1049 2240 Regem
1072 2158 1179 2219 animo
1197 2157 1295 2240 (quod
1310 2158 1359 2220 vel

258 2262 376 2346 scripta
395 2264 464 2346 ejus
479 2263 639 2326 virulenta
654 2271 832 2327 testantur:
857 2264 939 2327 alter
959 2262 1011 2325 hic
1025 2260 1201 2340 fabulosus
1219 2272 1251 2325 et
1270 2284 1360 2325 uotae

257 2368 419 2451 Legendoe
448 2369 686 2447 Concinnat0r;
726 2378 871 2453 uterque,
898 2369 1014 2451 hospes
1044 2375 1076 2431 et
1107 2367 1294 2450 peregrinus
1326 2368 1358 2429 in

260 2472 438 2556 Republica
452 2484 572 2537 nostra.

289 2581 339 2633 Sed
358 2597 439 2632 unam
455 2584 591 2633 Auctorem
608 2585 739 2647 praeterire
756 2598 806 2633 non
823 2597 935 2647 possum,
954 2582 998 2645 qui
1017 2582 1107 2631 scribit
1130 2597 1160 2632 ea
1176 2581 1269 2645 quibus
1287 2582 1361 2629 inrer-

321 2666 377 2717 fuit
411 2666 437 2717 ls
453 2671 491 2718 est
505 2666 640 2716 Mauritius
652 2666 783 2729 Cheneyus
797 2666 932 2730 [Channei
945 2665 1022 2728 (apud
1035 2665 1098 2715 Bell.
1108 2665 1179 2729 0p.)]
1193 2665 1293 2725 Augias
1304 2663 1360 2712 Car·

321 2747 461 2805 thodanus,
487 2748 516 2797 in
533 2749 560 2797 li.
576 2748 607 2798 do
625 2749 684 2806 rita,
703 2752 728 2797 et
749 2747 872 2809 martyrio
890 2745 1049 2795 Carthasian.
1068 2762 1088 2795 c.
1104 2745 1230 2796 9....131
1253 2760 1305 2807 cap.
1322 2747 1359 2791 lo.

321 2830 410 2879 scribit
427 2831 534 2879 missum
552 2830 627 2880 fuisse
647 2829 677 2878 D.
696 2830 757 2878 rho.
771 2827 955 2888 Cromwellum,
968 2841 1026 2875 cum
1043 2827 1142 2889 aliquot
1154 2826 1311 2875 consiliariis
1328 2825 1359 2874 ad

322 2914 372 2961 tres
388 2910 525 2960 hionachos
537 2910 716 2961 carthusIanos
732 2910 760 2958 in
778 2910 852 2958 Turri
871 2908 1027 2958 londinensi
1044 2914 1190 2966 carceratos,
1211 2916 1240 2956 ut
1250 2908 1287 2955 eis
1307 2921 1360 2968 pro-

320 2995 426 3057 poneret
433 2992 568 3041 Decretum
578 2992 740 3049 Parlameuti,
749 3008 798 3054 quo
804 2991 961 3054 jubebantur
968 2990 1115 3039 auctoritati
1128 3026 1134 3039 .
1146 3026 1152 3039 .
1165 3025 1171 3038 .
1186 2988 1261 3052 Papa»
1271 3003 1358 3037 renun-

320 3076 394 3135 ciere,
405 3078 431 3124 et
442 3075 523 3123 solum
537 3074 631 3136 Regem
643 3075 672 3124 in
683 3073 765 3138 Caput
778 3073 896 3123 Ecclesiae
921 3073 1038 3135 recipcre.
1080 3071 1247 3133 Cumque...
1262 3086 1359 3133 respon·

320 3154 454 3206 dissent..
467 3172 511 3206 ,sc
529 3172 748 3208 consensuros...
772 3157 800 3206 in
818 3160 942 3221 qnantum
963 3155 1005 3202 lex
1024 3152 1112 3202 divina
1130 3153 1286 3215 peruiiserit;
1305 3154 1359 3201 snb-

316 3237 406 3301 junxit
417 3238 468 3296 ille,
481 3237 578 3286 nullam
587 3239 763 3302 exceptionem
774 3237 919 3295 admittam,
931 3235 984 3284 sire
996 3235 1132 3283 icadivina
1143 3234 1293 3296 permiserit,
1306 3234 1359 3282 siro

321 3334 379 3369 non.
397 3319 591 3383 lieplicsvemnt
599 3321 679 3370 nostri
689 3355 695 3368 .
706 3355 712 3369 .
725 3320 878 3369 ,Ecclesiam
887 3319 1044 3369 Catholieam
1052 3317 1127 3366 aliter
1136 3331 1233 3379 semper
1242 3316 1357 3365 tenuia-e.

319 3439 326 3452 .
339 3439 345 3452 .
358 3441 364 3453 .
377 3403 517 3467 Respondit
533 3404 586 3464 ilic,
602 3404 662 3452 h'on
674 3418 734 3454 curo
745 3403 890 3463 Ecclesiam,
901 3403 980 3450 vultis
988 3402 1130 3450 consentire
1141 3416 1226 3451 annon
1236 3402 1357 3465 2-[lieil.

320 3486 395 3550 Apol.
407 3501 452 3550 pro
464 3486 552 3550 Resp]
570 3502 594 3550 p.
608 3488 631 3537 8.
649 3486 716 3551 [Op.,
729 3492 789 3535 tom.
801 3486 845 3535 rii.
857 3484 904 3535 col.
916 3484 973 3535 708.
987 3483 1018 3532 D.
1028 3485 1084 3535 too.
1097 3482 1139 3548 .·i.]

93 3597 233 3665 [danbru-
298 3580 354 3655 At,
375 3587 512 3661 utroque
535 3579 630 3661 longe
653 3579 744 3662 pejor
766 3579 803 3656 is,
825 3600 844 3640 a
868 3598 931 3660 quo
957 3584 1067 3639 tamen
1094 3576 1202 3638 hausit
1224 3584 1358 3657 uterquc

90 3662 242 3777 ffiffiffl
255 3678 379 3743 fabulas
394 3702 476 3758 suas,
489 3681 721 3744 carthusianus
738 3680 913 3762 transfuga,
926 3679 1065 3742 illustris
1078 3682 1201 3742 Auctor
1216 3678 1335 3741 scilicet
1351 3707 1355 3740 :

91 3791 204 3858 emt]
256 3783 403 3846 Channei
421 3804 494 3846 eum
516 3783 656 3847 editione
677 3784 780 3866 prima
803 3782 925 3846 dixerat
942 3782 1120 3846 Cardinalis
1139 3784 1248 3865 (atque
1263 3781 1309 3843 ita
1322 3778 1357 3843 'sc

144 3902 188 3966 23
255 3887 365 3951 scribit
381 3888 449 3970 ipse
463 3887 546 3951 libro
562 3910 619 3952 suo
629 3890 650 3969 ;)
667 3888 701 3950 in
717 3887 858 3951 secunda
869 3887 1078 3971 Cheneyum:
1102 3896 1175 3969 post
1188 3908 1272 3963 vero,
1285 3886 1357 3948 libri

255 3990 399 4075 ejusdem
413 3991 448 4053 in
464 3993 560 4070 calce,
571 3991 656 4055 inter
667 4000 782 4069 errata,
798 3990 865 4054 exit
877 3990 968 4053 nobis
983 3997 1115 4073 repente
1132 4012 1213 4053 novo
1229 3990 1358 4053 nominc

256 4093 443 4158 Chauceus:
466 4093 573 4172 home,
589 4101 626 4156 ut
640 4093 776 4171 ridetur,
792 4114 859 4156 non
875 4092 982 4155 minus
1000 4092 1075 4155 fidei
1099 4114 1195 4175 quam
1218 4093 1357 4155 nominis

254 4196 381 4261 incerti.
427 4199 472 4275 Is,
497 4220 572 4261 cum
596 4196 672 4261 civis
695 4197 840 4279 perditus
862 4197 1010 4260 vertisset
1036 4198 1140 4260 solum
1152 4225 1160 4274 ;
1185 4198 1303 4280 aliquid
1328 4197 1356 4260 ei

253 4301 477 4367 mentiendum
493 4309 572 4381 erat,
587 4310 626 4367 ut
641 4301 800 4384 stipendia
813 4309 949 4364 mereret
967 4301 1071 4362 Patris
1090 4302 1125 4363 in
1144 4302 1264 4383 majore
1280 4304 1356 4364 Car-

73 4396 90 4429 l'
115 4448 118 4455 ·
286 4430 297 4455 ⁸
327 4420 396 4475 vias
422 4420 544 4488 Stephani
572 4422 705 4473 Gardinori
738 4422 780 4485 Ep.
826 4420 917 4471 Facie.
931 4435 976 4470 rer.
994 4426 1077 4484 expet
1089 4427 1116 4471 ct
1126 4422 1237 4485 fugiend.
1257 4428 1316 4472 tom.
1331 4424 1355 4470 ii.

71 4412 203 4638 ι
252 4482 286 4537 W
376 4487 782 4551 Orstdevcrsobedientisapud
825 4501 849 4550 p.
863 4488 919 4537 802
931 4487 997 4549 seq]
