2910 4926
467 304 650 353 suessonis
671 305 854 356 urseousio.
1149 289 1213 355 267

178 454 252 506 docet
267 454 292 506 S.
308 457 417 522 Optatus
435 458 605 520 Milevitunm,
616 461 661 523 qui
679 460 746 510 libro
764 460 801 509 tii.
819 463 908 509 contro
926 458 1132 519 Parmenionem,
1144 462 1217 509 vocet

178 537 257 588 olere
271 538 356 589 sedern
370 542 480 605 corporis
493 546 520 591 et
531 543 663 605 sanguinis
678 541 775 592 Christi
782 542 820 605 ·.]
839 579 845 590 .
863 579 869 592 .
888 578 894 591 .
912 543 1019 604 August.
1037 577 1044 590 .
1063 577 1070 590 .
1090 577 1096 591 .
1114 540 1216 590 ‘Ncmo

177 620 322 681 manducet,
340 623 389 671 nisi
406 624 478 686 prius
493 623 775 689 udomvcnt³.'-[Bell.
788 624 862 688 Apol.
874 639 920 688 pro
933 623 1018 688 Resp]
1037 637 1079 688 pp.
1092 624 1216 684 107,1oe.

178 702 246 767 [Op.,
257 709 319 753 tom.
333 706 376 755 vii.
388 705 434 755 col.
447 706 502 758 765.
515 707 548 757 A.
557 706 599 771 Β.]

155 819 227 883 Nos
250 841 325 883 vero
350 827 380 882 et
406 822 440 883 in
465 823 623 904 mysteriis
646 843 770 885 curnem
796 823 915 884 Christi
938 821 1119 897 adoremus,
1142 840 1216 884 cum
1241 825 1364 941 culm

114 921 287 986 Ambrosio
297 948 304 984 :
328 930 361 986 et
374 945 449 1002 non,
461 924 506 1003 id,
519 925 575 987 sed
586 925 670 987 Eum
685 927 737 1006 qui
751 945 844 1005 super
853 925 966 987 Altare
977 925 1100 987 colitur.
1127 923 1217 987 Male
1231 956 1304 1006 ,mh
1314 960 1355 1005 ut

115 1027 213 1105 enim,
237 1028 315 1108 quid
336 1027 380 1089 ibi
405 1030 535 1106 celatur,
553 1030 667 1112 quaerit
682 1028 872 1107 Cardinalis,
894 1049 968 1092 cum
991 1029 1070 1109 quis,
1086 1026 1216 1092 debuit:
1230 1020 1332 1148 affin·

115 1131 198 1194 Cum
210 1131 444 1209 Nazianzenus,
457 1131 540 1193 Eum
555 1132 652 1209 dicat,
663 1154 729 1196 non
744 1132 789 1195 id.
823 1133 895 1196 Nec
910 1151 1034 1194 earnem
1049 1130 1233 1213 manduca-—

115 1256 193 1312 roos,
210 1237 283 1318 quin
298 1236 460 1299 odoremus
474 1239 577 1318 prius,
594 1259 668 1301 cum
682 1236 876 1320 Augustino.
913 1236 1219 1300 iit-Sacramentum

115 1346 226 1401 tumen
240 1338 322 1400 nulli
337 1338 516 1404 adoramus.

148 1506 243 1556 Mirum
256 1505 335 1556 videri
348 1523 398 1557 uon
410 1508 492 1568 debet,
504 1509 527 1558 si
537 1508 627 1571 primis
639 1507 832 1570 quadringentis
849 1507 923 1557 annis
939 1506 994 1559 hae
1011 1521 1051 1558 res
1062 1507 1219 1568 (circumgee

182 1589 245 1638 tatio
264 1589 370 1652 scilicet)
388 1590 417 1639 in
433 1605 478 1639 usu
497 1605 548 1639 non
566 1589 763 1653 fuerit-[Bell.
777 1589 853 1652 Apol.
866 1603 912 1653 pro
928 1586 1017 1653 Resp]
1038 1602 1062 1652 p.
1075 1590 1129 1638 108.
1150 1586 1219 1651 [Op.,

182 1676 242 1720 tom.
255 1671 297 1720 vii
311 1670 356 1720 col.
367 1672 422 1722 765.
432 1670 472 1734 Β.]

162 1787 350 1851 Succumbit
364 1798 472 1850 autem
487 1786 523 1848 in
538 1787 834 1868 Cirerrmpestatione
849 1784 1040 1863 cardinalis,
1056 1792 1089 1848 et
1103 1806 1218 1848 manus
1233 1790 1357 1868 [circom-

116 1890 182 1969 dat,
207 1890 318 1973 primis
348 1890 592 1973 quadringentis
623 1890 715 1953 annis
743 1889 778 1951 in
807 1910 869 1952 usu
893 1910 959 1953 non
980 1889 1090 1952 fuisse.
1136 1889 1218 1967 Imo,
1277 1861 1340 1970 ξω

117 2013 177 2055 nec
191 1993 269 2056 totis
285 1993 529 2076 quadringentis
544 1993 722 2076 postremis.
755 1991 827 2056 Nec
838 1993 908 2056 vult
920 1992 1038 2056 mirum
1049 1992 1110 2057 hoc
1126 1991 1219 2056 nobis
1233 1985 1313 2035 monti
1334 2049 1339 2061 ,

116 2095 217 2158 videri
228 2121 238 2172 ;
261 2116 321 2159 nec
345 2095 471 2159 videtur
491 2117 577 2159 saue.
624 2095 713 2159 Illud
732 2117 808 2160 vero
831 2095 959 2171 mirum,
985 2093 1072 2178 quod
1095 2116 1218 2158 accom-
1232 2063 1362 2177 ffiivw

117 2198 226 2263 modet
249 2200 312 2263 huc
333 2199 510 2283 Augustini
533 2200 727 2263 sententiam
749 2200 791 2263 ad
814 2199 836 2262 J
838 2198 1026 2273 anuarium3
1055 2219 1128 2262 cum
1150 2201 1219 2263 Au·

118 2301 238 2384 gustini
253 2302 369 2365 soeculo
385 2302 450 2365 tulo
463 2301 545 2364 nihil
553 2321 615 2382 per
632 2300 735 2364 orbem
743 2299 960 2381 frequentor-it
970 2300 1143 2380 Ecclesio0,
1159 2323 1220 2366 nec

119 2405 313 2489 octingentis
329 2405 423 2468 annis
438 2413 511 2488 post
523 2405 755 2488 Augustinum.
800 2404 889 2467 Nem
904 2405 1144 2485 circumuectare
1159 2405 1220 2467 hoc

118 2515 260 2572 vestrum
278 2491 437 2590 precepto
453 2508 576 2572 Christi
593 2507 803 2585 contrarium,
819 2528 879 2571 nec
903 2506 932 2570 ei
954 2529 1090 2591 usquam
1114 2507 1219 2591 Scrip-

117 2617 192 2674 tura
210 2611 306 2674 favet.
352 2610 559 2674 Contrarium
581 2617 615 2673 et
635 2611 788 2673 instituto.
833 2610 1016 2674 Institeram
1039 2610 1126 2673 enim
1148 2618 1220 2674 tum

120 2713 289 2796 Sacrificii,
305 2720 343 2776 ut
358 2713 498 2785 adsumi;
521 2720 592 2776 tum
609 2714 816 2791 Sacrameuti,
836 2719 874 2776 ut
898 2714 1009 2795 occepi,
1025 2714 1219 2791 manducari,

118 2839 185 2881 non
206 2817 337 2883 recondi
359 2825 392 2880 et
415 2816 621 2880 circumferri.
667 2817 768 2881 Extra
784 2818 983 2881 Sacramenti
1005 2818 1113 2896 finem,
1130 2826 1220 2881 extra

118 2921 269 3004 praecepti
305 2920 380 2998 vim,
411 2940 488 2982 usus
521 2919 608 2982 haud
637 2918 732 2982 nllus.
785 2920 867 2997 Fiat,
902 2920 988 3003 quod
1017 2920 1086 2984 fieri
1118 2920 1219 2985 voluit

119 3023 267 3087 Christus
283 3044 358 3087 cum
374 3022 465 3100 dixit,
481 3023 551 3084 Hoc
566 3019 669 3104 facite
677 3049 687 3093 ;
712 3023 793 3086 nihil
815 3023 929 3106 reliqui
944 3024 1009 3102 fiet,
1026 3023 1111 3107 quod
1126 3045 1217 3087 mon·

119 3133 200 3191 stret
217 3126 384 3202 Sacerdos,
400 3124 487 3210 quod
501 3125 611 3189 odoret
626 3126 772 3208 populus,
789 3127 828 3189 de
844 3125 970 3210 pyxide.

152 3297 200 3347 111⁸
217 3333 223 3346 .
240 3333 247 3348 .
265 3334 271 3345 .
289 3296 409 3346 dicuntur
420 3311 435 3345 e
445 3295 518 3345 nobis
535 3307 609 3358 opere
625 3295 860 3358 supererogationis,
871 3311 928 3359 quae
940 3311 990 3345 non
1001 3300 1060 3346 sunt
1072 3297 1221 3360 imperatas

185 3378 246 3439 Deo,
258 3382 284 3428 ot
298 3383 384 3428 tumen
400 3378 440 3427 illi
456 3377 601 3439 gratissimo
612 3375 786 3441 sunt-[Bell.
799 3377 873 3441 Apol.
886 3392 932 3440 pro
945 3376 1030 3440 Resp]
1043 3391 1067 3440 p.
1080 3380 1134 3428 108.
1153 3377 1220 3441 [Op.

184 3466 245 3511 tom.
255 3461 298 3510 vii.
310 3460 357 3508 col.
367 3460 422 3510 765.
435 3459 477 3521 0.]

163 3577 205 3640 In
226 3577 508 3658 supererogationis
530 3575 681 3655 oprerilrus,
698 3574 869 3638 manifesta
889 3574 989 3638 fraus.
1037 3573 1117 3639 Quis
1132 3576 1219 3638 enim
1234 3584 1331 3647 [Opera

119 3680 231 3757 nescit,
246 3681 322 3760 fieri
345 3703 364 3742 o
387 3681 474 3743 nobi-r
493 3681 591 3743 multe
614 3680 718 3757 libere,
734 3688 768 3743 et
782 3701 853 3762 quae
868 3702 887 3742 a
901 3679 972 3743 Deo
987 3700 1053 3742 non
1069 3687 1145 3742 sunt
1159 3679 1218 3742 im·
1232 3663 1364 3777 {ffiffi

120 3790 241 3864 perata,
266 3784 369 3844 roveri
394 3788 426 3845 ct
449 3781 572 3844 reddi?
618 3782 658 3844 In
684 3782 746 3845 hoc
772 3791 880 3844 temen
910 3782 999 3863 (pace
1024 3781 1214 3864 Cardinoiis)

118 3886 361 3968 supereropoudi
376 3885 423 3947 sis
446 3892 516 3948 tota
537 3906 603 3948 nou
624 3893 682 3947 cst.
728 3885 872 3967 Eropore
887 3885 975 3968 prius
990 3893 1117 3969 oportet
1133 3908 1219 3950 sum-

152 4097 168 4120 ¹⁸
181 4089 207 4154 [⁴⁴
215 4089 281 4147 Quid
295 4095 333 4138 est
344 4089 413 4138 enim
424 4088 509 4137 altore.
521 4088 569 4135 nisi
581 4085 651 4136 sedes
695 4091 749 4136 totu
768 4101 813 4149 per
831 4086 915 4136 orbem
934 4088 1077 4151 frequentat
1094 4090 1220 4150 ioelum

120 4160 145 4202 et
163 4156 274 4217 corporis
293 4160 320 4205 et
335 4154 467 4216 sanguinis
484 4151 651 4201 chriur‘-
694 4166 753 4200 nom
771 4158 798 4200 ct
815 4151 874 4200 hinc
893 4153 954 4215 quin
973 4154 1009 4202 its
1027 4155 1168 4204 iaciendum
1186 4156 1221 4204 sit

120 4220 144 4266 S.
158 4219 216 4281 Opt.
229 4225 317 4269 contre
329 4219 443 4269 Parmeu.
460 4216 505 4265 lib.
519 4217 552 4264 vi.
567 4231 619 4278 cop.
632 4217 649 4264 i.
694 4215 822 4279 disputare
834 4216 1036 4266 insolentissimus
1049 4221 1153 4268 insanire
1161 4220 1221 4268 est?

121 4288 175 4345 op..
194 4297 217 4346 p.
231 4285 284 4349 td]
692 4280 749 4329 -S.
766 4282 832 4342 Aug.
855 4281 900 4344 Ep.
918 4282 961 4330 liv.
981 4281 1041 4331 Beu.
1061 4284 1104 4344 (ol.
1123 4285 1218 4345 cxviii.)

152 4356 163 4378 ¹¹
181 4349 217 4411 [S.
228 4349 293 4411 Aug.
306 4348 393 4398 Rnurr.
406 4347 433 4396 iu
446 4346 484 4396 Po.
498 4344 582 4396 xcviii.
600 4345 613 4404 ἓ
625 4347 648 4394 9.
692 4344 724 4394 ed
735 4345 862 4406 inuuunt
877 4349 898 4395 6.
917 4346 973 4410 Op,
991 4351 1050 4396 tom.
1061 4349 1087 4397 ii.
1105 4349 1150 4398 ccl.
1164 4351 1218 4398 188.

123 4410 547 4541 up..[f‘‹>1bpmrivmgplcplfflspguid
560 4475 649 4524 horum
693 4408 736 4473 I).]
