2910 4926
463 276 647 327 momoun
668 275 851 326 nnsrousm.
1145 260 1208 322 108

141 430 215 489 Quod
232 433 255 483 si
273 433 346 484 nullo
362 447 394 484 ex
412 436 484 498 porte
500 433 604 484 interior
620 437 666 493 est,
681 436 799 483 numeret
815 431 904 496 Reges,
919 435 947 482 ot
962 430 1133 496 Respublioos,
1152 444 1209 494 quo

173 512 344 565 obedientiam
362 513 404 564 illi
422 518 552 579 prestent,
563 514 776 579 quemadmodum
791 527 838 564 nos
852 512 928 578 poulo
944 515 1004 563 ento
1020 511 1209 577 numerorimm

172 592 253 657 Reges
269 600 296 646 et
313 595 483 661 Respublieus‚
502 610 559 659 qum
576 596 673 646 solenni
692 596 743 646 rito
761 594 840 646 Panlo
852 593 886 644 V.
902 592 1020 643 Pontifici
1036 591 1208 644 obedientium

171 676 461 743 praestiterunt-[Bell.
473 677 547 742 Apol.
559 691 605 742 pro
616 675 701 743 Boon]
715 692 740 741 p.
752 676 791 728 27.
814 675 884 740 [Op.‚
900 679 962 725 tom.
974 673 1017 724 rii
1035 674 1091 724 ooli
1105 672 1160 727 uo.
1172 672 1204 723 D.

173 758 228 810 too.
240 758 286 824 L]

144 859 260 943 Neque
274 881 350 924 vero
371 859 695 946 Rerumpublioomm
713 876 848 921 numero
862 857 993 939 Iteyiam
1015 854 1207 940 dignitatem
1275 851 1319 915 80

107 961 242 1025 metitur
252 963 331 1042 lieo,
351 963 441 1046 (quos
455 971 565 1028 tamen
579 962 673 1026 facile
688 960 718 1025 ei
733 981 809 1024 sone
824 980 931 1023 meere
947 959 1008 1023 sibi
1021 979 1208 1024 numerosos
1219 934 1361 1053 {Qum

106 1064 169 1144 hio,
188 1065 295 1148 quales
309 1066 420 1130 multae
435 1074 511 1130 sunt
524 1087 582 1150 per
597 1065 726 1128 Itnliom
742 1062 941 1146 Respubiioae
952 1063 972 1144 :)
998 1061 1068 1145 quis
1076 1082 1143 1143 por
1156 1063 1207 1141 sit,
1220 1065 1372 1182 agmon·

107 1168 179 1251 quis
193 1166 334 1249 insertor,
347 1190 365 1233 e
378 1169 557 1233 latifundiis
571 1190 637 1232 non
652 1173 770 1231 censet.
802 1165 932 1231 Habeat
942 1167 1092 1249 Regnum
1105 1165 1209 1249 magis
1220 1160 1336 1261 mm

107 1270 212 1334 odhuo
231 1272 269 1354 (si
283 1273 380 1354 voles)
406 1280 589 1356 angustum,
605 1272 675 1334 Reo
695 1270 791 1334 modo
811 1270 871 1334 sit:
895 1290 934 1334 eo
954 1270 1024 1353 ipso
1038 1269 1125 1353 quod
1137 1269 1209 1333 Ree

106 1381 165 1452 est,
182 1374 411 1458 Pontefloejom
425 1374 558 1457 insertor
571 1395 633 1438 non
646 1379 713 1437 est:
737 1373 825 1438 Olim
840 1371 970 1456 quidem
983 1373 1125 1454 superior
1134 1372 1208 1452 fuit,

106 1483 163 1541 out
191 1498 250 1542 nos
274 1478 358 1542 follit
384 1479 530 1543 Historia
553 1499 651 1542 soora.
706 1477 802 1541 Hono
826 1497 902 1541 vero
925 1476 1009 1540 riom
1033 1476 1060 1540 si
1082 1483 1206 1560 perget,

106 1587 245 1645 numeret
268 1582 480 1664 Reipublicae,
513 1584 671 1647 Caessrem
700 1587 886 1645 contemnat
914 1600 981 1665 prae
1010 1581 1124 1659 iinon,
1152 1580 1207 1664 qui

107 1683 214 1767 plures
238 1684 357 1768 (oredo)
377 1691 519 1748 nument
533 1685 745 1768 Reepnblicoe.
790 1685 884 1763 'ium
904 1683 1060 1748 Davidem
1080 1704 1207 1768 quoque

107 1784 245 1871 objiciat,
265 1788 292 1851 si
314 1789 409 1867 volet,
433 1788 486 1872 qui
511 1810 577 1852 non
600 1793 668 1852 tem
690 1787 755 1851 lete
778 1787 933 1869 regnavit,
956 1809 1052 1871 quam
1073 1786 1205 1850 Noster.

106 1888 190 1952 'I'um
214 1890 389 1954 Romulum
413 1891 510 1954 etism
531 1912 635 1954 suum.
680 1890 837 1952 Nomento
854 1888 908 1954 hic
922 1889 1013 1953 nulio
1031 1889 1066 1952 in
1081 1909 1207 1952 numero

106 1997 165 2055 est.
209 1992 374 2077 Appendit
392 1995 471 2073 Rex,
487 2015 554 2058 non
568 1999 719 2058 numerat.
764 1993 808 2056 Et
822 1991 922 2076 pluris
941 1992 989 2056 illi
1003 1998 1079 2056 sunt
1093 1992 1207 2057 insulae

107 2093 188 2174 dure,
209 2094 310 2178 pluris
332 2096 383 2160 vel
407 2119 482 2176 uno,
507 2119 602 2180 quam
627 2096 792 2173 Picenum,
816 2093 964 2174 Umbris,
983 2094 1151 2174 Flaminio,
1172 2102 1206 2159 et

106 2197 288 2281 manipulus
315 2199 370 2262 ille
399 2199 665 2278 suburbicarius‘l,
694 2219 788 2282 quem
814 2218 887 2262 vere
911 2198 1079 2279 enln'eetnm
1108 2196 1206 2262 habet

106 2299 266 2365 Pontifex.
314 2302 468 2367 Numerus
492 2302 578 2365 enim
601 2301 666 2381 ille,
694 2323 788 2385 quem
814 2301 910 2385 poulo
934 2307 1009 2365 ante
1032 2300 1206 2365 numeravit

106 2403 297 2483 Cordinslis
321 2425 395 2469 vere
419 2425 564 2468 numerus
587 2411 645 2481 est,
673 2412 706 2469 et
729 2404 798 2469 sine
820 2402 979 2488 pondere:
1010 2403 1066 2487 qui
1088 2404 1207 2467 solenni

106 2507 209 2590 magis
231 2508 298 2572 ritu
321 2531 416 2592 quam
441 2511 523 2572 renio
545 2530 615 2573 rem
637 2509 722 2591 ogit;
747 2508 970 2592 quique‚(non
991 2507 1207 2587 obstantem,

106 2630 199 2691 quom
207 2616 371 2692 prestant,
382 2612 566 2694 obedientia)
579 2610 637 2676 ubi
651 2611 763 2676 volunt
776 2617 896 2689 tamen,
906 2610 1058 2695 redigrmt
1072 2611 1107 2673 in
1122 2609 1207 2675 ordi·

106 2733 183 2777 nem
194 2714 360 2797 Reyentem
376 2737 488 2779 suum:
512 2722 545 2779 et
561 2717 773 2798 commitiyont
787 2714 818 2778 ei
829 2714 955 2796 vapor,
968 2715 1060 2800 cujus
1075 2715 1207 2778 osculati

105 2822 178 2878 eunt
186 2817 294 2898 pedes.

138 2947 229 3014 lisque
243 2951 291 3002 iste
304 2950 385 3001 honor
395 2951 530 3003 exhibetur
540 2951 645 3003 Summo
657 2950 776 3002 Pontifici
791 2966 807 3001 o
818 2950 929 3014 Regibus
940 2954 1041 3001 tontum
1053 2950 1205 3002 Oooidentis

170 3031 239 3081 Nom
254 3031 372 3083 Jmtinus
394 3033 536 3097 Imperotor
553 3034 697 3084 venientem
715 3031 748 3083 od
767 3047 793 3083 se
809 3032 935 3083 Joonnem
953 3032 1048 3096 Popsm
1067 3047 1162 3095 pronus
1178 3033 1206 3082 in

37 3142 48 3159 .
171 3118 264 3164 terrum
278 3113 400 3176 odoravit,
419 3120 449 3166 ut
464 3116 614 3166 Anastasius
632 3114 844 3166 Bibliotheosrius
862 3118 1029 3166 testotm·.-
1037 3114 1112 3180 [Bell.
1131 3116 1207 3180 Apol.

171 3211 217 3261 pro
228 3196 313 3263 Boon]
324 3212 349 3262 p.
358 3198 397 3250 27.
411 3197 477 3263 [Op.,
489 3201 551 3248 tom.
561 3197 605 3248 rii.
617 3198 664 3248 ool.
676 3199 731 3250 720.
743 3196 786 3261 Δ.]

150 3304 234 3382 Jam,
252 3303 337 3387 quod
354 3303 508 3387 sequitur,
525 3303 628 3368 multo
644 3302 748 3367 adhuc
762 3302 864 3385 magis
878 3301 1060 3366 ridiculum.
1099 3303 1208 3385 Neque
1220 3318 1317 3434 kosmi·

1238 3399 1300 3435 onor

105 3407 165 3469 iste
179 3409 285 3485 honor,
301 3408 417 3490 inquit,
433 3406 595 3470 cohibetur
610 3406 734 3469 Summo
750 3404 897 3485 Pontifici
913 3426 934 3467 o
947 3404 1071 3487 renibus
1086 3412 1206 3469 tontum
1236 3447 1346 3500 nom

109 3509 296 3573 Occidentis.
341 3510 439 3574 Putes
454 3510 570 3592 Magos
585 3508 626 3574 ab
639 3510 764 3572 Oriente
789 3528 892 3591 nuper
905 3508 1037 3586 venisse,
1054 3508 1109 3592 qui
1123 3509 1207 3574 Pon·
1219 3464 1296 3578 ispo
1307 3514 1348 3565 ¹1*

104 3612 226 3677 trucem
238 3611 382 3676 adorent.
410 3611 1060 3692 Dicendumenimerat‚eedetalie9tbno
1071 3577 1322 3694 onmnffisso

105 3715 268 3779 cohibetur
290 3718 319 3779 ei
342 3716 447 3779 etiom.
491 3717 537 3778 At
559 3715 613 3779 ille
634 3716 697 3794 hio,
725 3714 832 3779 subito
857 3714 950 3794 saltu,
967 3736 987 3777 o
1007 3736 1130 3798 nupero
1146 3715 1208 3781 hoo
1220 3707 1331 3773 1mper.,]

99 3839 217 3900 pompa
226 3818 340 3898 Rene,
357 3819 468 3883 decem
482 3825 570 3883 retro
585 3819 700 3882 saeoulo
712 3818 903 3882 transcurrit
923 3818 976 3900 (en
993 3819 1203 3903 transvoloti)

105 3926 149 3999 et,
164 3928 202 3985 ut
222 3943 284 3985 non
305 3922 443 3985 eoeiibern'
464 3923 563 3984 solum
578 3921 690 3985 dooeot
705 3942 725 3983 o
739 3921 875 4003 Renibus
892 3921 1078 4002 Occidentis,
1094 3923 1208 4007 recipit

106 4045 139 4088 se
159 4024 201 4087 od
214 4025 373 4088 Jnetinom
394 4026 532 4088 Orientis
551 4025 782 4106 imperatorem,
798 4031 874 4088 ante
898 4046 995 4089 annos
1018 4027 1090 4109 plus
1113 4028 1206 4090 mitte.

137 4235 148 4267 ⁴
177 4225 214 4278 De
234 4227 353 4278 Eoolesiis
372 4227 557 4278 Suburbiooriis
575 4229 633 4278 vide
676 4227 797 4279 honorem
806 4228 867 4290 Deo,
879 4228 1167 4293 hnmiliovitsepronus
1178 4229 1206 4280 in

106 4291 174 4354 Bing
234 4293 343 4343 .Ohrist
355 4294 444 4357 Antiq.
463 4294 508 4343 lib.
521 4293 538 4342 ἱ.
550 4308 602 4358 esp.
615 4292 632 4342 Ι.
677 4297 777 4353 terram,
787 4299 813 4344 et
823 4294 939 4344 odoravit
949 4295 1123 4344 beatissimum
1131 4293 1206 4343 Joou·

105 4362 165 4407 soon
177 4356 211 4422 9.]
676 4372 735 4408 nem
754 4358 1018 4422 Popom.”-Anmtm
1036 4358 1157 4408 Biblioth.
1177 4359 1207 4408 i'n

138 4429 148 4452 '
164 4420 274 4549 [torem-
287 4423 351 4473 Bon.
364 4421 396 4473 V.
408 4426 431 4473 8.
443 4422 480 4487 4.]
677 4423 731 4473 vito
749 4422 857 4473 Josnnls
876 4423 1069 4488 Papa-Cone.
1092 4429 1153 4473 tom.
1170 4423 1204 4473 ir.

138 4494 146 4515 ¹
181 4486 274 4537 ‘''I'uno
286 4487 404 4538 iustinos
420 4489 552 4551 Augustus
571 4489 634 4538 dsns
677 4487 723 4538 ool.
734 4489 805 4538 1001.
819 4488 864 4551 Α.]
