2910 4926
275 272 341 337 332
591 289 632 338 sn
654 287 845 338 cfflnmffls
866 288 1067 340 nmnmumr

274 446 375 509 nostri
400 446 542 527 minione
567 466 782 527 cmnnmpere5
805 453 836 510 et
860 448 1194 531 attraEaanpeticam
1214 450 1380 514 ver-itatem

273 547 421 629 opinati‘.

319 652 547 737 Hieronymus,
563 653 619 736 qui
633 652 801 732 secundus,
816 674 878 717 nec
893 652 933 719 de
947 654 1022 719 Elia
1036 654 1114 718 sctis
1127 662 1247 720 certus.
1291 655 1378 720 Mihi

273 777 315 820 ne
331 755 439 820 credat
454 757 564 834 lector,
581 756 691 820 credet
707 758 867 841 Ruperto:
889 757 939 820 De
952 757 1100 822 Adventu
1114 759 1196 822 Etic
1210 759 1377 843 qumquam

274 858 403 940 definire
417 879 478 922 non
492 860 603 938 oasim,
625 859 669 942 (et
688 860 750 923 hoc
764 866 837 944 post
853 881 953 924 annos
969 860 1039 945 jem
1052 861 1140 925 mille
1155 882 1240 945 pene
1254 862 1377 927 duceu-

272 964 337 1045 tos)
355 964 429 1045 poia
450 963 594 1026 videlicet
608 963 780 1026 Doctorum
802 964 869 1042 atii,
885 964 996 1046 quibas
1016 964 1201 1046 omnesfere
1221 969 1375 1030 commeti-

273 1087 349 1143 mm,
366 1066 495 1129 credant
510 1087 578 1129 enm
595 1067 640 1129 ad
652 1067 776 1130 literam
790 1072 961 1145 ventarum,
977 1073 1007 1131 et
1029 1069 1245 1132 restituturum
1259 1071 1374 1150 omnia,

272 1190 311 1232 ac
347 1171 457 1232 mortis
493 1170 628 1233 debitmn
657 1171 902 1251 persoluturum.
959 1171 1029 1233 Atii
1065 1191 1136 1234 vero
1168 1190 1371 1255 nequaquam.

275 1274 391 1346 Quinc
412 1275 462 1337 m'r
481 1275 616 1336 itlmtrie
632 1274 672 1336 B.
681 1274 893 1356 Hieronymus
914 1275 1087 1338 consentire
1106 1275 1240 1354 videtur,
1256 1276 1373 1355 dicens,

274 1377 458 1459 Quanquam
478 1377 568 1439 matti
590 1382 662 1440 sont
683 1378 778 1440 etiam
801 1383 985 1455 nostrorum,
1008 1378 1062 1458 qni
1087 1377 1216 1442 eredunt
1237 1399 1308 1441 enm
1330 1379 1376 1442 ad

271 1481 396 1544 literam
417 1488 589 1558 venturam,
611 1481 655 1565 [et
679 1483 861 1545 restiturum
886 1480 1017 1565 omnim]
1040 1502 1079 1546 ac
1101 1483 1212 1545 mortis
1236 1482 1373 1546 debitam

264 1586 507 1665 persoluturum.
555 1586 705 1648 Ceterum
715 1585 868 1648 Dominus
882 1585 1094 1667 interropatae
1108 1584 1320 1666 abApoetotis
1334 1586 1373 1650 de

271 1687 404 1751 adventa
419 1689 510 1766 Etim,
525 1689 695 1770 respondit,
712 1688 824 1750 ‘Elias
837 1688 910 1770 jam
931 1689 1025 1766 venit,
1041 1693 1076 1750 at
1090 1708 1151 1751 nan
1165 1695 1373 1771 copnorenmt

269 1792 360 1868 eam,'
377 1839 385 1854 .
403 1839 410 1854 .
426 1837 435 1854 .
451 1792 602 1855 Joonnem
630 1793 663 1854 in
691 1792 769 1854 Elia
794 1792 898 1854 votens
920 1791 1062 1873 intettipi.
1081 1836 1090 1855 .
1108 1837 1141 1854 ..
1163 1791 1374 1855 Veruntamen

270 1892 333 1954 sive
352 1893 452 1973 msam
466 1894 549 1957 Elia
556 1914 734 1975 personam,
749 1894 814 1956 eioe
833 1899 869 1956 ot
883 1894 939 1956 atii
958 1895 1073 1971 volunt,
1085 1893 1285 1974 prophetiam
1293 1913 1371 1975 pro·

269 1996 355 2057 mitti
376 1998 476 2078 mapis
492 2017 597 2059 rernm
617 1997 693 2077 situ,
718 2005 769 2082 tyr.
816 1996 897 2060 Haec
915 1998 1079 2080 Rupertus
1102 1995 1142 2059 de
1158 1995 1369 2080 Hieronymo,

268 2117 329 2161 nec
342 2098 411 2180 ipse
429 2106 500 2162 tum
519 2108 624 2163 certus
639 2099 679 2163 de
693 2107 798 2162 vestro
818 2099 880 2162 hoc
900 2099 948 2182 (ut
962 2098 1098 2181 videtur)
1119 2098 1203 2161 utta
1224 2098 1369 2162 adverttu.

267 2201 313 2264 At
339 2202 540 2286 Bulengerus
562 2211 667 2268 vester
691 2201 727 2266 in
751 2202 988 2286 Hieronymum
1017 2200 1115 2265 etium
1143 2200 1286 2286 iniquior
1308 2210 1369 2267 est.

269 2305 394 2384 Qsmdsi,
405 2305 460 2384 uit,
469 2307 678 2390 Hieronymum
689 2306 803 2369 alicubi
814 2306 851 2368 id
859 2325 987 2388 neposne
1000 2304 1133 2384 uidetur,
1147 2305 1194 2387 (nt
1206 2306 1242 2368 in
1256 2311 1370 2387 quarn

265 2430 334 2490 cap.
350 2410 520 2473 Malachiae
537 2411 674 2473 scribens
689 2411 723 2472 in
737 2411 818 2472 hunc
832 2409 964 2487 modum,
981 2412 992 2443 ‘
995 2407 1098 2472 dadai
1113 2414 1144 2471 et
1160 2407 1370 2473 dadaizanteo

265 2514 402 2576 heretici
417 2513 523 2576 dicunt
538 2513 646 2575 Etiam
660 2514 842 2590 centnmm,'
859 2511 938 2597 ⁸5⁶³)
956 2511 1022 2594 effus
1036 2531 1097 2574 non
1112 2511 1194 2575 tanti
1215 2511 1267 2574 hic
1281 2511 1371 2574 nohis

264 2615 352 2677 debet
381 2636 446 2678 esse
472 2617 653 2692 auctoritas,
684 2620 729 2692 nt,
756 2617 892 2677 Potrom
920 2617 1059 2696 neptecta
1089 2613 1269 2691 traditione,
1288 2615 1369 2695 -ejae

264 2739 429 2799 sequamur
443 2720 659 2781 sententiamt.
692 2719 756 2781 Sed
771 2718 891 2781 fatetur
906 2726 1014 2780 tamen
1030 2718 1078 2799 (ut
1088 2717 1188 2799 vides)
1204 2716 1367 2804 Hierony-

264 2844 355 2885 mum
371 2821 411 2885 de
425 2830 529 2886 vestro
545 2823 680 2885 Patrem
697 2822 846 2904 Catulopo
862 2821 1001 2904 expungi
1024 2828 1180 2903 oportere.
1226 2822 1366 2885 Luctan-

263 2923 329 2988 tius
353 2924 399 2989 ibi
424 2946 484 2989 nec
510 2925 616 2989 Elium
642 2926 798 3004 nominat,
822 2946 883 2989 nec
909 2925 1092 2988 Enochum.
1115 2923 1367 3007 chrysostomus

263 3050 358 3111 porro
386 3037 418 3092 ot
451 3029 618 3112 Origenes,
640 3029 871 3106 Theodorctus,
893 3036 925 3091 et
953 3027 1127 3091 Primasius
1158 3026 1199 3090 de
1230 3027 1366 3093 Enocho

263 3151 374 3195 omncs
403 3133 509 3195 silent.
562 3131 764 3215 Augustinus
794 3131 941 3195 nominat
972 3130 1112 3215 quidem,
1142 3129 1199 3193 sed
1226 3151 1294 3194 non
1324 3131 1367 3195 ab

262 3234 463 3298 Antichristo
479 3235 698 3299 occidendum.

305 3338 421 3422 Neque
444 3360 518 3402 vero
542 3339 649 3417 iniis,
677 3360 756 3422 qnos
783 3337 823 3401 de
848 3345 987 3423 utroque
1011 3338 1106 3402 simul
1127 3337 1260 3421 profert,
1284 3338 1365 3401 satis

262 3443 403 3506 succedit
426 3442 599 3507 Cardinuli·
654 3443 743 3506 Nam
767 3441 965 3526 Hippolytus
987 3463 1046 3526 pro
1069 3441 1194 3505 duobus
1214 3448 1281 3504 tres
1307 3442 1364 3505 sd-

262 3544 361 3625 ducit,
392 3546 413 3607 J
416 3567 554 3609 oannem
584 3565 710 3628 nempe,
739 3552 856 3628 praeter
884 3545 967 3625 illos,
1001 3546 1195 3628 Theolopnm,
1231 3545 1364 3627 (rectius

292 3731 301 3762 ²
325 3730 395 3794 [“Iht
416 3736 538 3794 quantum
560 3731 653 3780 sentire
674 3745 706 3779 ex
728 3730 790 3793 ipsis
833 3731 866 3778 tri
882 3730 1001 3793 opinions
1013 3745 1186 3794 eorrumpere,
1201 3744 1282 3793 neque
1299 3730 1365 3780 alios

261 3795 405 3856 Evangeliis
427 3797 494 3854 licet,
517 3797 544 3844 in
568 3811 646 3857 regno
669 3795 789 3844 coelorum
832 3801 951 3845 venturos
976 3796 1128 3854 existimare,
1156 3809 1232 3858 quum
1260 3796 1303 3858 qui
1329 3795 1363 3845 ud

260 3858 344 3908 Moses
354 3866 381 3909 et
392 3859 461 3910 Elius
471 3860 661 3911 assidebunt...
676 3898 682 3910 .
699 3860 732 3909 Et
743 3858 789 3907 hos
832 3861 992 3922 sponsionem
1018 3860 1078 3909 fidei
1105 3861 1202 3909 venisse
1234 3861 1362 3922 conspecti

260 3924 362 3988 quidem
380 3925 480 3974 eosdem
498 3927 632 3989 prophetas
649 3926 711 3973 duos
727 3939 789 3987 prue-
831 3930 898 3973 sunt.
941 3924 974 3972 Et
991 3939 1133 3987 quanquam
1150 3925 1218 3973 ultra
1231 3923 1365 3987 111103011-

259 3990 389 4038 venientes
402 3991 540 4040 adventum
557 3990 618 4053 Ejus
628 4005 680 4038 esso
696 3988 789 4037 intelli·
831 4002 886 4037 cam
894 3991 1026 4038 veritatem
1034 4005 1085 4038 non
1092 4004 1191 4039 necesse
1199 3990 1233 4037 sit
1240 3988 1364 4051 opimri‚”

258 4055 350 4116 gimus.
369 4070 431 4117 quos
447 4056 610 4120 Apocalypsis
628 4054 734 4103 Josnnis
755 4052 787 4102 ab
831 4054 931 4103 so-S.
946 4054 998 4103 1111
1021 4054 1083 4104 Pict.
1100 4053 1209 4118 Comm]
1224 4055 1252 4103 in
1266 4053 1362 4104 March.

259 4120 419 4169 Antichristo
444 4120 604 4183 perimendos
630 4133 683 4167 esse
709 4118 786 4176 dicim
831 4132 884 4180 cop.
902 4134 946 4166 xx.
966 4118 1034 4183 [sect.
1056 4123 1093 4169 10.
1113 4119 1169 4182 Op,
1186 4125 1248 4168 tom.
1265 4119 1282 4168 i.
1304 4120 1363 4170 0011.

258 4183 320 4233 licet
336 4186 411 4234 mrim
423 4186 461 4234 vet
478 4186 510 4234 de
523 4183 609 4232 Enoch
621 4184 660 4231 vol
675 4183 707 4231 de
721 4182 736 4229 J
739 4197 787 4231 ere·
831 4183 886 4233 768.
898 4183 929 4231 D.
942 4185 997 4235 769.
1009 4183 1052 4247 h]

258 4250 311 4298 min
321 4250 488 4312 plurimorum
495 4248 786 4309 exstiterintopinioncs,
863 4256 874 4278 ¹
894 4247 1010 4311 [Rupert.
1023 4247 1101 4312 suin]
1117 4249 1146 4297 in
1162 4247 1224 4299 Mul.
1235 4248 1268 4299 ir.
1291 4249 1362 4315 [Op.,

258 4314 324 4377 quod
337 4315 443 4364 sitarum
455 4327 540 4363 eorum
551 4314 616 4361 sicut
628 4312 710 4361 Elium
722 4313 786 4360 mori
831 4315 891 4361 tom.
905 4314 920 4362 i.
933 4329 957 4377 p.
969 4314 1039 4377 984]

258 4384 378 4442 oportent
407 4378 456 4429 Sed
467 4393 518 4427 non
531 4392 662 4441 possumus
672 4377 788 4427 veritatis
862 4384 874 4408 ¹
904 4378 970 4427 Vide
981 4380 1053 4434 infru.
1066 4392 1091 4441 p.
1104 4379 1224 4428 834.not.
1235 4376 1261 4443 ¹.]

256 4444 342 4500 fidem,
365 4458 441 4507 quum
469 4443 593 4493 Dominus
614 4443 696 4493 tribus
717 4456 787 4505 supe
861 4450 873 4482 t
912 4443 977 4492 Petr.
994 4443 1208 4558 Bulengornspin
1221 4447 1298 4507 Apoe.
1315 4445 1364 4496 lib.

254 4508 366 4560 rioribus
377 4509 484 4560 testibus
495 4508 786 4568 revelaritsensusuos-
829 4507 865 4557 iii.
880 4507 934 4557 Vis.
948 4510 970 4557 3.
986 4509 1041 4572 [101.
1054 4512 1143 4559 tots.
1176 4509 1235 4559 aria
1248 4510 1341 4574 15811]
