2910 4926
499 305 682 356 momomn
704 307 886 356 nmmusm.
1176 291 1241 357 475

186 462 240 526 Ad
255 460 444 528 Quintum.
489 462 563 526 Non
576 466 619 547 fit
637 466 670 528 im
685 466 791 544 Brevi,
808 466 903 548 Repu
916 466 966 528 vel
978 464 1105 547 Repinoe
1119 464 1242 528 mentia.
1257 475 1319 541 [(ι.)
1339 474 1379 526 Do

146 568 210 632 Sed
224 567 321 632 verba
339 567 395 630 ille
408 567 530 647 Brevis,
553 589 672 651 semper
687 569 867 652 affecerunt,
882 571 1006 652 jupiter
1021 569 1213 633 sustinuistis
1221 577 1242 646 ¹,
1255 554 1366 655 {iffi
1377 603 1410 653 ob

100 708 106 728 ι
142 671 321 755 praesertim
343 691 427 749 vero,
443 671 567 753 jmuer
587 682 620 736 et
641 693 770 754 semper,
787 672 858 757 quis
877 694 944 736 non
965 672 1063 750 videt,
1086 671 1126 735 ad
1148 670 1244 735 unius
1255 669 1402 746 persecucio

144 775 222 840 anni
251 774 391 859 spatium
416 774 529 838 referri
553 796 622 839 non
649 776 769 859 posse?
803 775 912 858 (nimie
934 783 1101 858 angentes,
1125 774 1167 839 od
1191 733 1400 863 eesffiigh'

144 901 247 959 voces,
258 880 382 961 jupiter
406 884 437 941 el
458 899 587 961 semper,
609 901 713 944 annue
734 902 819 944 unus
844 886 900 944 aut
925 880 1031 962 alter).
1076 879 1246 963 Longioris

144 985 297 1069 temporis
310 1005 408 1048 usura
421 1005 501 1068 opus
516 1005 595 1062 esse,
616 992 654 1049 ut
670 985 790 1068 aliquid
796 987 920 1068 jupiter
934 992 968 1049 et
982 1005 1102 1067 temper
1123 985 1247 1050 fuctum

145 1089 280 1152 dicatur.
326 1087 414 1155 Quid
437 1087 465 1150 si
487 1093 596 1151 autem
612 1086 763 1170 Pontifeu
778 1094 842 1152 lam
856 1109 918 1152 nan
929 1087 1026 1171 fail?
1069 1089 1248 1154 Nullamne

144 1215 221 1277 ergo
244 1193 392 1258 moeroris
421 1200 547 1276 partem
577 1193 739 1257 sustinent
766 1193 980 1256 Cardinalec?
1010 1214 1183 1258 omnemne
1211 1194 1247 1257 in

146 1296 328 1379 Pontificem
350 1296 525 1380 rejiciunt?
580 1298 738 1362 Moestum
761 1317 837 1379 ergo
859 1295 968 1375 fuisse,
990 1296 1136 1360 nondum
1162 1299 1247 1361 Pon·

145 1399 267 1481 lificem,
291 1399 367 1483 quid
390 1400 498 1463 vetat?
530 1406 663 1480 propter
685 1401 889 1479 calamitates,
914 1421 1003 1481 quas,
1018 1400 1069 1463 vel
1088 1388 1247 1483 regnante

145 1504 250 1567 adhuc
266 1503 392 1587 Regina
413 1503 630 1580 mmmmm,
646 1503 696 1567 vel
717 1524 854 1586 regnum
875 1502 1009 1567 ineunte
1030 1505 1129 1586 Rege,
1151 1505 1246 1567 mieti-

146 1615 287 1671 nueramt.
336 1607 390 1672 Sic
405 1605 533 1689 quidem
549 1613 692 1688 oportet:
716 1605 847 1689 Alioqui
861 1627 922 1669 nou
938 1605 1107 1688 affecerunt
1123 1628 1248 1691 semper

147 1709 331 1792 Pontificem
350 1709 703 1812 mmrmccalamilalee,
720 1728 797 1790 quae
814 1709 864 1770 illi
883 1709 1006 1792 jugiter
1023 1710 1245 1775 detinuerim.

146 1809 295 1873 Bimulus
316 1807 413 1872 modo
430 1807 580 1871 Pontifex
599 1813 678 1886 erat,
694 1828 767 1870 cum
790 1805 930 1890 primum
948 1806 1032 1870 illud
1047 1807 1150 1871 Breve
1171 1809 1246 1872 scri·

146 1910 247 1975 beret.
293 1912 421 1993 Semper
446 1916 555 1973 autem
583 1909 702 1992 (idest)
729 1930 845 1991 nuper:
862 1910 985 1992 jupiter
1011 1909 1137 1992 (idest)
1166 1932 1246 1974 armo

146 2016 204 2077 mc
217 2014 267 2078 vel
281 2014 449 2096 superiore,
465 2014 604 2076 Pallium
625 2019 671 2076 cel
693 2013 781 2077 breue
795 2013 917 2078 nimie⁸.
962 2015 1164 2079 Mendacium
1185 2015 1247 2080 hoc

147 2117 271 2201 operire
286 2138 353 2181 non
367 2123 481 2199 potest.

179 2236 210 2285 ln
221 2236 307 2286 libello
319 2234 411 2284 Latino
418 2233 488 2284 odito
495 2232 647 2296 Rhotomagl
659 2269 665 2282 .
680 2268 686 2282 .
699 2269 706 2283 .
717 2233 951 2284 .habenturomnie
962 2233 1014 2294 illu,
1025 2249 1082 2297 quae
1096 2234 1151 2287 Rex
1161 2242 1245 2301 negot.

212 2317 286 2382 [Bell.
297 2317 372 2380 Apol.
384 2330 431 2380 pro
442 2314 527 2380 Reop]
543 2330 568 2379 p.
580 2317 636 2364 200.
655 2314 723 2379 [Op.,
734 2319 797 2365 tom.
805 2315 850 2365 vii.
862 2316 910 2366 col.
920 2318 977 2367 810.
990 2314 1033 2380 1).]

189 2417 242 2481 Ad
270 2418 415 2493 Sextum,
444 2414 634 2498 Septimum,
667 2422 700 2480 et
724 2416 883 2480 Octavum
893 2416 911 2479 ι
958 2416 1037 2480 Non
1066 2416 1119 2480 hic
1148 2425 1246 2501 negat
1278 2433 1321 2497 (u.)
1349 2436 1393 2499 (ι.)

146 2518 310 2604 splendide
325 2518 510 2580 Mendacem
519 2526 534 2556 ¹¹
549 2537 582 2580 se
597 2517 794 2594 Cardmalis3
817 2524 946 2582 tontum
962 2539 995 2582 se
1009 2498 1411 2624 tma.illaegre-3{gm1{2¹⁰'

146 2623 200 2706 gia
214 2622 384 2684 Mendacio
411 2641 468 2684 sua
489 2619 635 2683 retulisse
657 2640 697 2684 ex
711 2620 951 2704 Blatomapmei
971 2621 1094 2695 libello;
1117 2629 1245 2687 tentum
1258 2627 1396 2681 Romanen-

147 2725 331 2788 Meudaccm
352 2723 461 2786 nescio
482 2743 577 2806 quem
597 2723 794 2786 Breuiculum
817 2724 909 2788 affert
918 2734 942 2803 ¹,
966 2745 1061 2809 quem
1081 2747 1115 2790 se
1136 2733 1245 2791 narrat
1257 2708 1352 2824 {1⁸⁸⁸
1352 2696 1385 2746 ‘³¹'

147 2833 292 2890 secutum
308 2847 386 2890 esse.
431 2825 493 2888 Vir
506 2825 610 2888 bonus
624 2835 775 2909 praestare
790 2826 896 2907 debet,
913 2836 950 2892 ιιι
965 2850 1031 2894 non
1051 2829 1245 2894 mentietur:

146 2929 295 3014 prudent,
321 2950 363 2993 ne
389 2928 590 2991 Mendacium
610 2928 707 2993 dieat.
750 2930 828 2994 Non
851 2930 938 2995 enim
960 2931 1032 2997 ideo
1046 2933 1248 2996 Mendacium

146 3040 286 3112 nonest,
309 3031 384 3116 quia
402 3031 598 3114 Rhotomagi
619 3030 828 3115 impressum:
851 3054 911 3097 nec
932 3033 1005 3098 ideo
1019 3057 1102 3113 vera,
1120 3035 1195 3119 quia
1213 3036 1249 3099 in

145 3135 227 3200 libro
242 3136 297 3199 illo
312 3135 473 3198 habentur
481 3159 490 3210 ;
515 3133 570 3196 sed
585 3132 658 3197 ideo
674 3132 763 3212 falsa,
779 3134 855 3218 quin
866 3136 935 3199 Rex
947 3135 1126 3219 Legislator
1141 3146 1248 3221 negat.

146 3238 256 3320 Negat
271 3258 345 3300 vero
368 3237 447 3314 Rex,
471 3235 546 3319 quia
569 3235 604 3297 in
626 3235 742 3299 Edicto
762 3236 845 3300 nihil
868 3259 979 3301 eorum
1000 3238 1147 3318 habetur,
1171 3262 1250 3324 quo·

128 3360 218 3403 mm
248 3340 303 3404 ille
336 3338 475 3402 mendax
510 3339 693 3402 Brmiculue
721 3347 778 3402 est.
823 3340 947 3405 Verum
973 3341 1062 3426 justo
1094 3343 1156 3406 hoc
1187 3345 1249 3408 Dei

143 3441 268 3528 judicio
290 3440 416 3525 obtigit,
432 3448 470 3504 ut
485 3440 676 3519 Cardinalin,
699 3442 754 3526 qui
773 3464 856 3508 verae
869 3443 998 3507 Actium
1019 3446 1053 3508 im
1068 3446 1251 3511 Proditores

146 3566 214 3609 non
235 3544 346 3623 credit,
367 3544 475 3608 credat
497 3544 589 3607 Actis
612 3545 809 3608 mendacibus
828 3567 867 3610 ex
889 3547 1054 3611 Breuimlo
1071 3549 1250 3613 Mendam'ie

139 3650 245 3730 pleno.

178 3751 217 3800 Ac
230 3754 259 3800 ut
269 3749 346 3799 fidem
355 3763 438 3800 mcum
449 3784 456 3799 .
468 3786 475 3800 .
487 3785 493 3798 .
504 3748 618 3807 liberem,
631 3754 657 3800 et
664 3750 725 3814 quie
734 3749 837 3801 libellus
848 3752 955 3815 exiguus
966 3751 1021 3816 [lep.
1033 3753 1248 3819 elegantissimus]

211 3835 258 3889 eet,
269 3829 334 3880 dabo
345 3845 455 3894 operam,
466 3833 496 3880 ιιι
510 3830 593 3895 primo
608 3845 707 3894 quoque
720 3835 833 3895 tempore
849 3832 1099 3900 renudatum—[Bell
1111 3835 1187 3901 Apol.
1202 3851 1249 3901 pro
1341 3892 1352 3911 .

211 3911 299 3977 emp]
317 3927 342 3977 p.
350 3913 407 3962 201.
425 3912 495 3976 [Op.,
506 3917 568 3962 tom.
578 3910 623 3961 vii.
634 3913 680 3962 col
691 3912 747 3965 817.
758 3913 805 3978 Δ.]

179 4063 189 4092 ⁴
208 4063 285 4128 [Vide
297 4061 415 4126 Reponi.
428 4062 499 4113 'lorti
515 4077 539 4127 p.
549 4064 587 4114 28.
606 4063 674 4113 lidii.
719 4066 759 4115 80.
777 4062 846 4112 lldit
865 4062 957 4123 Ροιιι;
979 4069 1006 4115 et
1029 4062 1091 4114 Bell.
1111 4064 1167 4129 Op..
1186 4069 1247 4117 tom.

148 4129 242 4184 Ροιιις
272 4131 299 4178 et
322 4127 386 4178 Bell.
409 4127 466 4192 Op,
486 4132 548 4178 tom.
560 4128 604 4177 vii.
627 4129 674 4178 col.
718 4127 763 4178 rii.
780 4127 826 4177 col.
839 4131 895 4178 650.
908 4127 937 4178 Β.
950 4127 993 4193 1).]

149 4192 259 4257 utum]
754 4201 766 4224 ¹¹
799 4192 836 4242 cf.
849 4192 911 4243 Hor.
924 4192 1007 4242 Germ
1019 4192 1068 4242 111.
1081 4194 1119 4243 ll.
1132 4193 1183 4258 85]

179 4256 288 4321 ¹[Brcv.
309 4255 328 4307 l.
354 4256 428 4306 Pauli
450 4255 483 4306 V.
510 4257 577 4321 apud
602 4256 675 4322 Reep.
750 4264 762 4289 ¹
812 4257 891 4307 itnlm
909 4256 977 4314 libri.
992 4262 1022 4308 ιιι
1039 4256 1131 4307 aneu.
1147 4259 1248 4318 eltutus,

147 4322 226 4381 l'orti,
247 4336 271 4384 p.
283 4323 337 4379 1n.;
357 4326 383 4371 et
400 4321 463 4372 Bell.
481 4322 536 4386 Op,
559 4327 619 4374 lom
631 4323 674 4373 vii.
720 4321 757 4372 ita
785 4336 812 4372 ae
841 4322 926 4379 hebet,
953 4321 1119 4372 ‘Brevlculm
1140 4322 1247 4373 duorum

147 4388 192 4437 col.
206 4388 260 4435 642.
273 4385 315 4449 A.]
719 4400 800 4450 nuper
816 4387 844 4435 in
857 4386 965 4450 publicis
976 4386 1087 4436 comitiis
1098 4387 1247 4450 Anglicnnis

181 4461 189 4482 ¹
207 4450 260 4511 [Be.
272 4449 362 4498 xxviii.
375 4451 425 4515 20]
718 4451 847 4512 actorum:
858 4449 1051 4502 luo—Bothum.
1065 4450 1146 4516 mou]

180 4515 281 4580 ι[ιίοο
304 4514 423 4578 Reponi.
448 4515 519 4565 'lorti
541 4532 583 4583 pp.
602 4521 675 4568 28-
