2910 4926
460 296 643 348 momcnu
663 297 844 347 anseousm.
1138 285 1204 351 479

64 506 67 512 ,
102 453 154 519 nis
168 454 265 538 hujus
279 451 396 517 notitia
409 453 524 532 omnis,
540 451 759 534 aPoutificum
772 453 918 538 potentia
931 452 1061 537 pendet,
1076 455 1131 539 qui
1145 453 1204 519 ubi

103 565 248 641 possunt,
274 556 438 620 inculcant
464 556 594 635 sedu103
627 556 685 621 ubi
712 578 780 621 non
807 563 951 640 possunt,
978 578 1045 621 ιιοιι
1074 566 1204 641 gmvate

103 661 366 743 praetermittunt.
407 659 511 743 Atqui
533 680 592 723 nos
609 659 775 743 Gregorio,
790 659 826 723 in
847 659 984 743 gratiam
999 661 1205 743 Apostolatac

103 762 216 842 nostri,
232 762 320 826 hunc
334 762 490 826 honorem
505 761 670 840 habemus,
686 768 724 825 ut
739 760 815 845 quia
833 782 868 826 se
882 759 1040 843 famulum
1062 761 1154 842 dixit,
1170 769 1205 826 et

104 865 298 930 Mauritium
308 867 484 944 Dominum,
494 865 628 930 univoce
642 864 712 929 haec
727 865 843 929 dixisse
857 865 960 945 illum,
976 887 1043 930 non
1053 867 1205 948 aequivoce

104 976 293 1034 statuamus.
347 970 493 1034 Univoce
518 970 612 1054 proin
635 967 801 1033 subditum
830 968 929 1032 fuisse
959 970 1030 1054 ejus
1058 969 1204 1053 imperio,

104 1072 245 1157 adeoque
271 1072 406 1138 univoce
431 1073 582 1157 paruisse,
606 1079 639 1136 et
661 1071 857 1137 velleitatem
883 1071 966 1137 forte
990 1072 1140 1156 aliquam,
1162 1093 1205 1137 ne

104 1176 250 1260 quedam
272 1176 433 1261 imperari,
448 1177 506 1241 ubi
526 1177 684 1261 imperata
697 1182 816 1255 ment,
830 1176 1041 1256 voluntatem,
1056 1196 1099 1242 ne
1113 1196 1204 1262 pare·

102 1288 163 1359 ret,
177 1301 245 1345 non
259 1279 420 1345 habuisse.

137 1467 228 1518 Brevia
239 1503 245 1516 .
257 1503 264 1516 .
276 1503 283 1516 .
296 1468 431 1519 Pontificio
440 1483 521 1533 neque
532 1468 684 1519 nominatim
695 1467 712 1518 J
713 1467 819 1518 scobem
828 1465 923 1530 Regem
934 1466 1112 1529 excludebant,
1123 1481 1206 1532 neque

168 1549 321 1600 nominatim
338 1549 510 1610 includebant,
522 1549 567 1600 scd
578 1548 762 1600 hortabantur.
774 1585 781 1598 .
793 1584 800 1597 .
813 1583 821 1608 ,
832 1552 862 1598 ut
871 1552 995 1609 cunrcnt,
1006 1553 1129 1611 quantum
1140 1550 1169 1599 tn
1180 1563 1207 1600 ae

168 1636 241 1693 esset
252 1636 282 1682 nt
293 1631 347 1682 Rex
362 1632 531 1696 aligerum
545 1631 595 1682 lide
604 1631 735 1682 Catholica
745 1645 797 1681 non
807 1629 1061 1696 abhorrens-[Bell.
1073 1631 1148 1697 Apol.
1160 1647 1206 1697 pro
1247 1647 1249 1650 ·

169 1713 254 1779 Besp]
265 1730 290 1779 p.
302 1717 358 1765 203.
370 1714 435 1779 [Op.,
448 1718 508 1765 tona
520 1715 564 1763 vii.
576 1714 622 1764 col.
631 1716 686 1764 818.
699 1712 738 1778 0.]

147 1812 200 1876 Ad
215 1814 463 1879 Undecimuml.
491 1813 578 1881 Quid
592 1812 647 1877 hic
662 1812 830 1893 attinebat,
843 1833 937 1876 suum
951 1812 1033 1876 illud
1044 1817 1055 1849 ‘
1063 1813 1201 1876 aomina-
1215 1826 1286 1942 ppt.
1328 1821 1368 1874 Dc

104 1915 176 1978 tim’
187 1916 388 1996 intercalare,
403 1937 446 1981 ne
456 1916 524 2000 ipse
536 1916 665 2001 quidem
676 1916 747 1980 Rea
761 1917 942 1979 nominatim
954 1914 1085 1995 dixerat,
1098 1935 1158 1980 nee
1168 1914 1202 1979 id
1215 1890 1339 2008 offla,

103 2017 140 2082 in
150 2020 309 2083 mendacio
319 2027 468 2084 notatum
479 2027 537 2085 est.
562 2019 650 2087 Quid
661 2041 740 2104 opus
751 2021 845 2085 vero?
862 2021 973 2084 Potest
984 2018 1111 2083 excludi
1121 2019 1201 2102 quis,
1215 2018 1302 2086 vni]

104 2123 225 2185 nomine
237 2144 299 2186 con
312 2124 479 2204 nominato,
494 2145 611 2208 nempe
625 2123 651 2187 si
666 2124 713 2187 ita
726 2129 1147 2206 notat1u,ut,praeterquam
1161 2121 1202 2200 ei,
1258 2087 1323 2152 34⁷

104 2224 230 2289 notatio
252 2225 308 2288 illa
328 2225 451 2290 nemini
472 2227 573 2310 possit
594 2226 775 2291 convenire.
818 2227 927 2309 Atque
942 2224 989 2289 ita
1002 2225 1038 2288 in
1051 2226 1205 2288 Brevitas

105 2333 236 2392 notatus
252 2329 331 2406 Rex,
347 2349 385 2393 ea
406 2328 550 2393 clausula
558 2353 567 2404 ;
594 2329 727 2392 cureret
741 2349 802 2392 uou
816 2329 924 2410 recipi,
940 2333 1205 2410 quantuscumque

99 2432 335 2514 propinquitate
349 2433 510 2516 saupuiuie
524 2434 709 2495 niteretara·
733 2431 820 2516 quod
834 2431 967 2515 perinde
982 2436 1061 2510 erat,
1072 2430 1206 2515 perinde

105 2555 216 2598 omnes
227 2534 460 2618 intelligebant,
470 2556 508 2600 ac
519 2535 546 2599 si
557 2535 744 2620 scripsisset,
756 2540 902 2599 curarent
912 2556 974 2598 nou
984 2536 1083 2616 recipi
1090 2535 1205 2618 Reqem

106 2637 276 2703 iacobum.
321 2639 429 2703 Cuivis
444 2639 531 2703 enim
545 2638 581 2702 in
595 2638 728 2723 proclivi
742 2638 806 2702 duo
820 2638 890 2703 haec
908 2645 1098 2704 connectere
1106 2663 1116 2716 3
1139 2638 1205 2702 Ex·

107 2740 265 2820 cludatur,
281 2743 335 2823 qui
348 2744 397 2805 vet
404 2743 546 2805 'mamma
560 2742 722 2825 aoupuiuic
735 2742 973 2824 propinquitate
987 2742 1110 2820 uititm
1131 2741 1205 2824 (nisi

106 2851 236 2928 paratus
259 2845 302 2909 sit
323 2867 390 2910 non
412 2845 508 2910 modo
526 2847 669 2924 tolerare,
686 2845 742 2910 sed
762 2845 853 2910 omni
871 2866 932 2929 ope
948 2851 981 2908 et
1004 2844 1113 2909 studio
1127 2865 1206 2927 pro·

106 2968 226 3011 mouere
234 2949 424 3032 Retipicuem
432 2951 614 3026 Romanam,
626 2948 813 3033 atqucinea
822 2948 918 3013 verba
924 2949 1044 3032 jurare)
1050 2975 1060 3026 ;
1072 2948 1209 3012 lacobus

107 3051 177 3116 Rea
200 3053 338 3115 mamma
358 3054 519 3136 saupuuie
534 3053 770 3135 propinquitate
791 3053 913 3129 ndum,
931 3050 987 3114 sed
1006 3071 1048 3113 nc
1074 3054 1210 3115 tolerare

108 3153 238 3236 quidem
252 3155 443 3236 Relipiouem
457 3157 630 3218 Romanam
651 3155 686 3217 in
701 3153 809 3217 animo
820 3151 930 3231 habet,
945 3151 1067 3216 nedum
1082 3174 1209 3234 promo·

107 3276 188 3335 vere,
204 3255 337 3319 minime
352 3264 460 3320 autem
475 3256 631 3335 omnium,
646 3257 682 3319 id
692 3277 725 3320 ae
731 3257 846 3339 jurare
853 3254 1027 3338 facturum.

151 3359 277 3444 Injuria
304 3359 360 3423 illa
388 3359 518 3443 quidem
546 3360 583 3423 in
612 3361 736 3443 Regem
767 3381 902 3438 summa,
928 3359 1100 3442 Regesque
1129 3359 1208 3424 adeo

60 3452 64 3464 ’
108 3482 228 3541 omnes,
244 3463 397 3525 curarent
411 3469 446 3525 ut
461 3464 636 3546 etiqeretur.
682 3461 770 3529 Quid
784 3462 837 3526 hic
851 3483 941 3545 opus,
953 3460 1031 3544 quid
1046 3461 1081 3523 in
1091 3462 1208 3542 Gallia,

108 3584 183 3628 cum
197 3563 237 3628 de
256 3565 389 3628 Haerede
403 3586 477 3630 vero
492 3586 529 3629 ac
544 3567 680 3649 tepitimo
702 3570 862 3630 constaret
883 3562 968 3648 apud
987 3563 1123 3628 omnes?
1166 3567 1209 3629 In

109 3688 147 3732 eo
162 3675 280 3748 autem,
297 3669 383 3752 quod
398 3668 517 3734 dicitur
531 3691 592 3733 cco
606 3670 786 3748 aelmon,
801 3667 851 3732 bis
862 3667 931 3752 jam
947 3667 1081 3730 medea
1096 3669 1209 3734 Cardi-

109 3771 191 3835 nalis
203 3795 210 3834 ι
233 3771 311 3835 Non
326 3772 413 3836 enim
429 3772 550 3853 debuit,
563 3795 625 3837 uon
639 3773 805 3836 obtenere
819 3770 924 3849 modo,
936 3770 1014 3854 quin
1025 3792 1076 3836 res
1085 3794 1211 3857 quoque

109 3881 239 3954 vestras,
256 3881 352 3959 atque
366 3876 555 3959 relipionem,
570 3875 647 3940 totis
661 3875 782 3940 viribus
790 3894 984 3957 promovere.

142 3993 241 4045 Vidit.
259 3991 444 4060 .(Garnettus)‚
462 3994 538 4046 verbe
555 3993 676 4047 Brevium
695 4009 767 4059 posse
786 3994 815 4043 in
833 3992 927 4043 malam
946 3995 1044 4057 partam
1063 3994 1208 4058 accipi,ch

174 4075 273 4128 audivit
290 4075 386 4139 Regem
402 4075 526 4126 iacobum
545 4091 603 4127 vera
620 4091 636 4128 a
654 4075 784 4128 catholice
798 4074 849 4125 fide
863 4075 1048 4125 alienissimum
1058 4089 1117 4126 csse.
1148 4075 1209 4126 ldeo

175 4195 215 4209 ...
228 4160 331 4223 ignibus
340 4157 456 4219 tradidit,
465 4163 554 4210 utnon
565 4158 795 4224 obessent-[Beli
805 4157 934 4222 Apolpro
943 4155 1027 4222 Resp]
1039 4172 1062 4222 p.
1073 4160 1128 4210 203.
1141 4158 1209 4224 [Op.,

175 4241 289 4291 tomuli.
300 4240 346 4291 col.
358 4242 414 4291 818.
426 4239 498 4304 O.D.]

145 4431 250 4511 ,Fide
261 4432 310 4484 Res
343 4433 461 4485 na'Porti
479 4448 503 4497 p.
511 4433 551 4511 ⁴⁷:
568 4432 636 4484 Edit
682 4436 738 4485 659.
751 4431 828 4510 B·⁰.·]

113 4499 203 4558 Pollii
231 4502 256 4548 tt
326 4499 343 4549 l·
365 4499 422 4563 01),
443 4503 504 4550 tona
524 4499 569 4548 vii.
590 4499 637 4549 col.
714 4497 1052 4563 η[Αοιιιιιι.1ιι(ιιιιιιοιιιιιι,
1063 4511 1088 4562 p.
1098 4498 1149 4563 ta]
