2910 4926
447 284 631 333 esemona
652 284 834 334 nsssousro.
1129 273 1191 338 163

88 448 246 506 cessasset
269 447 340 504 tota
365 440 434 504 haee
458 439 619 504 calumnia
643 439 832 504 Cardinaiis.
877 440 958 525 Ejus
979 440 1033 505 hie
1056 443 1191 523 incuria,

90 545 190 628 Regis
204 545 332 625 injurie.

121 663 280 714 catholicum
296 678 323 712 se
339 678 391 713 non
407 678 460 713 esse
477 663 562 727 palam
576 662 716 726 profitetur,
728 677 785 712 eum
802 662 830 713 in
841 665 897 713 tota
906 662 952 713 illa
961 663 1088 729 Apologia
1097 679 1191 715 nomen

156 745 344 796 catholicorum
356 760 455 809 semper
470 745 597 794 tribuatur
608 744 670 808 [leg.
686 743 792 809 tribuat]
809 744 869 805 illis,
885 745 929 809 qni
943 743 1057 796 Romano
1071 745 1191 797 Pontifici

155 825 314 876 adhaererent
328 823 722 890 [reg.adhaerent.-13011.sp01.
734 840 780 890 pro
792 825 879 890 Resp]
898 841 922 891 p.
931 827 970 877 49.
984 827 1054 893 [Op.,
1070 831 1133 878 torn.
1145 829 1190 879 vii.

152 908 199 958 col.
208 907 264 959 782.
276 906 316 971 B.]

131 1001 176 1064 At
193 1020 269 1063 cure
285 998 414 1082 quidem
437 997 472 1060 in
494 998 576 1077 hoe;
598 998 634 1061 in
655 1005 808 1082 sequente
823 1020 897 1065 vero
912 1021 966 1064 eor
980 1000 1028 1065 illi
1043 1001 1141 1081 deest,
1158 1008 1190 1066 et
1204 1021 1269 1087 [ποι
1280 1027 1319 1073 eo

78 1101 185 1184 frons,
200 1102 258 1166 ubi
274 1103 396 1184 Regem
412 1100 490 1164 dicit
505 1101 700 1164 Celdolicem
715 1123 748 1164 se
763 1123 824 1165 noa
839 1123 905 1166 esse
918 1105 1024 1186 palam
1033 1105 1189 1188 profiteri,
1203 1087 1314 1216 ffiffl'

87 1205 144 1289 qui
174 1226 333 1288 nusquam
363 1203 396 1267 id
425 1203 511 1282 feeit,
542 1225 710 1287 nunquam
739 1203 883 1268 facturus
913 1212 972 1269 est.
1018 1206 1191 1289 Prefllelur

80 1309 192 1390 palem
213 1330 246 1372 se
264 1309 466 1388 catholicum,
484 1317 517 1372 at
539 1330 606 1372 non
621 1310 872 1388 Remoramne,
890 1311 974 1393 quod
990 1331 1066 1374 voco
1087 1311 1192 1394 prima

85 1412 203 1495 posuit,
226 1418 348 1476 evertat
371 1411 531 1489 secunda3
555 1431 616 1475 nec
640 1413 823 1496 compinget
845 1435 989 1497 unquam
1014 1415 1079 1477 vim
1104 1414 1189 1479 vocis

86 1521 154 1577 tam
169 1514 235 1578 late
257 1522 433 1598 patentem,
449 1515 485 1577 in
500 1515 597 1577 unius
613 1516 662 1578 vel
677 1515 777 1595 urbis,
794 1516 843 1579 vel
858 1515 997 1600 pectoris
1012 1518 1188 1600 angustias.

88 1618 194 1697 Quod,
210 1641 274 1702 quo
289 1620 391 1703 magis
406 1620 492 1700 facit,
510 1642 548 1684 eo
563 1619 665 1702 magis
684 1621 871 1685 Celbollcus.
911 1621 1097 1685 Secundum
1113 1622 1190 1686 huie

87 1724 247 1786 accenseri
276 1732 390 1807 potest,
418 1724 551 1808 perinde
574 1724 700 1788 falsum.
746 1725 786 1787 Ia
812 1730 879 1789 lola
902 1726 1058 1809 Apologia
1082 1747 1191 1789 nemea

91 1825 319 1889 catholicorum
343 1848 462 1910 semper
485 1829 551 1890 illis
581 1828 687 1907 lrllml,
711 1829 765 1910 qm’
793 1828 929 1891 Romano
958 1828 1107 1910 Pontifici
1133 1830 1189 1892 ad-

88 1929 213 1991 doerenl.
259 1930 336 1993 Non
362 1931 459 2009 enim,
486 1931 537 1994 vel
561 1931 594 1993 ie
620 1937 695 2006 lota,
722 1931 772 1994 rel
797 1951 938 2012 semper:
970 1930 1107 1995 Ostendi
1129 1931 1191 1996 hoe

87 2032 213 2115 copiose
229 2031 327 2097 alibii.
360 2033 487 2100 Quibus
503 2039 612 2096 autem
627 2032 659 2095 id
677 2032 791 2096 tribuit
805 2033 841 2095 in
856 2032 943 2112 lenia,
956 2033 1002 2096 its
1017 2033 1141 2113 tribuit,
1151 2043 1190 2098 ut

88 2135 130 2199 ad
155 2136 283 2200 illorum
306 2136 484 2219 ingenium,
511 2158 577 2200 non
601 2158 731 2199 sensum
759 2157 853 2198 suurn
877 2136 974 2219 loqui,
1000 2136 1093 2200 facile
1118 2138 1188 2218 quis

86 2239 185 2324 possit
200 2262 381 2324 agnoscere.
428 2243 478 2306 De
503 2262 565 2324 quo
587 2262 662 2304 cum
678 2239 857 2304 cardinalis
873 2241 989 2303 'Portus
1005 2241 1055 2313 sit,
1071 2241 1188 2305 'Portus

87 2353 196 2408 autern
225 2366 414 2429 responsum
439 2346 509 2429 jam
539 2345 721 2428 acceperit3
760 2342 846 2427 quod
875 2344 975 2407 'Porto
1005 2344 1083 2407 satis
1113 2343 1186 2419 fuit,

87 2450 224 2513 sufficiat
246 2458 279 2513 et
295 2449 467 2514 Cardinali.
515 2449 588 2528 Sed,
605 2470 665 2512 nee
680 2449 825 2512 abhorret
841 2469 860 2510 a
878 2447 1116 2524 Celdolicorum,
1133 2445 1188 2529 qui

86 2552 154 2616 veri
169 2559 202 2616 et
216 2561 339 2616 veteres
363 2560 449 2632 sunt,
474 2548 544 2635 quse
566 2573 640 2615 vera
660 2558 709 2615 est
731 2557 763 2614 et
784 2558 886 2628 vetus,
901 2549 952 2613 vel
973 2551 1122 2633 religione
1136 2550 1186 2614 vel

77 2657 156 2739 fide.
201 2657 292 2720 stret
313 2657 432 2720 adnata
455 2656 600 2740 quaedam
623 2663 710 2735 sunt,
733 2656 767 2719 in
789 2656 968 2738 religionem
989 2654 1187 2738 irrepserunt

86 2761 259 2825 nonnulla:
282 2760 368 2824 inter
390 2762 454 2823 ltoec
476 2759 655 2842 distinguit,
679 2768 712 2823 et
734 2759 934 2841 rellyionem,·
957 2758 1043 2822 inter
1064 2759 1130 2838 illu,
1154 2766 1188 2821 et

79 2863 203 2944 fidene:
230 2863 338 2944 fidem,
369 2864 547 2945 rolipioeem
573 2860 795 2945 amplectitur:
830 2867 901 2924 tum
926 2860 1005 2939 haee,
1031 2867 1102 2923 tum
1131 2858 1188 2922 illa

86 2967 211 3050 rejicit:
233 2989 294 3031 nec
311 2988 385 3030 cum
401 2967 538 3029 :ironiis
560 2965 658 3028 simul
680 2965 821 3027 eradicet
844 2969 874 3026 el
897 2960 1076 3036 triticum&
1101 2961 1187 3046 quod

86 3092 202 3134 sanum
225 3077 285 3148 est,
302 3069 430 3148 retinet,
447 3069 531 3153 quod
547 3075 649 3146 vetus,
665 3074 807 3145 renovat,
824 3065 908 3150 quod
923 3087 1033 3130 recens
1048 3087 1067 3129 a
1082 3067 1186 3129 Roma

87 3175 136 3237 vel
151 3173 315 3250 Trident0‚
331 3193 398 3236 non
414 3171 559 3255 agnoscit
574 3192 631 3255 pro
648 3170 823 3235 Catholico.

118 3303 241 3360 Quamrds
251 3307 337 3353 autom
356 3337 362 3350 .
381 3336 387 3349 .
406 3338 411 3351 .
431 3300 590 3351 catholicum
605 3314 631 3348 se
645 3299 750 3362 probare
764 3298 870 3359 nitatur,
881 3311 939 3346 enm
950 3300 1038 3346 tamen
1049 3311 1065 3346 ο
1075 3294 1189 3345 Romana

151 3382 462 3446 Religionc,etaRomani
471 3379 881 3440 Pontificisobedientia‚alienum
890 3393 977 3428 ecesse
986 3377 1061 3436 dieat,
1070 3376 1188 3425 nonideo

146 3465 245 3527 judicie
265 3464 334 3513 orbis
351 3468 425 3513 terrae
437 3462 582 3512 Catholicae
599 3475 709 3524 unquam
721 3460 809 3509 haberi
821 3460 860 3508 vel
878 3459 929 3508 diei
941 3457 1050 3521 poterim
1068 3457 1187 3520 quoniam

150 3560 243 3595 nomen
255 3545 403 3595 ‘Catholici'
417 3544 528 3593 Ecclesia
536 3543 648 3593 Romana
657 3541 818 3601 itaobt'rnuit,
829 3540 941 3589 utetiam
953 3538 1067 3587 haeretiei
1079 3539 1187 3587 interro·

148 3628 211 3691 goti,
228 3628 273 3677 ubi
292 3626 324 3677 ed
341 3626 496 3676 Catholieam
514 3624 685 3682 conveniatur,
703 3637 754 3671 non
770 3636 826 3670 snas
844 3620 939 3681 domos,
956 3619 1000 3670 sed
1017 3619 1092 3668 istam
1110 3632 1187 3667 unam

149 3709 284 3760 ostendent
301 3707 434 3773 ...[unrle
451 3706 563 3756 heretici
576 3719 670 3764 omnes,
684 3709 804 3768 tanquam
818 3703 883 3753 rami
900 3703 981 3761 tracti,
998 3700 1187 3750 exciderunt.—

150 3791 213 3841 Bell.
227 3790 302 3855 Apol.
315 3804 360 3853 pro
372 3788 458 3852 Resp]
477 3803 501 3851 p.
514 3789 551 3837 49.
572 3786 641 3852 [Op.,
654 3789 714 3835 tom.
727 3786 771 3834 vii.
782 3786 828 3834 eol.
841 3785 896 3835 732.
911 3783 940 3832 B.
949 3781 988 3846 C.]

129 3885 304 3967 Utcunque
319 3903 393 3945 vero
412 3901 445 3944 se
460 3880 573 3961 prebet
592 3880 662 3941 Rem
679 3878 881 3953 Coldollcum
905 3879 1014 3937 narrat
1029 3873 1059 3937 ei
1075 3872 1185 3936 Cardi-
1199 3889 1339 3954 [Romania

83 3987 176 4065 nalis,
192 4008 320 4071 operam
336 4005 464 4048 omnem
485 3983 608 4066 perire3
631 3983 662 4043 A
677 3982 820 4044 Romarm
836 3979 994 4060 religione,
1017 3998 1037 4038 ο
1052 3976 1186 4040 Romam
1198 3955 1325 4068 ffimffim'

85 4089 250 4169 Pontificis
264 4089 438 4152 obedientia
452 4087 481 4148 sl
497 4086 615 4148 alienes
629 4085 682 4162 sil,
700 4084 783 4146 nihii
799 4082 875 4165 egit.
920 4081 1053 4143 Nomen
1072 4080 1184 4141 Catlo.
1197 4082 1318 4148 sapiunt]

84 4195 138 4256 lise'
164 4192 309 4255 Ecclesia
335 4193 481 4255 Romana
503 4188 662 4252 obtinuit:
685 4206 801 4269 nempe
823 4206 906 4268 pars,
928 4183 1047 4246 totius:
1070 4181 1185 4245 indivi-

83 4296 194 4375 duum,
216 4295 350 4378 generis.
396 4294 516 4357 Nmret
537 4290 606 4354 haee
627 4290 735 4352 idiotis
756 4288 841 4351 suis:
865 4308 942 4351 num
965 4285 1020 4368 qni
1042 4283 1188 4347 doctrina

142 4446 222 4509 [Vide
233 4447 331 4497 Tortor.
344 4446 423 4506 berti,
440 4459 481 4509 pp.
489 4446 544 4504 399,
558 4444 611 4492 400.
629 4440 697 4492 Edit
710 4439 789 4491 bend.
799 4442 877 4490 loos:
894 4443 921 4490 et
931 4441 1009 4488 nostr.
1020 4436 1048 4485 in
1060 4449 1139 4497 marg.

116 4510 127 4543 ¹¹
146 4512 232 4575 [trata.
244 4512 299 4560 xiii.
312 4510 362 4574 eo]
864 4573 931 4637 m
