2910 4926
282 265 347 328 456
592 281 644 327 so.
658 280 849 329 cenomanis
870 279 1070 328 ammaum

130 460 261 510 Jndieium
327 436 382 513 At,
399 454 472 497 cum
487 435 624 497 iacertm
639 438 771 502 aliorum
786 437 951 517 opiniones,
967 435 1015 498 ita
1028 435 1257 516 interpretatin
1272 430 1391 495 Cardi-

120 461 260 652 qdffiffiiffi
283 539 375 617 nalis,
391 539 550 617 Ecclesioe,
575 541 789 617 Conciliorum,
806 539 974 620 Pontifieis
986 539 1162 621 judiciam
1186 535 1258 620 quis
1279 535 1387 597 ierat?

119 653 252 718 bendum]
284 640 340 704 ubi
363 641 413 704 vel
435 641 519 704 mica
541 641 708 706 candoris?
747 640 930 722 Pontificem
959 662 1026 705 uon
1051 661 1167 704 moror.
1223 637 1289 701 Sed
1315 637 1389 720 quis

281 744 440 823 Ecelesioe,
461 745 626 807 Consiliioe
640 745 796 826 judicium
815 765 881 807 non
895 744 991 827 longe
1006 750 1180 826 anteponat
1202 739 1283 804 suo?
1314 741 1387 803 Nee

280 848 376 929 Repis
399 854 457 924 est,
478 867 538 910 nec
560 848 757 930 cujusquam,
778 848 922 909 doetrirw
945 847 1023 911 haec.
1068 847 1140 911 Neo
1160 842 1249 907 novit
1273 843 1388 907 Cardi-

280 950 370 1029 nalis,
384 949 460 1033 quid
471 949 525 1012 hie
540 950 623 1033 apud
637 971 696 1014 uos
708 950 852 1030 doceant,
864 952 994 1032 quirem
1008 949 1221 1030 ibeolopieam
1231 951 1386 1008 tractant.

280 1053 358 1115 Non
380 1052 467 1116 enim
490 1053 608 1134 (credo)
634 1074 841 1136 eorumquae
863 1054 989 1137 scripsit
1012 1055 1090 1131 Rex,
1108 1049 1385 1115 Commentarium

280 1175 318 1216 ex
333 1154 524 1217 Whitakero
539 1162 636 1237 petet,
648 1176 705 1239 per
718 1162 825 1218 totum
840 1155 1031 1219 decennium
1046 1161 1121 1217 ante
1135 1160 1273 1229 mortuo,
1287 1173 1385 1234 quarn

283 1257 351 1319 Rex
367 1256 529 1320 scriberet.
574 1257 771 1340 Praepostere
785 1279 860 1321 vero
881 1260 951 1321 hoc.
998 1258 1062 1321 Sed
1076 1277 1179 1340 neque
1193 1256 1279 1318 hanc
1300 1254 1335 1316 in
1351 1275 1385 1316 se

279 1359 383 1441 legem
397 1359 474 1422 ferri
488 1359 586 1422 ferret
601 1360 790 1438 Cardinalis,
808 1369 845 1422 ut
863 1360 966 1443 siquid
989 1361 1055 1444 ipse
1073 1358 1200 1437 scribat,
1216 1357 1251 1420 id
1267 1378 1305 1420 ex
1321 1356 1387 1419 aiio

279 1448 396 1527 clarius
415 1464 576 1544 reddatur,
593 1464 648 1547 qui
663 1465 867 1528 crassioribus
882 1465 995 1542 verbis,
1012 1473 1067 1528 aut
1085 1465 1192 1526 minus
1207 1461 1385 1525 commodis

279 1589 347 1631 rem
363 1569 545 1652 complexus
565 1576 622 1632 est.
668 1571 713 1632 At
736 1578 784 1633 est
807 1569 918 1632 eadem
932 1568 1123 1631 Whitskero
1145 1587 1245 1630 mens.
1292 1565 1382 1644 Non,

278 1680 315 1735 ut
326 1673 430 1753 judeo
445 1673 525 1756 quis,
541 1671 604 1735 nisi
624 1672 703 1735 sibi:
726 1680 764 1735 ut
779 1672 835 1756 qui
857 1672 917 1735 sibi
932 1672 1052 1755 optime
1070 1671 1214 1733 omnium
1235 1668 1384 1732 conscius

278 1777 329 1854 sit,
351 1799 413 1859 qua
435 1778 496 1840 fide
521 1777 572 1854 sit,
589 1797 688 1860 eaque
711 1776 799 1855 fides,
821 1776 873 1839 eui
897 1775 1040 1854 subnixa,
1064 1774 1206 1838 solidone
1228 1794 1271 1836 an
1294 1773 1384 1856 putri

277 1881 498 1944 fundamento.
546 1881 609 1944 Sed
631 1901 736 1963 neque
758 1901 881 1962 semper
896 1880 991 1962 Papae
1014 1878 1063 1940 sui
1081 1877 1247 1940 sententiae
1272 1877 1383 1959 acqui-

277 1985 354 2047 escit
371 1985 568 2060 Cardinalis;
591 1987 669 2048 Non
685 1984 772 2048 enim
789 1982 955 2047 Honorii‘.
991 1983 1107 2064 Neque
1122 1980 1278 2057 Concilii;
1302 1981 1383 2043 Non
1434 2060 1438 2066 ἡ

277 2089 363 2151 enirn
380 2089 646 2153 Constantiensis.
690 2090 806 2171 Neque
825 2094 963 2169 patrum,
980 2107 1058 2168 quos
1073 2085 1108 2147 in
1123 2085 1304 2166 quibusdam
1319 2105 1384 2146 non

276 2194 384 2255 leviter
409 2196 539 2274 lapsosu
563 2192 669 2275 aliquo
693 2191 763 2255 loco
793 2191 930 2253 affirmat
955 2189 1032 2272 ipse.
1080 2188 1205 2255 Quibus
1231 2189 1267 2250 in
1291 2188 1382 2266 locis,

271 2296 371 2379 judex
401 2296 462 2359 sibi
488 2296 678 2371 cardinalis,
708 2294 804 2377 (quod
828 2294 864 2356 in
890 2293 1081 2356 Whitakero
1105 2293 1244 2375 culpat):
1275 2313 1383 2375 neque

273 2399 395 2482 judicio
411 2400 544 2462 aliorum
559 2406 633 2478 stat,
646 2419 749 2480 neque
764 2397 892 2460 illorum
908 2396 1074 2459 sententiae
1089 2394 1269 2478 acquiescit
1294 2396 1382 2459 Con-

278 2499 351 2562 cilia
371 2499 509 2581 quidem,
526 2508 558 2563 et
576 2500 697 2577 Patres,
714 2498 813 2581 siquis
827 2518 885 2581 pro
904 2497 1062 2561 arbitratu
1084 2518 1142 2559 suo
1164 2496 1297 2578 rejiciat,
1313 2518 1381 2559 non

278 2603 372 2684 longe
399 2603 439 2665 ab
462 2603 574 2666 haeresi
598 2603 649 2664 sit.
696 2602 754 2664 Sin
782 2624 851 2683 quae
880 2602 966 2682 legat
991 2601 1025 2662 in
1056 2600 1118 2661 iilis
1148 2602 1265 2679 (coram
1293 2601 1375 2680 Deo)

278 2705 435 2786 expendat
458 2705 575 2782 sedu10,
600 2727 640 2767 an
664 2705 791 2786 plenam
812 2703 1015 2766 conscientiae
1035 2724 1099 2765 suae
1121 2703 1217 2765 fidem
1238 2703 1379 2765 faciant:

278 2826 343 2867 non
368 2806 400 2866 id
425 2806 599 2888 quisquam,
622 2807 676 2888 qui
699 2828 807 2888 aequus
831 2806 882 2883 sit,
902 2805 1016 2867 merito
1039 2805 1261 2886 reprehendat.
1309 2805 1380 2867 Nec

277 2910 433 2970 hereseon
460 2910 563 2989 jeriau
599 2911 676 2987 haec,
712 2918 748 2971 ut
785 2916 896 2991 petant
925 2930 942 2971 e
973 2908 1067 2970 sacris
1100 2907 1281 2990 Scripturis,
1312 2929 1379 2970 non

157 3019 216 3079 331
276 3011 452 3093 rhapsodiis
471 3012 577 3074 nescio
598 3011 730 3095 quibus;
755 3020 867 3094 petant
890 3011 951 3093 ipsi
974 3033 992 3072 a
1014 3032 1057 3088 se,
1080 3031 1147 3073 non
1172 3032 1190 3072 a
1215 3011 1378 3090 Sacrifico,

276 3115 443 3193 Monoeito
467 3116 599 3178 Jeeuita.
646 3117 733 3179 Dum
760 3115 810 3177 his
839 3114 953 3191 fidunt,
978 3113 1133 3175 falluntur
1157 3134 1248 3195 saepe.
1299 3114 1378 3176 Non

275 3239 351 3301 ergo
381 3221 538 3281 hereseon
558 3219 662 3298 juneo
692 3219 777 3292 haec;
811 3226 843 3279 at
871 3216 1050 3280 Cardinalis
1071 3217 1175 3297 janua
1202 3216 1241 3278 ad
1268 3225 1378 3299 stupo-

274 3342 352 3399 rem,
383 3330 419 3384 ut
449 3321 578 3404 abjiciat
608 3343 626 3383 a
655 3342 688 3383 se
718 3320 850 3402 quisque
888 3319 1054 3400 ingenium
1088 3327 1184 3401 atqua
1217 3319 1377 3402 judicium

273 3447 368 3486 suum
398 3445 517 3498 omne;
553 3424 648 3505 quod,
682 3444 745 3504 quo
774 3421 877 3502 magis
907 3421 1029 3504 judicio
1059 3421 1191 3503 quisque
1217 3422 1310 3497 valet,
1340 3443 1377 3484 eo

272 3527 375 3610 magis
395 3526 562 3610 improbat,
580 3534 691 3608 utpote
710 3524 793 3607 quod
808 3524 947 3586 Jesaitas
969 3524 1052 3587 forte
1073 3523 1174 3586 bonos
1196 3524 1324 3603 efficiat,
1342 3532 1375 3587 at

272 3654 338 3693 non
356 3633 559 3694 Christianos.

315 3735 428 3816 Aperit
443 3735 529 3796 enirn
546 3756 589 3812 se,
605 3734 735 3817 periodo
756 3734 900 3815 proxima
908 3760 917 3809 ;
942 3733 981 3795 de
1002 3733 1159 3809 Conciliis,
1176 3733 1374 3811 Patribusee,

271 3839 377 3899 minus
393 3838 564 3900 sollicitum
587 3859 672 3900 esse:
697 3837 729 3899 id
750 3837 802 3899 hie
823 3858 916 3918 agere
939 3857 980 3913 se,
997 3845 1034 3897 ut
1054 3857 1164 3898 omnes
1183 3836 1285 3897 baculi
1309 3837 1376 3899 sint

270 3949 366 4022 atque
381 3942 534 4002 cadavera
551 3940 724 4016 Pontificis,
741 3961 800 4001 nec
822 3939 885 4001 nisi
900 3940 985 4000 illius
1005 3947 1087 4000 nutu
1103 3938 1223 4000 moveri
1239 3960 1272 4000 se
1292 3940 1376 4021 pati-

206 4122 210 4129 ·
271 4050 367 4105 antur
376 4068 384 4118 ;
409 4052 504 4125 atquc
519 4044 565 4105 ita
584 4043 623 4105 ad
639 4064 759 4120 cecam,
776 4064 841 4104 nou
862 4041 956 4103 modo
971 4041 1183 4117 obedientium,
1200 4040 1255 4102 sed
1264 4040 1375 4119 fidem,

261 4149 364 4225 josuo
380 4147 445 4208 lata
463 4148 611 4228 patefiat:
636 4146 675 4208 ab
690 4167 756 4207 uno
779 4166 835 4207 suo
854 4145 1024 4206 Sacerdote
1044 4144 1214 4225 pendeant,
1231 4144 1324 4206 illum
1342 4146 1377 4207 in

270 4249 437 4311 consilium
466 4249 648 4325 adhibeant,
677 4249 768 4309 illum
795 4247 937 4325 audiant,
962 4247 1008 4309 iili
1030 4247 1259 4330 obtemperent.
1308 4249 1376 4314 Qui

303 4387 307 4413 ι
328 4384 404 4448 [Vide
415 4400 497 4445 supra
509 4399 532 4445 p.
546 4387 592 4432 215
613 4387 664 4431 not.
677 4383 706 4446 ¹.]
839 4400 891 4445 cap.
906 4388 941 4431 10.
956 4384 976 4439 §.
990 4384 1094 4432 ‘Dices'
1112 4385 1179 4446 Uip„
1199 4391 1259 4432 tom.
1270 4386 1285 4433 i.
1301 4400 1325 4448 p.
1336 4390 1375 4436 43,

301 4459 310 4476 ‘¹
328 4448 413 4512 [uolt]
436 4450 473 4496 De
492 4448 574 4496 Verbo
596 4448 647 4506 Dei,
672 4449 714 4495 lib.
736 4449 793 4512 ipit
843 4448 889 4510 H.)
