2910 4926
260 266 325 325 438
567 278 610 327 nn
632 278 823 326 ciaomlms
844 278 1043 327 nnnmnumi

95 435 201 498 legesin
260 437 471 498 calumniandi
496 435 621 498 nullum
650 435 807 502 faceretis.
858 434 1036 498 Prohibent
1072 434 1213 498 forenses
1243 436 1363 518 Leges,

95 499 233 630 &iffi
260 538 343 620 apud
352 559 420 616 nos,
431 539 562 620 hospitio
572 539 708 619 recipere
715 535 874 618 sacra'jieos
883 544 1014 615 vestros,
1020 536 1186 618 prohibeat
1197 536 1365 601 vobiscum

258 643 464 719 reconciliari,
479 642 530 704 vel
545 642 653 704 Misere
672 641 827 703 interesse.
873 640 951 704 Non
965 640 999 703 id
1013 640 1060 702 ita
1075 639 1204 722 quidem
1224 662 1362 724 semper.

143 752 146 758 '
258 746 373 809 Annos
387 745 458 828 plus
467 744 583 827 viginti
595 765 737 807 accessus
745 743 809 806 huc
818 742 899 806 liber
907 743 1079 824 sacrafleis:
1097 764 1157 806 nec
1167 764 1261 806 saera
1271 765 1363 808 more

259 853 363 911 vestro
383 867 562 930 procurare,
586 846 641 925 ita,
656 853 695 908 ut
713 847 792 929 jam,
814 846 960 928 capitale.
1007 846 1068 909 Rei
1090 847 1159 930 ejus
1178 847 1262 911 ratio
1277 866 1362 930 saepe

257 949 350 1013 nobis
371 949 504 1013 reddita
543 950 625 1012 'lum
648 948 789 1027 demum,
806 969 878 1012 cum
895 949 1109 1031 exploratores
1123 949 1176 1012 hic
1191 949 1370 1015 Pontificis.

257 1073 325 1116 esse
347 1057 522 1134 coeperunt,
534 1052 616 1135 jussi
632 1053 745 1135 Regno
760 1051 921 1129 excedere,
937 1072 997 1114 nec
1020 1051 1168 1134 deinceps
1188 1051 1275 1116 intro
1295 1052 1361 1116 huc

256 1156 369 1238 pedem
383 1156 476 1219 ferre,
523 1154 588 1219 Sed
602 1177 706 1237 neque
720 1157 918 1218 reconciliari
936 1155 1025 1219 vobis
1047 1155 1247 1237 permissum,
1269 1165 1361 1239 post-

255 1279 350 1342 quam
366 1266 564 1340 compertum
578 1259 779 1321 reconciliare
800 1258 861 1321 hoe
884 1265 1035 1336 vestrum,
1059 1257 1146 1321 haud
1168 1257 1256 1322 aliud
1278 1260 1359 1342 quid

255 1384 332 1441 esse,
356 1384 451 1444 quam
481 1371 604 1446 partem
633 1362 723 1426 vobis
753 1363 869 1440 facere,
896 1362 998 1444 Regia
1024 1361 1086 1425 fide
1110 1362 1239 1441 solvere,
1266 1364 1359 1428 vobis

255 1466 411 1530 addicere.
465 1468 594 1530 Partem
624 1465 705 1543 dico,
736 1488 807 1549 quae
836 1465 966 1548 quidem
995 1464 1116 1547 pacatis
1145 1465 1242 1529 rebus
1271 1467 1357 1530 nihil

255 1576 417 1647 moveret,
439 1568 497 1632 ubi
511 1577 622 1633 exorta
639 1568 763 1646 seditio,
779 1567 835 1631 ubi
858 1567 979 1631 bellum
998 1574 1166 1630 externum
1181 1566 1359 1650 ingmeret,

254 1672 461 1736 secessionem
476 1670 516 1733 ad
531 1693 585 1735 vos
600 1671 727 1749 faceret,
737 1671 842 1753 copias
857 1691 929 1732 suas
944 1690 1017 1732 cum
1031 1669 1123 1733 hoste
1134 1671 1357 1754 conjungeret.

253 1775 436 1857 Postquam,
453 1796 518 1843 uno
538 1795 622 1837 anno
644 1773 740 1856 (quod
761 1782 870 1837 tamen
892 1772 1084 1855 Campianus
1107 1771 1243 1855 gloriose
1265 1795 1358 1837 men-

252 1878 340 1957 titus)
368 1879 471 1939 decem
492 1879 591 1940 millia
614 1876 654 1939 ad
676 1885 781 1959 partes
802 1881 921 1938 vestras
945 1881 1125 1956 aggregata.
1170 1873 1291 1953 Etiam,
1316 1875 1357 1939 ad

252 1981 372 2043 Missas
401 1988 519 2043 vestras
549 1981 715 2063 angulares
745 2000 862 2060 magna
891 1977 1110 2053 conniventia;
1150 1977 1237 2056 dum,
1270 1979 1358 2061 quod

252 2082 488 2144 Sacramentum
511 2083 642 2162 pietatis
671 2102 738 2144 esse
763 2079 909 2158 debebat,
934 2078 969 2141 id
999 2101 1125 2162 quoque
1151 2088 1354 2163 compertum

187 2214 190 2221 ⁴
250 2185 404 2247 vineatam
419 2186 596 2266 iniquitatis
610 2205 687 2247 esse.
719 2184 797 2247 Non
813 2203 888 2264 ergo
905 2183 979 2264 (qua
991 2183 1188 2264 Sacerdotes)
1207 2191 1357 2247 areentur

250 2287 303 2349 hic
325 2287 395 2369 lege
414 2287 480 2350 ulla
502 2288 642 2365 Curiata,
659 2287 714 2351 sed
735 2290 809 2369 (qua
823 2286 1045 2368 captaratores)
1065 2295 1102 2348 ut
1117 2286 1171 2369 qui
1179 2284 1274 2368 facee
1290 2288 1356 2351 sint

251 2398 283 2454 et
298 2390 428 2472 flabella
444 2390 488 2452 ad
500 2391 689 2467 seditionem,
701 2389 832 2452 interim
847 2388 925 2451 dum
939 2397 1100 2472 pertusam
1117 2389 1198 2471 Regi
1212 2390 1355 2453 reddunt

250 2493 452 2557 subditorum
482 2493 588 2571 fidem,
620 2493 697 2556 dum
721 2493 840 2555 alienos
871 2493 910 2556 ab
941 2492 1003 2556 Illo
1032 2491 1181 2570 reddunt,
1209 2493 1354 2558 addictos

251 2596 408 2658 Pontifici.
454 2596 541 2659 Nam
557 2595 658 2678 quid?
681 2604 847 2678 postquam
860 2595 1008 2657 Boreales
1019 2594 1122 2658 turbae
1137 2595 1190 2657 hic
1206 2618 1226 2656 a
1240 2597 1301 2659 Pio
1310 2598 1352 2660 V.

248 2698 424 2776 concitatae,
450 2707 653 2761 exauctorata
684 2699 792 2760 statim
817 2698 942 2780 Regina
952 2708 975 2776 5,
1000 2698 1087 2761 eccui
1118 2697 1252 2762 dubium
1285 2721 1353 2762 esse

247 2807 381 2882 poterat,
398 2801 505 2862 hostili
530 2822 583 2864 vos
604 2802 712 2863 animo
733 2802 766 2863 in
785 2802 876 2878 Earn,
899 2802 934 2862 in
956 2823 1014 2864 nos
1038 2801 1131 2863 csse?
1176 2802 1352 2884 Postquam

247 2902 338 2984 signa
353 2903 518 2966 Pontifieis
534 2912 566 2966 et
580 2904 735 2986 manipuli
751 2905 785 2965 in
799 2904 989 2967 Hiberniam
1004 2903 1138 2986 expositi
1150 2914 1171 2981 ¹,
1180 2913 1352 2987 postquam

247 3013 355 3087 aperto
371 3007 479 3070 Marte
490 3028 541 3070 res
556 3006 602 3069 ibi
617 3015 715 3089 gesta,
732 2992 825 3069 eccui⁴
836 3006 969 3069 dubium
985 3014 1056 3068 tum
1071 3006 1220 3088 quoque?
1265 3008 1351 3070 Pon·

245 3108 333 3186 tifex,
361 3109 387 3171 si
413 3111 520 3187 tostis,
548 3110 591 3191 (et
617 3112 742 3187 hostem,
768 3110 817 3171 uti
838 3110 935 3187 vides,
961 3131 994 3172 se
1020 3110 1217 3191 argumentis
1240 3111 1352 3173 multis

245 3211 394 3289 declarat,
419 3213 547 3275 interna
569 3212 751 3290 rebellione,
776 3221 908 3275 externa
929 3213 1117 3293 invasione),
1137 3221 1169 3275 et
1191 3212 1250 3291 illi,
1273 3235 1351 3296 quos

245 3314 418 3376 summittit
441 3315 514 3392 huc,
537 3315 692 3397 manipuli
720 3314 937 3392 Sacerdotum,
965 3315 1122 3397 (homines
1147 3314 1194 3376 illi
1214 3314 1350 3378 devotis-

244 3415 338 3496 simi)
368 3437 475 3478 annon
504 3418 637 3479 bostiam
666 3416 736 3478 loco
760 3417 924 3480 habendi?
956 3418 1141 3499 praesertim,
1168 3418 1223 3498 qui
1246 3421 1349 3501 rogati

244 3537 335 3598 saepe,
352 3518 379 3579 si
395 3519 570 3580 exercitum
585 3519 734 3581 Pontifex
754 3519 788 3581 in
805 3520 927 3603 Regem
948 3519 1087 3598 duceret,
1107 3520 1173 3582 utri
1194 3520 1348 3600 faverent,

244 3618 332 3700 Repe,
349 3641 390 3681 an
405 3620 579 3700 Pontifici?
602 3642 675 3683 curn
691 3623 843 3705 Poattfice
857 3623 981 3687 futuros
997 3645 1039 3701 se,
1064 3622 1104 3686 ab
1119 3623 1175 3685 illo
1197 3632 1346 3703 staturos,

244 3721 474 3801 responderint.
520 3723 638 3805 Ecquis
660 3724 791 3787 tandem
814 3725 892 3803 llex,
917 3726 970 3807 qui
991 3725 1166 3808 peregrinae
1195 3729 1348 3807 potestati

243 3820 379 3900 faveant,
396 3822 461 3886 imo
477 3824 577 3888 dediti
592 3846 628 3888 ac
642 3826 735 3907 plane
750 3826 855 3890 devoti
876 3837 960 3906 sunt,
978 3829 1033 3910 qui
1048 3827 1191 3892 subditos
1214 3850 1289 3891 suos
1311 3831 1347 3892 in

244 3931 348 4004 partes
372 3926 564 3990 adversarias
592 3929 787 4010 pertrahant,
815 3930 899 3992 sinat
922 3930 957 3991 in
981 3931 1053 3992 sinn
1077 3951 1133 3992 suo
1162 3929 1347 3996 nidificare:

243 4048 309 4089 non
333 4038 440 4092 caveat
455 4030 581 4108 Edicto,
597 4051 638 4092 ne
656 4031 718 4093 illis
739 4032 931 4096 additiones
947 4054 1018 4095 suas
1033 4033 1190 4109 accedere,
1208 4054 1249 4096 ne
1265 4035 1348 4098 inibi

243 4128 395 4213 hospitari
410 4133 572 4215 integrum
595 4134 660 4196 sitl
705 4136 919 4199 Reconciliare
934 4158 1015 4214 vero,
1033 4136 1117 4218 quod
1133 4145 1190 4213 est,
1203 4136 1346 4201 hostium

244 4240 347 4312 partes
371 4256 495 4317 augere,
512 4256 583 4298 suas
597 4235 797 4315 labefactare,
809 4239 894 4301 hosti
909 4238 1027 4301 milites
1050 4238 1258 4318 conscribere,
1276 4241 1347 4324 quis

276 4412 284 4432 ⁷
305 4401 385 4463 [Vide
403 4402 523 4451 Camdeni
543 4404 634 4452 Annsl.
655 4404 686 4453 ad
707 4421 764 4454 ann.
846 4418 855 4440 ¹
873 4407 1005 4469 [camdeni
1025 4409 1115 4458 Annat
1136 4407 1168 4456 ad
1191 4423 1249 4458 ann.
1272 4412 1344 4460 1579.

243 4467 312 4513 1569.
325 4479 377 4526 par.
388 4468 403 4514 i.
416 4482 439 4529 p.
448 4467 514 4528 lta]
812 4485 864 4533 par.
879 4472 905 4520 ii.
918 4487 941 4535 p.
955 4472 1023 4535 302]
