2910 4926
459 271 641 323 hronoeun
663 273 844 324 asssousro.
1160 264 1202 328 95

102 429 288 514 complexus
310 448 377 494 non
401 437 458 494 est
513 433 697 514 Principem
720 441 791 496 tum
814 452 907 512 more,
934 434 1034 497 Breve
1059 435 1202 518 scripsit:

102 534 361 616 Philosophorum
374 555 458 598 more
468 536 549 619 jam,
561 537 672 599 librum
686 536 769 600 forte
784 537 977 621 scripturus:
1001 559 1152 622 magnam
1163 537 1204 603 ab

102 636 179 701 orbe
193 643 263 701 toto
277 637 417 702 initurus
432 639 579 722 gratiam,
596 640 622 703 si
637 641 788 704 actionem
798 640 844 704 ibi
859 641 997 723 iniquam
1012 641 1124 706 subtili
1139 643 1203 707 dis·

102 741 269 823 putatione
289 740 411 822 deceat,
429 763 524 825 quam
539 743 586 806 itu
600 742 737 807 strictim
752 744 786 807 in
800 745 897 808 Brevi
912 744 1086 810 damnavit
1132 748 1204 812 Nec

102 843 189 906 enim
210 843 244 907 id
262 865 322 908 nos
337 844 452 909 habuit
467 846 560 925 male,
576 845 662 929 quod
682 847 749 909 Vic’
764 846 898 910 edictam
912 869 1006 911 suum
1028 849 1093 913 Vm*
1110 850 1205 914 edicti

101 967 186 1010 more
211 948 391 1033 scripserit:
424 948 481 1013 sed
504 949 589 1033 quod
615 949 694 1012 libro
717 950 769 1012 vel
793 941 911 1032 scripto
936 951 1043 1035 aliquo
1066 954 1204 1035 iniquam

102 1051 254 1114 actionem
276 1072 343 1116 non
357 1052 513 1134 probarit,
537 1073 643 1135 quum,
660 1053 842 1134 Principum
864 1074 957 1133 more,
972 1061 1128 1139 tanquam
1142 1059 1204 1121 ini·

100 1175 204 1236 petam,
219 1157 315 1219 Brevi
323 1157 491 1238 prohibere
504 1157 609 1220 visum
624 1164 682 1220 est.

144 1259 289 1340 Iniquum
311 1265 420 1323 sutem
441 1260 534 1343 petit,
550 1260 578 1322 si
598 1259 632 1322 id
654 1259 746 1343 petit,
761 1266 800 1324 ut
819 1281 882 1343 qua
896 1261 1087 1326 auctoritate
1100 1262 1205 1328 utitur

102 1362 256 1447 Princeps
277 1362 313 1427 in
330 1362 540 1428 Subditorum
562 1385 702 1443 suorum,
726 1364 838 1428 eadem
861 1365 957 1448 Papae
980 1367 1029 1429 uti
1052 1367 1147 1431 liceat
1169 1369 1205 1432 in

102 1465 288 1551 Principum
310 1467 471 1531 actiones:
495 1466 607 1531 eodem
630 1486 688 1550 per
711 1467 820 1531 omnia
843 1468 937 1553 style,
960 1469 1072 1533 eadem
1094 1471 1205 1535 Edisti

101 1568 268 1634 brevitate.
314 1571 450 1635 Faciunt
475 1577 587 1635 tamen
617 1591 756 1655 eousque
786 1571 855 1635 haec
884 1571 926 1636 sd
953 1594 1033 1651 rem,
1063 1581 1102 1639 ut
1130 1596 1205 1639 cum

103 1673 207 1757 Reges
235 1675 354 1739 Edicta
390 1675 541 1755 scribant,
581 1676 677 1758 Papae
710 1676 872 1757 Epistotas
901 1678 1102 1756 hortatorias,
1134 1700 1205 1762 quae
1272 1678 1315 1741 74

101 1777 199 1841 oieuu
219 1778 330 1842 Edisti
353 1785 489 1862 gerant:
512 1779 573 1843 hac
596 1779 711 1842 saltem
735 1800 773 1843 ex
796 1788 898 1864 parte,
924 1781 1018 1864 Papis
1040 1780 1206 1863 inferiores

22 1922 33 1949 ›
101 1901 169 1945 non
183 1881 269 1944 sint:
294 1882 346 1945 cui
360 1883 442 1945 reia
464 1883 553 1965 Rege
578 1883 743 1965 aequslitss
765 1882 834 1947 haec
856 1883 997 1948 adducta
1020 1894 1080 1949 est.
1124 1887 1204 1950 'Pam

103 1985 185 2066 Regi
200 1985 311 2048 tibrum
325 2007 391 2050 non
406 1985 555 2066 scribere,
567 1987 716 2049 Edictum
730 1987 868 2051 scribere
882 1986 968 2066 licet,
981 2009 1078 2070 quam
1090 1989 1203 2072 Papaez

101 2107 162 2151 nec
176 2087 218 2151 ad
232 2088 316 2152 hanc
334 2088 463 2173 quidem
478 2111 557 2169 rem,
575 2089 728 2171 Pootifice
741 2110 774 2153 se
789 2091 854 2153 utta
869 2110 909 2153 ec
916 2096 1012 2172 parte
1026 2088 1205 2174 inferiorem

102 2192 236 2257 credere.

134 2326 208 2379 Certe
218 2327 295 2389 enim,
306 2328 328 2377 d
339 2327 372 2379 ud
383 2329 448 2379 ovile
461 2329 557 2380 Christi
569 2331 732 2396 sepertinere
744 2329 832 2390 credit,
844 2346 896 2382 non
913 2335 997 2397 potest
1014 2347 1040 2383 sa
1057 2348 1109 2384 non
1120 2333 1204 2385 interi·

165 2421 234 2459 orem
245 2409 290 2460 illo
301 2409 471 2471 indicassem
482 2410 580 2461 dictum
591 2417 630 2463 est
640 2427 656 2462 a
667 2410 786 2471 Domino,
799 2412 889 2464 ‘Pasce
900 2429 958 2464 oves
969 2429 1037 2465 mens
1046 2416 1061 2463 ε’
1076 2415 1127 2466 nisi
1138 2417 1203 2467 sorte

165 2503 223 2542 ores
234 2493 335 2542 Pastore
346 2491 476 2543 inferiores
486 2507 539 2543 esse
549 2508 640 2557 negare
647 2493 875 2559 soluerit-[Bell.
885 2495 959 2560 Apol.
970 2510 1017 2560 pro
1028 2495 1115 2562 Rosp]
1127 2511 1152 2562 p.
1162 2500 1202 2549 26.

167 2570 236 2636 [Op.,
246 2576 308 2623 tom.
320 2574 365 2623 rii.
374 2574 420 2624 coh
433 2574 488 2626 719.
502 2573 542 2639 Β.]

143 2671 292 2735 Pontifici
316 2694 375 2737 suo
400 2680 438 2736 ut
458 2693 524 2754 par
547 2673 589 2736 sit
612 2674 682 2738 Rex
706 2675 804 2753 ullus,
828 2696 894 2739 non
915 2676 978 2742 fert
1001 2676 1199 2743 Cardinelis:
1214 2687 1343 2803 phorom

100 2775 225 2838 hamera
254 2776 408 2858 impiupit,
439 2795 534 2838 emma
562 2778 702 2857 ventitat,
727 2785 764 2841 ut
793 2779 909 2843 cedant
934 2801 1046 2844 omnes
1072 2780 1112 2845 de
1139 2781 1199 2846 vis.
1235 2753 1319 2815 husa,

103 2877 178 2940 Ovis
201 2878 288 2942 enim
312 2878 446 2941 Pastore
468 2877 611 2960 inferior.
656 2880 728 2943 Rex
750 2888 859 2944 autem
882 2883 956 2946 onis.
1002 2883 1079 2948 ovis
1102 2893 1198 2965 certe,

100 3000 210 3044 verum
233 3002 299 3044 non
318 2980 408 3044 Petri
430 2989 550 3062 tamen,
567 2982 623 3046 sed
639 2982 778 3046 Christi:
803 3005 898 3068 quem
913 2986 1077 3049 Pastorem
1092 3007 1198 3067 suum,

100 3103 163 3166 quo
178 3104 212 3146 se
227 3082 406 3165 inferiorem
426 3085 580 3168 agnoscit.
626 3085 706 3165 Nec,
723 3087 749 3150 si
764 3088 860 3151 Petro
881 3087 915 3152 id
939 3088 1071 3170 dictum,
1087 3093 1198 3171 Pasce,

100 3187 188 3251 Petri
217 3208 250 3251 se
279 3196 390 3252 tamen
419 3209 502 3252 ooeru
532 3196 695 3272 agnoscet.
740 3190 812 3254 Nec
836 3191 923 3254 enim
947 3193 1043 3257 Petro
1064 3194 1198 3274 dictum,

99 3291 200 3354 Pasce
214 3310 284 3354 oves
298 3296 378 3370 tuas,
391 3291 447 3356 sed
463 3293 563 3355 Pasce
579 3313 648 3355 oves
662 3313 755 3355 meas.
791 3293 868 3358 Ovis
884 3315 970 3378 ergo,
987 3295 1043 3358 sed
1059 3296 1196 3360 Christi:

99 3400 132 3456 et
154 3394 318 3458 Pastorem
347 3393 454 3474 hebet,
482 3395 537 3460 sed
565 3396 740 3474 Christum,
771 3417 866 3479 quem
896 3397 1051 3480 agnoscit,
1082 3399 1135 3463 cui
1164 3422 1198 3465 se

97 3498 251 3562 submittit
264 3498 391 3562 lubens.

49 3654 58 3667 .
142 3601 274 3679 Verum,
291 3602 351 3665 etsi
370 3602 444 3664 Ovis
459 3599 590 3679 Christi,
607 3622 626 3663 a
641 3602 738 3665 Petro
752 3608 872 3689 tames,
888 3604 938 3666 vel
954 3603 1051 3686 (quod
1065 3605 1198 3687 perinde

97 3706 158 3788 est)
177 3707 265 3770 Petri
286 3727 460 3770 successore
474 3705 661 3789 pascendus.
707 3707 785 3769 Non
801 3728 876 3771 sane
891 3729 971 3792 opus
986 3715 1045 3789 est,
1063 3708 1103 3774 ab
1118 3711 1196 3774 nite-

97 3816 197 3888 rutro,
215 3811 251 3889 si,
270 3810 356 3893 quod
373 3811 469 3874 Petro
491 3810 535 3871 ibi
556 3810 682 3888 dictam,
700 3811 816 3873 dictum
839 3810 1008 3892 omnibasd,
1025 3813 1061 3892 si,
1077 3815 1123 3878 Et
1145 3817 1198 3879 ille
1251 3894 1254 3900 Δ

97 3913 263 3992 seducam,
279 3921 309 3977 et
324 3936 380 3977 nos
395 3935 462 3977 euru
477 3914 541 3989 illo,
557 3934 627 3975 oves
641 3915 715 3976 ilias
725 3916 903 3995 pascendas
916 3919 1104 3999 suscepimus
1114 3929 1147 3981 ⁶:
1171 3919 1197 3982 si

97 4039 193 4100 quam
216 4019 286 4082 haec
310 4018 351 4081 ad
373 4019 516 4095 Petrum,
538 4024 607 4080 tem
627 4017 668 4082 ad
683 4019 906 4100 Augustinum
921 4028 954 4084 ct
969 4023 1195 4087 Ambrosium:

96 4129 182 4185 certe
206 4122 308 4186 nihilo
327 4111 432 4204 magis*
452 4120 494 4184 ad
513 4121 708 4205 Episcopum
726 4124 918 4201 Romanum,
936 4147 1031 4207 quam
1046 4127 1097 4190 vel
1114 4127 1196 4210 Hip-

95 4244 271 4306 ponensem
286 4225 321 4287 in
336 4223 455 4303 Africa,
471 4223 521 4287 vei
536 4223 813 4287 Mediolanensem
829 4226 945 4308 inipsa
961 4227 1064 4290 Italia.

127 4357 138 4389 ¹¹
156 4358 202 4423 [s]
211 4361 317 4420 August.
326 4358 357 4408 de
367 4359 446 4421 Agou.
455 4358 512 4408 Chr.
523 4374 576 4423 esp.
586 4362 624 4409 30.
702 4369 712 4392 ⁰
724 4359 836 4425 [Pseud]
845 4361 1194 4426 Ambroschscer.Dignit

93 4422 240 4550 popdtprpk
247 4425 285 4553 pp]
298 4425 343 4474 eol.
356 4426 410 4474 430.
424 4424 450 4473 C.
465 4423 531 4473 Vide
543 4439 624 4490 surpra,
669 4439 729 4540 pppt
742 4428 785 4554 33).
806 4426 864 4491 [leg.
884 4429 907 4474 2.
926 4426 992 4477 Vide
1010 4442 1093 4490 supra,
1110 4443 1134 4491 p.
1156 4431 1195 4480 20.
