<?xml version="1.0" encoding="UTF-8"?>
<!DOCTYPE html PUBLIC "-//W3C//DTD XHTML 1.0 Transitional//EN"
    "http://www.w3.org/TR/xhtml1/DTD/xhtml1-transitional.dtd">
<html xmlns="http://www.w3.org/1999/xhtml" xml:lang="en" lang="en">
 <head>
  <title>
</title>
<meta http-equiv="Content-Type" content="text/html;charset=utf-8" />
  <meta name='ocr-system' content='tesseract 3.04.00' />
  <meta name='ocr-capabilities' content='ocr_page ocr_carea ocr_par ocr_line ocrx_word'/>
</head>
<body>
  <div class='ocr_page' id='page_1' title='image "./responsioadapol00andrgoog_0369.png"; bbox 0 0 2910 4926; ppageno 0'>
   <div class='ocr_carea' id='block_1_1' title="bbox 264 279 1057 343">
    <p class='ocr_par' dir='ltr' id='par_1_1' title="bbox 264 279 1057 343">
     <span class='ocr_line' id='line_1_1' title="bbox 264 279 1057 343; baseline 0.001 -2"><span class='ocrx_word' id='word_1_1' title='bbox 264 279 331 343; x_wconf 77' lang='lat'><strong>326</strong></span> <span class='ocrx_word' id='word_1_2' title='bbox 579 295 623 343; x_wconf 78' lang='lat' dir='ltr'><strong>un</strong></span> <span class='ocrx_word' id='word_1_3' title='bbox 644 294 837 343; x_wconf 69' lang='lat' dir='ltr'><strong>emunitus</strong></span> <span class='ocrx_word' id='word_1_4' title='bbox 857 293 1057 343; x_wconf 73' lang='lat' dir='ltr'><strong>omniumr</strong></span> 
     </span>
    </p>
   </div>
   <div class='ocr_carea' id='block_1_2' title="bbox 330 444 1368 760">
    <p class='ocr_par' dir='ltr' id='par_1_2' title="bbox 330 444 1368 760">
     <span class='ocr_line' id='line_1_2' title="bbox 330 444 1368 513; baseline -0.003 -16"><span class='ocrx_word' id='word_1_5' title='bbox 330 447 386 498; x_wconf 81' lang='lat' dir='ltr'><strong>dies</strong></span> <span class='ocrx_word' id='word_1_6' title='bbox 395 463 471 512; x_wconf 72' lang='lat' dir='ltr'><strong>sopra</strong></span> <span class='ocrx_word' id='word_1_7' title='bbox 482 462 617 499; x_wconf 80' lang='lat' dir='ltr'><strong>nnmerum</strong></span> <span class='ocrx_word' id='word_1_8' title='bbox 627 449 785 512; x_wconf 73' lang='lat' dir='ltr'><strong>prefinitum</strong></span> <span class='ocrx_word' id='word_1_9' title='bbox 795 448 964 513; x_wconf 69' lang='lat' dir='ltr'><strong>qundnginu</strong></span> <span class='ocrx_word' id='word_1_10' title='bbox 974 447 1086 512; x_wconf 83' lang='lat' dir='ltr'><strong>quinqnc</strong></span> <span class='ocrx_word' id='word_1_11' title='bbox 1097 446 1266 512; x_wconf 65' lang='lat' dir='ltr'><strong>prestoletur,</strong></span> <span class='ocrx_word' id='word_1_12' title='bbox 1273 444 1368 509; x_wconf 75' lang='lat' dir='ltr'><strong>quibos</strong></span> 
     </span>
     <span class='ocr_line' id='line_1_3' title="bbox 331 526 1366 597; baseline -0.004 -16"><span class='ocrx_word' id='word_1_13' title='bbox 331 536 371 581; x_wconf 86' lang='lat' dir='ltr'><strong>ost</strong></span> <span class='ocrx_word' id='word_1_14' title='bbox 381 530 507 581; x_wconf 85' lang='lat' dir='ltr'><strong>Dominus</strong></span> <span class='ocrx_word' id='word_1_15' title='bbox 518 531 607 595; x_wconf 73' lang='lat' dir='ltr'><strong>[etque</strong></span> <span class='ocrx_word' id='word_1_16' title='bbox 618 531 734 582; x_wconf 67' lang='lat' dir='ltr'><strong>&amp;lictor</strong></span> <span class='ocrx_word' id='word_1_17' title='bbox 744 533 772 582; x_wconf 90' lang='lat' dir='ltr'><strong>in</strong></span> <span class='ocrx_word' id='word_1_18' title='bbox 782 547 828 582; x_wconf 76' lang='lat' dir='ltr'><strong>sus</strong></span> <span class='ocrx_word' id='word_1_19' title='bbox 837 532 982 597; x_wconf 63' lang='lat' dir='ltr'><strong>mcjmte]</strong></span> <span class='ocrx_word' id='word_1_20' title='bbox 993 532 1140 590; x_wconf 61' lang='lat' dir='ltr'><strong>ventumst·</strong></span> <span class='ocrx_word' id='word_1_21' title='bbox 1150 532 1193 581; x_wconf 72' lang='lat' dir='ltr'><strong>&amp;c</strong></span> <span class='ocrx_word' id='word_1_22' title='bbox 1226 528 1292 580; x_wconf 72' lang='lat' dir='ltr'><strong>Hoc</strong></span> <span class='ocrx_word' id='word_1_23' title='bbox 1302 526 1366 591; x_wconf 76' lang='lat' dir='ltr'><strong>(ille)</strong></span> 
     </span>
     <span class='ocr_line' id='line_1_4' title="bbox 332 611 1365 681; baseline -0.002 -18"><span class='ocrx_word' id='word_1_24' title='bbox 332 649 340 663; x_wconf 89' lang='lat'><strong>.</strong></span> <span class='ocrx_word' id='word_1_25' title='bbox 356 648 363 663; x_wconf 96' lang='lat'><strong>.</strong></span> <span class='ocrx_word' id='word_1_26' title='bbox 380 651 387 664; x_wconf 92' lang='lat'><strong>.</strong></span> <span class='ocrx_word' id='word_1_27' title='bbox 404 629 512 677; x_wconf 73' lang='lat' dir='ltr'><strong>magnus</strong></span> <span class='ocrx_word' id='word_1_28' title='bbox 523 614 787 680; x_wconf 73' lang='lat' dir='ltr'><strong>Pontificius-[bell.</strong></span> <span class='ocrx_word' id='word_1_29' title='bbox 800 615 874 680; x_wconf 80' lang='lat' dir='ltr'><strong>Apol.</strong></span> <span class='ocrx_word' id='word_1_30' title='bbox 886 630 933 681; x_wconf 88' lang='lat' dir='ltr'><strong>pro</strong></span> <span class='ocrx_word' id='word_1_31' title='bbox 943 614 1030 680; x_wconf 83' lang='lat' dir='ltr'><strong>Resp]</strong></span> <span class='ocrx_word' id='word_1_32' title='bbox 1048 630 1073 680; x_wconf 88' lang='lat' dir='ltr'><strong>p.</strong></span> <span class='ocrx_word' id='word_1_33' title='bbox 1086 616 1143 667; x_wconf 75' lang='lat'><strong>138.</strong></span> <span class='ocrx_word' id='word_1_34' title='bbox 1171 612 1239 679; x_wconf 83' lang='lat' dir='ltr'><strong>[Op.‚</strong></span> <span class='ocrx_word' id='word_1_35' title='bbox 1250 616 1313 662; x_wconf 83' lang='lat' dir='ltr'><strong>lom.</strong></span> <span class='ocrx_word' id='word_1_36' title='bbox 1321 611 1365 661; x_wconf 78' lang='lat' dir='ltr'><strong>rii.</strong></span> 
     </span>
     <span class='ocr_line' id='line_1_5' title="bbox 332 695 539 760; baseline 0.005 -15"><span class='ocrx_word' id='word_1_37' title='bbox 332 695 379 746; x_wconf 89' lang='lat' dir='ltr'><strong>col.</strong></span> <span class='ocrx_word' id='word_1_38' title='bbox 390 696 446 748; x_wconf 79' lang='lat'><strong>782.</strong></span> <span class='ocrx_word' id='word_1_39' title='bbox 456 697 488 746; x_wconf 78' lang='grc' dir='ltr'><strong>Δ.</strong></span> <span class='ocrx_word' id='word_1_40' title='bbox 496 696 539 760; x_wconf 91' lang='lat' dir='ltr'><strong>B.]</strong></span> 
     </span>
    </p>
   </div>
   <div class='ocr_carea' id='block_1_3' title="bbox 103 793 1371 3261">
    <p class='ocr_par' dir='ltr' id='par_1_3' title="bbox 103 793 1368 1504">
     <span class='ocr_line' id='line_1_6' title="bbox 103 793 1367 881; baseline 0.003 -28"><span class='ocrx_word' id='word_1_41' title='bbox 103 802 209 881; x_wconf 58' lang='lat' dir='ltr'><strong>[Urgum</strong></span> <span class='ocrx_word' id='word_1_42' title='bbox 310 794 413 876; x_wconf 84' lang='lat' dir='ltr'>Atqui</span> <span class='ocrx_word' id='word_1_43' title='bbox 427 794 599 858; x_wconf 86' lang='lat' dir='ltr'><strong>infeliciter</strong></span> <span class='ocrx_word' id='word_1_44' title='bbox 612 802 684 879; x_wconf 86' lang='lat' dir='ltr'><strong>post</strong></span> <span class='ocrx_word' id='word_1_45' title='bbox 699 804 823 879; x_wconf 77' lang='lat' dir='ltr'><strong>pugnat</strong></span> <span class='ocrx_word' id='word_1_46' title='bbox 838 794 1028 875; x_wconf 82' lang='lat' dir='ltr'><strong>Cnrdinalis,</strong></span> <span class='ocrx_word' id='word_1_47' title='bbox 1044 793 1124 859; x_wconf 89' lang='lat' dir='ltr'><strong>dum</strong></span> <span class='ocrx_word' id='word_1_48' title='bbox 1142 816 1178 859; x_wconf 86' lang='lat' dir='ltr'><strong>se</strong></span> <span class='ocrx_word' id='word_1_49' title='bbox 1192 793 1285 859; x_wconf 90' lang='lat' dir='ltr'><strong>docet</strong></span> <span class='ocrx_word' id='word_1_50' title='bbox 1299 814 1367 857; x_wconf 92' lang='lat' dir='ltr'><strong>non</strong></span> 
     </span>
     <span class='ocr_line' id='line_1_7' title="bbox 103 868 1366 983; baseline -0.002 -22"><span class='ocrx_word' id='word_1_51' title='bbox 103 868 255 983; x_wconf 48' lang='lat' dir='ltr'><strong>amm</strong></span> <span class='ocrx_word' id='word_1_52' title='bbox 267 918 448 981; x_wconf 87' lang='lat' dir='ltr'><strong>repugnare</strong></span> <span class='ocrx_word' id='word_1_53' title='bbox 464 897 649 980; x_wconf 86' lang='lat' dir='ltr'><strong>Scripturae,</strong></span> <span class='ocrx_word' id='word_1_54' title='bbox 672 919 747 963; x_wconf 91' lang='lat' dir='ltr'><strong>cum</strong></span> <span class='ocrx_word' id='word_1_55' title='bbox 769 898 882 963; x_wconf 87' lang='lat' dir='ltr'><strong>dicbus</strong></span> <span class='ocrx_word' id='word_1_56' title='bbox 896 898 971 976; x_wconf 72' lang='lat' dir='ltr'><strong>xlv,</strong></span> <span class='ocrx_word' id='word_1_57' title='bbox 992 906 1066 983; x_wconf 86' lang='lat' dir='ltr'><strong>post</strong></span> <span class='ocrx_word' id='word_1_58' title='bbox 1087 896 1265 962; x_wconf 88' lang='lat' dir='ltr'><strong>trienninm</strong></span> <span class='ocrx_word' id='word_1_59' title='bbox 1285 894 1366 960; x_wconf 89' lang='lat' dir='ltr'><strong>illud</strong></span> 
     </span>
     <span class='ocr_line' id='line_1_8' title="bbox 104 998 1368 1084; baseline 0.001 -21"><span class='ocrx_word' id='word_1_60' title='bbox 104 998 191 1076; x_wconf 24' lang='lat' dir='ltr'><strong>Anti-t</strong></span> <span class='ocrx_word' id='word_1_61' title='bbox 219 1065 225 1076; x_wconf 76' lang='grc'>,</span> <span class='ocrx_word' id='word_1_62' title='bbox 269 1021 344 1064; x_wconf 93' lang='lat' dir='ltr'><strong>cum</strong></span> <span class='ocrx_word' id='word_1_63' title='bbox 366 1001 499 1065; x_wconf 91' lang='lat' dir='ltr'><strong>dimidio</strong></span> <span class='ocrx_word' id='word_1_64' title='bbox 521 1009 680 1080; x_wconf 80' lang='lat' dir='ltr'><strong>exactum,</strong></span> <span class='ocrx_word' id='word_1_65' title='bbox 703 1001 817 1066; x_wconf 90' lang='lat' dir='ltr'><strong>mundi</strong></span> <span class='ocrx_word' id='word_1_66' title='bbox 839 1003 938 1066; x_wconf 87' lang='lat' dir='ltr'><strong>finem</strong></span> <span class='ocrx_word' id='word_1_67' title='bbox 959 1001 1027 1066; x_wconf 82' lang='lat' dir='ltr'><strong>lore</strong></span> <span class='ocrx_word' id='word_1_68' title='bbox 1047 1002 1194 1080; x_wconf 80' lang='lat' dir='ltr'><strong>affirmat,</strong></span> <span class='ocrx_word' id='word_1_69' title='bbox 1209 1007 1308 1084; x_wconf 78' lang='lat' dir='ltr'><strong>atque</strong></span> <span class='ocrx_word' id='word_1_70' title='bbox 1321 1000 1368 1064; x_wconf 87' lang='lat' dir='ltr'><strong>its</strong></span> 
     </span>
     <span class='ocr_line' id='line_1_9' title="bbox 103 1064 1368 1190; baseline 0 -23"><span class='ocrx_word' id='word_1_71' title='bbox 103 1064 240 1178; x_wconf 51' lang='lat' dir='ltr'><strong>{mrum</strong></span> <span class='ocrx_word' id='word_1_72' title='bbox 269 1105 367 1169; x_wconf 87' lang='lat' dir='ltr'><strong>finem</strong></span> <span class='ocrx_word' id='word_1_73' title='bbox 386 1106 537 1169; x_wconf 77' lang='lat' dir='ltr'><strong>incertum</strong></span> <span class='ocrx_word' id='word_1_74' title='bbox 559 1126 620 1169; x_wconf 82' lang='lat' dir='ltr'><strong>non</strong></span> <span class='ocrx_word' id='word_1_75' title='bbox 630 1105 714 1187; x_wconf 85' lang='lat' dir='ltr'><strong>sore,</strong></span> <span class='ocrx_word' id='word_1_76' title='bbox 731 1127 826 1190; x_wconf 90' lang='lat' dir='ltr'><strong>quem</strong></span> <span class='ocrx_word' id='word_1_77' title='bbox 840 1114 951 1169; x_wconf 84' lang='lat' dir='ltr'><strong>tomen</strong></span> <span class='ocrx_word' id='word_1_78' title='bbox 965 1104 1114 1170; x_wconf 85' lang='lat' dir='ltr'><strong>Christus</strong></span> <span class='ocrx_word' id='word_1_79' title='bbox 1129 1106 1280 1169; x_wconf 69' lang='lat' dir='ltr'><strong>insenum</strong></span> <span class='ocrx_word' id='word_1_80' title='bbox 1291 1102 1368 1186; x_wconf 84' lang='lat' dir='ltr'><strong>sore</strong></span> 
     </span>
     <span class='ocr_line' id='line_1_10' title="bbox 104 1193 1368 1293; baseline 0.001 -22"><span class='ocrx_word' id='word_1_81' title='bbox 104 1193 243 1259; x_wconf 75' lang='lat' dir='ltr'><strong>venturus]</strong></span> <span class='ocrx_word' id='word_1_82' title='bbox 269 1207 402 1272; x_wconf 82' lang='lat' dir='ltr'><strong>dixerat.</strong></span> <span class='ocrx_word' id='word_1_83' title='bbox 458 1208 638 1273; x_wconf 84' lang='lat' dir='ltr'><strong>Infeliciter</strong></span> <span class='ocrx_word' id='word_1_84' title='bbox 665 1210 834 1292; x_wconf 83' lang='lat' dir='ltr'><strong>(iuquam).</strong></span> <span class='ocrx_word' id='word_1_85' title='bbox 862 1209 1023 1273; x_wconf 87' lang='lat' dir='ltr'><strong>&#39;Nullum</strong></span> <span class='ocrx_word' id='word_1_86' title='bbox 1051 1209 1138 1273; x_wconf 89' lang='lat' dir='ltr'><strong>enim</strong></span> <span class='ocrx_word' id='word_1_87' title='bbox 1167 1208 1221 1273; x_wconf 88' lang='lat' dir='ltr'><strong>hic</strong></span> <span class='ocrx_word' id='word_1_88' title='bbox 1249 1208 1368 1293; x_wconf 88' lang='lat' dir='ltr'><strong>reperit</strong></span> 
     </span>
     <span class='ocr_line' id='line_1_11' title="bbox 269 1315 1368 1400; baseline 0 -21"><span class='ocrx_word' id='word_1_89' title='bbox 269 1316 455 1400; x_wconf 84' lang='lat' dir='ltr'><strong>suffugium,</strong></span> <span class='ocrx_word' id='word_1_90' title='bbox 482 1325 519 1380; x_wconf 90' lang='lat' dir='ltr'><strong>ut</strong></span> <span class='ocrx_word' id='word_1_91' title='bbox 542 1316 643 1380; x_wconf 92' lang='lat' dir='ltr'><strong>ictum</strong></span> <span class='ocrx_word' id='word_1_92' title='bbox 667 1316 818 1393; x_wconf 87' lang='lat' dir='ltr'><strong>declinet,</strong></span> <span class='ocrx_word' id='word_1_93' title='bbox 845 1315 908 1379; x_wconf 89' lang='lat' dir='ltr'><strong>nisi</strong></span> <span class='ocrx_word' id='word_1_94' title='bbox 936 1323 975 1379; x_wconf 91' lang='lat' dir='ltr'><strong>ut</strong></span> <span class='ocrx_word' id='word_1_95' title='bbox 1002 1315 1135 1399; x_wconf 79' lang='lat' dir='ltr'><strong>recipiat</strong></span> <span class='ocrx_word' id='word_1_96' title='bbox 1165 1336 1199 1379; x_wconf 85' lang='lat' dir='ltr'><strong>se</strong></span> <span class='ocrx_word' id='word_1_97' title='bbox 1228 1336 1249 1379; x_wconf 83' lang='lat' dir='ltr'><strong>s</strong></span> <span class='ocrx_word' id='word_1_98' title='bbox 1275 1321 1368 1398; x_wconf 83' lang='lat' dir='ltr'><strong>tergo</strong></span> 
     </span>
     <span class='ocr_line' id='line_1_12' title="bbox 270 1418 1367 1504; baseline -0.002 -21"><span class='ocrx_word' id='word_1_99' title='bbox 270 1419 472 1504; x_wconf 86' lang='lat' dir='ltr'><strong>Hieronymi,</strong></span> <span class='ocrx_word' id='word_1_100' title='bbox 490 1441 629 1504; x_wconf 89' lang='lat' dir='ltr'><strong>eumque</strong></span> <span class='ocrx_word' id='word_1_101' title='bbox 650 1420 844 1503; x_wconf 84' lang='lat' dir='ltr'><strong>interponat,</strong></span> <span class='ocrx_word' id='word_1_102' title='bbox 863 1424 896 1482; x_wconf 90' lang='lat' dir='ltr'><strong>et</strong></span> <span class='ocrx_word' id='word_1_103' title='bbox 918 1425 1059 1502; x_wconf 84' lang='lat' dir='ltr'><strong>opponat</strong></span> <span class='ocrx_word' id='word_1_104' title='bbox 1081 1418 1220 1497; x_wconf 88' lang='lat' dir='ltr'><strong>Christo,</strong></span> <span class='ocrx_word' id='word_1_105' title='bbox 1239 1438 1304 1502; x_wconf 87' lang='lat' dir='ltr'><strong>quo</strong></span> <span class='ocrx_word' id='word_1_106' title='bbox 1321 1418 1367 1482; x_wconf 89' lang='lat' dir='ltr'><strong>sio</strong></span> 
     </span>
    </p>

    <p class='ocr_par' dir='ltr' id='par_1_4' title="bbox 267 1521 1366 1607">
     <span class='ocr_line' id='line_1_13' title="bbox 267 1521 1366 1607; baseline -0.001 -22"><span class='ocrx_word' id='word_1_107' title='bbox 267 1522 397 1606; x_wconf 78' lang='lat' dir='ltr'>plagam</span> <span class='ocrx_word' id='word_1_108' title='bbox 419 1544 461 1587; x_wconf 92' lang='lat' dir='ltr'><strong>ne</strong></span> <span class='ocrx_word' id='word_1_109' title='bbox 485 1522 630 1607; x_wconf 83' lang='lat' dir='ltr'><strong>accipiat.</strong></span> <span class='ocrx_word' id='word_1_110' title='bbox 674 1523 796 1586; x_wconf 80' lang='lat' dir='ltr'><strong>Mirum</strong></span> <span class='ocrx_word' id='word_1_111' title='bbox 821 1530 931 1586; x_wconf 82' lang='lat' dir='ltr'><strong>sutem</strong></span> <span class='ocrx_word' id='word_1_112' title='bbox 952 1521 1167 1605; x_wconf 90' lang='lat' dir='ltr'><strong>respondendi</strong></span> <span class='ocrx_word' id='word_1_113' title='bbox 1188 1522 1366 1585; x_wconf 81' lang='lat' dir='ltr'><strong>rationem:</strong></span> 
     </span>
    </p>

    <p class='ocr_par' dir='ltr' id='par_1_5' title="bbox 269 1623 1366 1709">
     <span class='ocr_line' id='line_1_14' title="bbox 269 1623 1366 1709; baseline -0.005 -18"><span class='ocrx_word' id='word_1_114' title='bbox 269 1625 392 1691; x_wconf 82' lang='lat' dir='ltr'><strong>Christi</strong></span> <span class='ocrx_word' id='word_1_115' title='bbox 414 1626 513 1709; x_wconf 88' lang='lat' dir='ltr'><strong>ipsius</strong></span> <span class='ocrx_word' id='word_1_116' title='bbox 537 1627 719 1705; x_wconf 84' lang='lat' dir='ltr'><strong>sententiae,</strong></span> <span class='ocrx_word' id='word_1_117' title='bbox 743 1625 852 1689; x_wconf 87' lang='lat' dir='ltr'><strong>neseio</strong></span> <span class='ocrx_word' id='word_1_118' title='bbox 878 1632 956 1709; x_wconf 91' lang='lat' dir='ltr'><strong>quot</strong></span> <span class='ocrx_word' id='word_1_119' title='bbox 980 1625 1059 1689; x_wconf 88' lang='lat' dir='ltr'><strong>locis</strong></span> <span class='ocrx_word' id='word_1_120' title='bbox 1079 1623 1237 1708; x_wconf 82' lang='lat' dir='ltr'><strong>repetitae,</strong></span> <span class='ocrx_word' id='word_1_121' title='bbox 1261 1624 1366 1689; x_wconf 74' lang='lat' dir='ltr'><strong>Patris</strong></span> 
     </span>
    </p>

    <p class='ocr_par' dir='ltr' id='par_1_6' title="bbox 269 1728 1367 1813">
     <span class='ocr_line' id='line_1_15' title="bbox 269 1728 1367 1813; baseline -0.002 -19"><span class='ocrx_word' id='word_1_122' title='bbox 269 1731 366 1795; x_wconf 88' lang='lat' dir='ltr'><strong>unius</strong></span> <span class='ocrx_word' id='word_1_123' title='bbox 396 1731 593 1794; x_wconf 84' lang='lat' dir='ltr'><strong>sententiam</strong></span> <span class='ocrx_word' id='word_1_124' title='bbox 621 1730 730 1795; x_wconf 87' lang='lat' dir='ltr'><strong>neseio</strong></span> <span class='ocrx_word' id='word_1_125' title='bbox 760 1751 856 1813; x_wconf 82' lang='lat' dir='ltr'><strong>quarn</strong></span> <span class='ocrx_word' id='word_1_126' title='bbox 887 1729 1050 1813; x_wconf 89' lang='lat' dir='ltr'><strong>objicere;</strong></span> <span class='ocrx_word' id='word_1_127' title='bbox 1088 1750 1162 1793; x_wconf 90' lang='lat' dir='ltr'><strong>oum</strong></span> <span class='ocrx_word' id='word_1_128' title='bbox 1187 1728 1367 1793; x_wconf 79' lang='lat' dir='ltr'><strong>Cnrdinnlis</strong></span> 
     </span>
    </p>

    <p class='ocr_par' dir='ltr' id='par_1_7' title="bbox 269 1831 1368 1919">
     <span class='ocr_line' id='line_1_16' title="bbox 269 1831 1368 1919; baseline -0.002 -21"><span class='ocrx_word' id='word_1_129' title='bbox 269 1842 380 1899; x_wconf 85' lang='lat' dir='ltr'><strong>tamen</strong></span> <span class='ocrx_word' id='word_1_130' title='bbox 394 1835 462 1918; x_wconf 89' lang='lat' dir='ltr'><strong>ipse</strong></span> <span class='ocrx_word' id='word_1_131' title='bbox 485 1858 553 1899; x_wconf 93' lang='lat' dir='ltr'><strong>non</strong></span> <span class='ocrx_word' id='word_1_132' title='bbox 568 1835 613 1899; x_wconf 86' lang='lat' dir='ltr'><strong>sic</strong></span> <span class='ocrx_word' id='word_1_133' title='bbox 629 1856 755 1919; x_wconf 81' lang='lat' dir='ltr'><strong>semper</strong></span> <span class='ocrx_word' id='word_1_134' title='bbox 767 1834 886 1899; x_wconf 81' lang='lat' dir='ltr'><strong>habeat</strong></span> <span class='ocrx_word' id='word_1_135' title='bbox 902 1834 1023 1911; x_wconf 81' lang='lat' dir='ltr'><strong>Patres,</strong></span> <span class='ocrx_word' id='word_1_136' title='bbox 1041 1832 1120 1917; x_wconf 90' lang='lat' dir='ltr'><strong>quin</strong></span> <span class='ocrx_word' id='word_1_137' title='bbox 1134 1854 1173 1896; x_wconf 90' lang='lat' dir='ltr'><strong>ex</strong></span> <span class='ocrx_word' id='word_1_138' title='bbox 1187 1831 1252 1896; x_wconf 90' lang='lat' dir='ltr'><strong>illis</strong></span> <span class='ocrx_word' id='word_1_139' title='bbox 1266 1853 1368 1916; x_wconf 87' lang='lat' dir='ltr'><strong>quen-</strong></span> 
     </span>
    </p>

    <p class='ocr_par' dir='ltr' id='par_1_8' title="bbox 269 1930 1368 2126">
     <span class='ocr_line' id='line_1_17' title="bbox 270 1930 1368 2022; baseline -0.001 -23"><span class='ocrx_word' id='word_1_140' title='bbox 270 1958 377 2020; x_wconf 81' lang='lat' dir='ltr'><strong>quam,</strong></span> <span class='ocrx_word' id='word_1_141' title='bbox 404 1960 442 2002; x_wconf 93' lang='lat' dir='ltr'><strong>ex</strong></span> <span class='ocrx_word' id='word_1_142' title='bbox 470 1960 565 2003; x_wconf 81' lang='lat' dir='ltr'><strong>cansa</strong></span> <span class='ocrx_word' id='word_1_143' title='bbox 594 1939 703 2002; x_wconf 92' lang='lat' dir='ltr'><strong>minus</strong></span> <span class='ocrx_word' id='word_1_144' title='bbox 729 1945 814 2021; x_wconf 80' lang='lat' dir='ltr'><strong>apta,</strong></span> <span class='ocrx_word' id='word_1_145' title='bbox 843 1959 927 2020; x_wconf 83' lang='lat' dir='ltr'><strong>saepe</strong></span> <span class='ocrx_word' id='word_1_146' title='bbox 953 1937 1086 2022; x_wconf 79' lang='lat' dir='ltr'><strong>rejiciat.</strong></span> <span class='ocrx_word' id='word_1_147' title='bbox 1131 1935 1282 2015; x_wconf 76' lang='lat' dir='ltr'><strong>Tametsi,</strong></span> <span class='ocrx_word' id='word_1_148' title='bbox 1307 1930 1368 1999; x_wconf 77' lang='lat' dir='ltr'><strong>n&#39;ec</strong></span> 
     </span>
     <span class='ocr_line' id='line_1_18' title="bbox 269 2038 1368 2126; baseline 0.001 -24"><span class='ocrx_word' id='word_1_149' title='bbox 269 2040 410 2107; x_wconf 91' lang='lat' dir='ltr'><strong>multum</strong></span> <span class='ocrx_word' id='word_1_150' title='bbox 437 2042 483 2105; x_wconf 90' lang='lat' dir='ltr'><strong>illi</strong></span> <span class='ocrx_word' id='word_1_151' title='bbox 508 2043 544 2105; x_wconf 90' lang='lat' dir='ltr'><strong>in</strong></span> <span class='ocrx_word' id='word_1_152' title='bbox 568 2042 768 2126; x_wconf 87' lang='lat' dir='ltr'><strong>Hieronymo</strong></span> <span class='ocrx_word' id='word_1_153' title='bbox 793 2041 933 2124; x_wconf 87' lang='lat' dir='ltr'><strong>praesidii</strong></span> <span class='ocrx_word' id='word_1_154' title='bbox 962 2047 1021 2119; x_wconf 89' lang='lat' dir='ltr'><strong>est,</strong></span> <span class='ocrx_word' id='word_1_155' title='bbox 1047 2040 1101 2124; x_wconf 93' lang='lat' dir='ltr'><strong>qui</strong></span> <span class='ocrx_word' id='word_1_156' title='bbox 1129 2038 1243 2124; x_wconf 85' lang='lat' dir='ltr'><strong>recipit</strong></span> <span class='ocrx_word' id='word_1_157' title='bbox 1268 2060 1304 2103; x_wconf 88' lang='lat' dir='ltr'><strong>se</strong></span> <span class='ocrx_word' id='word_1_158' title='bbox 1327 2039 1368 2103; x_wconf 85' lang='lat' dir='ltr'><strong>ud</strong></span> 
     </span>
    </p>

    <p class='ocr_par' dir='ltr' id='par_1_9' title="bbox 271 2143 1368 2227">
     <span class='ocr_line' id='line_1_19' title="bbox 271 2143 1368 2227; baseline -0.001 -21"><span class='ocrx_word' id='word_1_159' title='bbox 271 2145 408 2207; x_wconf 79' lang='lat' dir='ltr'><strong>divinam</strong></span> <span class='ocrx_word' id='word_1_160' title='bbox 429 2147 601 2225; x_wconf 73' lang='lat' dir='ltr'><strong>scimrtiom,</strong></span> <span class='ocrx_word' id='word_1_161' title='bbox 620 2167 683 2227; x_wconf 83' lang='lat' dir='ltr'><strong>pro</strong></span> <span class='ocrx_word' id='word_1_162' title='bbox 700 2146 823 2208; x_wconf 76' lang='lat' dir='ltr'><strong>silentio</strong></span> <span class='ocrx_word' id='word_1_163' title='bbox 845 2144 901 2208; x_wconf 94' lang='lat' dir='ltr'><strong>illo</strong></span> <span class='ocrx_word' id='word_1_164' title='bbox 924 2165 990 2221; x_wconf 89' lang='lat' dir='ltr'><strong>suo,</strong></span> <span class='ocrx_word' id='word_1_165' title='bbox 1013 2151 1047 2209; x_wconf 85' lang='lat' dir='ltr'><strong>et</strong></span> <span class='ocrx_word' id='word_1_166' title='bbox 1061 2144 1162 2226; x_wconf 70' lang='lat' dir='ltr'><strong>Requi</strong></span> <span class='ocrx_word' id='word_1_167' title='bbox 1183 2143 1368 2206; x_wconf 62' lang='lat' dir='ltr'><strong>dilationer.</strong></span> 
     </span>
    </p>

    <p class='ocr_par' dir='ltr' id='par_1_10' title="bbox 270 2245 1368 2333">
     <span class='ocr_line' id='line_1_20' title="bbox 270 2245 1368 2333; baseline -0.002 -23"><span class='ocrx_word' id='word_1_168' title='bbox 270 2247 368 2311; x_wconf 90' lang='lat' dir='ltr'><strong>Unde</strong></span> <span class='ocrx_word' id='word_1_169' title='bbox 383 2256 492 2312; x_wconf 84' lang='lat' dir='ltr'><strong>autem</strong></span> <span class='ocrx_word' id='word_1_170' title='bbox 507 2249 563 2312; x_wconf 85' lang='lat' dir='ltr'><strong>illu</strong></span> <span class='ocrx_word' id='word_1_171' title='bbox 576 2249 680 2333; x_wconf 86' lang='lat' dir='ltr'><strong>magis</strong></span> <span class='ocrx_word' id='word_1_172' title='bbox 695 2247 876 2324; x_wconf 84' lang='lat' dir='ltr'><strong>manifesta,</strong></span> <span class='ocrx_word' id='word_1_173' title='bbox 893 2268 990 2331; x_wconf 84' lang='lat' dir='ltr'><strong>quom</strong></span> <span class='ocrx_word' id='word_1_174' title='bbox 1001 2267 1040 2310; x_wconf 89' lang='lat' dir='ltr'><strong>ex</strong></span> <span class='ocrx_word' id='word_1_175' title='bbox 1055 2245 1176 2311; x_wconf 77' lang='lat' dir='ltr'><strong>Christi</strong></span> <span class='ocrx_word' id='word_1_176' title='bbox 1189 2245 1288 2329; x_wconf 89' lang='lat' dir='ltr'><strong>ipsius</strong></span> <span class='ocrx_word' id='word_1_177' title='bbox 1303 2264 1368 2323; x_wconf 90' lang='lat' dir='ltr'><strong>ore,</strong></span> 
     </span>
    </p>

    <p class='ocr_par' dir='ltr' id='par_1_11' title="bbox 192 2348 1369 2532">
     <span class='ocr_line' id='line_1_21' title="bbox 192 2348 1369 2436; baseline -0.003 -21"><span class='ocrx_word' id='word_1_178' title='bbox 192 2372 196 2379; x_wconf 72' lang='lat'><strong><em>¹</em></strong></span> <span class='ocrx_word' id='word_1_179' title='bbox 267 2351 303 2414; x_wconf 92' lang='lat' dir='ltr'><strong>in</strong></span> <span class='ocrx_word' id='word_1_180' title='bbox 326 2374 389 2436; x_wconf 90' lang='lat' dir='ltr'><strong>quo</strong></span> <span class='ocrx_word' id='word_1_181' title='bbox 410 2354 611 2416; x_wconf 74' lang='lat' dir='ltr'><strong>scientiarum</strong></span> <span class='ocrx_word' id='word_1_182' title='bbox 633 2355 767 2417; x_wconf 83' lang='lat' dir='ltr'><strong>omnium</strong></span> <span class='ocrx_word' id='word_1_183' title='bbox 787 2353 927 2415; x_wconf 74' lang='lat' dir='ltr'><strong>thesauri</strong></span> <span class='ocrx_word' id='word_1_184' title='bbox 949 2351 1171 2414; x_wconf 79' lang='lat' dir='ltr'><strong>absconditi&#39;?</strong></span> <span class='ocrx_word' id='word_1_185' title='bbox 1201 2350 1266 2434; x_wconf 92' lang='lat' dir='ltr'><strong>qni,</strong></span> <span class='ocrx_word' id='word_1_186' title='bbox 1290 2348 1369 2412; x_wconf 90' lang='lat' dir='ltr'><strong>dum</strong></span> 
     </span>
     <span class='ocr_line' id='line_1_22' title="bbox 266 2451 1369 2532; baseline -0.002 -15"><span class='ocrx_word' id='word_1_187' title='bbox 266 2454 428 2519; x_wconf 89' lang='lat' dir='ltr'><strong>incertum</strong></span> <span class='ocrx_word' id='word_1_188' title='bbox 453 2456 538 2519; x_wconf 92' lang='lat' dir='ltr'><strong>diem</strong></span> <span class='ocrx_word' id='word_1_189' title='bbox 562 2456 654 2520; x_wconf 92' lang='lat' dir='ltr'><strong>illum</strong></span> <span class='ocrx_word' id='word_1_190' title='bbox 677 2455 769 2532; x_wconf 81' lang='lat' dir='ltr'><strong>dixit,</strong></span> <span class='ocrx_word' id='word_1_191' title='bbox 787 2454 952 2519; x_wconf 90' lang='lat' dir='ltr'><strong>silentium</strong></span> <span class='ocrx_word' id='word_1_192' title='bbox 974 2453 1066 2518; x_wconf 91' lang='lat' dir='ltr'><strong>nobis</strong></span> <span class='ocrx_word' id='word_1_193' title='bbox 1081 2452 1207 2530; x_wconf 81' lang='lat' dir='ltr'><strong>indixit,</strong></span> <span class='ocrx_word' id='word_1_194' title='bbox 1224 2451 1265 2516; x_wconf 90' lang='lat' dir='ltr'><strong>de</strong></span> <span class='ocrx_word' id='word_1_195' title='bbox 1279 2458 1369 2516; x_wconf 89' lang='lat' dir='ltr'><strong>certo</strong></span> 
     </span>
    </p>

    <p class='ocr_par' dir='ltr' id='par_1_12' title="bbox 266 2554 1371 2845">
     <span class='ocr_line' id='line_1_23' title="bbox 266 2554 1369 2641; baseline 0 -22"><span class='ocrx_word' id='word_1_196' title='bbox 266 2556 392 2620; x_wconf 87' lang='lat' dir='ltr'><strong>dierum</strong></span> <span class='ocrx_word' id='word_1_197' title='bbox 406 2580 541 2622; x_wconf 90' lang='lat' dir='ltr'><strong>numero</strong></span> <span class='ocrx_word' id='word_1_198' title='bbox 557 2559 602 2621; x_wconf 92' lang='lat' dir='ltr'><strong>illi</strong></span> <span class='ocrx_word' id='word_1_199' title='bbox 618 2559 836 2641; x_wconf 84' lang='lat' dir='ltr'><strong>praefiniendo.</strong></span> <span class='ocrx_word' id='word_1_200' title='bbox 883 2557 1046 2639; x_wconf 80' lang='lat' dir='ltr'><strong>Quicquid</strong></span> <span class='ocrx_word' id='word_1_201' title='bbox 1067 2578 1144 2639; x_wconf 85' lang='lat' dir='ltr'><strong>ergo</strong></span> <span class='ocrx_word' id='word_1_202' title='bbox 1162 2557 1216 2620; x_wconf 88' lang='lat' dir='ltr'><strong>hio</strong></span> <span class='ocrx_word' id='word_1_203' title='bbox 1231 2554 1369 2619; x_wconf 88' lang='lat' dir='ltr'><strong>senserit</strong></span> 
     </span>
     <span class='ocr_line' id='line_1_24' title="bbox 268 2657 1371 2745; baseline -0.001 -23"><span class='ocrx_word' id='word_1_204' title='bbox 268 2659 487 2744; x_wconf 81' lang='lat' dir='ltr'><strong>Hieronymus</strong></span> <span class='ocrx_word' id='word_1_205' title='bbox 520 2662 688 2745; x_wconf 82' lang='lat' dir='ltr'><strong>(ascriptus</strong></span> <span class='ocrx_word' id='word_1_206' title='bbox 727 2662 768 2725; x_wconf 84' lang='lat' dir='ltr'><strong>ad</strong></span> <span class='ocrx_word' id='word_1_207' title='bbox 803 2662 887 2725; x_wconf 83' lang='lat' dir='ltr'><strong>hanc</strong></span> <span class='ocrx_word' id='word_1_208' title='bbox 923 2663 992 2745; x_wconf 83' lang='lat' dir='ltr'><strong>jum</strong></span> <span class='ocrx_word' id='word_1_209' title='bbox 1023 2682 1091 2724; x_wconf 89' lang='lat' dir='ltr'><strong>rem</strong></span> <span class='ocrx_word' id='word_1_210' title='bbox 1122 2664 1254 2742; x_wconf 85' lang='lat' dir='ltr'><strong>repente</strong></span> <span class='ocrx_word' id='word_1_211' title='bbox 1283 2657 1371 2721; x_wconf 88' lang='lat' dir='ltr'><strong>inter</strong></span> 
     </span>
     <span class='ocr_line' id='line_1_25' title="bbox 267 2761 1368 2845; baseline -0.002 -20"><span class='ocrx_word' id='word_1_212' title='bbox 267 2763 464 2845; x_wconf 80' lang='lat' dir='ltr'><strong>Pontificios)</strong></span> <span class='ocrx_word' id='word_1_213' title='bbox 483 2770 521 2826; x_wconf 92' lang='lat' dir='ltr'><strong>ut</strong></span> <span class='ocrx_word' id='word_1_214' title='bbox 538 2764 592 2828; x_wconf 87' lang='lat' dir='ltr'><strong>hio</strong></span> <span class='ocrx_word' id='word_1_215' title='bbox 615 2786 666 2827; x_wconf 85' lang='lat' dir='ltr'><strong>res</strong></span> <span class='ocrx_word' id='word_1_216' title='bbox 691 2787 723 2829; x_wconf 89' lang='lat' dir='ltr'><strong>sc</strong></span> <span class='ocrx_word' id='word_1_217' title='bbox 746 2765 855 2840; x_wconf 87' lang='lat' dir='ltr'><strong>habet,</strong></span> <span class='ocrx_word' id='word_1_218' title='bbox 876 2773 913 2828; x_wconf 90' lang='lat' dir='ltr'><strong>ut</strong></span> <span class='ocrx_word' id='word_1_219' title='bbox 928 2765 1024 2828; x_wconf 82' lang='lat' dir='ltr'><strong>verbu</strong></span> <span class='ocrx_word' id='word_1_220' title='bbox 1039 2762 1158 2827; x_wconf 85' lang='lat' dir='ltr'><strong>Christi</strong></span> <span class='ocrx_word' id='word_1_221' title='bbox 1180 2770 1248 2825; x_wconf 86' lang='lat' dir='ltr'><strong>tam</strong></span> <span class='ocrx_word' id='word_1_222' title='bbox 1271 2761 1368 2839; x_wconf 84' lang='lat' dir='ltr'><strong>clara,</strong></span> 
     </span>
    </p>

    <p class='ocr_par' dir='ltr' id='par_1_13' title="bbox 265 2864 1369 2944">
     <span class='ocr_line' id='line_1_26' title="bbox 265 2864 1369 2944; baseline 0 -17"><span class='ocrx_word' id='word_1_223' title='bbox 265 2873 333 2928; x_wconf 84' lang='lat' dir='ltr'><strong>tam</strong></span> <span class='ocrx_word' id='word_1_224' title='bbox 364 2866 491 2944; x_wconf 84' lang='lat' dir='ltr'><strong>diserta,</strong></span> <span class='ocrx_word' id='word_1_225' title='bbox 523 2866 660 2931; x_wconf 87' lang='lat' dir='ltr'><strong>liberum</strong></span> <span class='ocrx_word' id='word_1_226' title='bbox 697 2869 758 2932; x_wconf 87' lang='lat' dir='ltr'><strong>erit</strong></span> <span class='ocrx_word' id='word_1_227' title='bbox 795 2868 894 2931; x_wconf 84' lang='lat' dir='ltr'><strong>cnivis</strong></span> <span class='ocrx_word' id='word_1_228' title='bbox 925 2889 1016 2931; x_wconf 87' lang='lat' dir='ltr'><strong>secus</strong></span> <span class='ocrx_word' id='word_1_229' title='bbox 1047 2866 1191 2942; x_wconf 81' lang='lat' dir='ltr'><strong>sentire3</strong></span> <span class='ocrx_word' id='word_1_230' title='bbox 1229 2864 1369 2928; x_wconf 87' lang='lat' dir='ltr'><strong>liberum</strong></span> 
     </span>
    </p>

    <p class='ocr_par' dir='ltr' id='par_1_14' title="bbox 266 2966 1369 3054">
     <span class='ocr_line' id='line_1_27' title="bbox 266 2966 1369 3054; baseline -0.001 -24"><span class='ocrx_word' id='word_1_231' title='bbox 266 2976 375 3031; x_wconf 83' lang='lat' dir='ltr'><strong>autem</strong></span> <span class='ocrx_word' id='word_1_232' title='bbox 402 2972 450 3051; x_wconf 91' lang='lat' dir='ltr'><strong>(ut</strong></span> <span class='ocrx_word' id='word_1_233' title='bbox 474 2969 567 3034; x_wconf 93' lang='lat' dir='ltr'><strong>initio</strong></span> <span class='ocrx_word' id='word_1_234' title='bbox 593 2970 670 3054; x_wconf 87' lang='lat' dir='ltr'><strong>dixi)</strong></span> <span class='ocrx_word' id='word_1_235' title='bbox 694 2971 728 3033; x_wconf 92' lang='lat' dir='ltr'><strong>in</strong></span> <span class='ocrx_word' id='word_1_236' title='bbox 753 2978 823 3035; x_wconf 86' lang='lat' dir='ltr'><strong>tota</strong></span> <span class='ocrx_word' id='word_1_237' title='bbox 845 2971 906 3035; x_wconf 88' lang='lat' dir='ltr'><strong>hac</strong></span> <span class='ocrx_word' id='word_1_238' title='bbox 931 2970 1118 3054; x_wconf 73' lang='lat' dir='ltr'><strong>questione,</strong></span> <span class='ocrx_word' id='word_1_239' title='bbox 1139 2968 1175 3031; x_wconf 92' lang='lat' dir='ltr'><strong>in</strong></span> <span class='ocrx_word' id='word_1_240' title='bbox 1199 2989 1263 3052; x_wconf 82' lang='lat' dir='ltr'><strong>qua</strong></span> <span class='ocrx_word' id='word_1_241' title='bbox 1286 2966 1369 3030; x_wconf 90' lang='lat' dir='ltr'><strong>nihil</strong></span> 
     </span>
    </p>

    <p class='ocr_par' dir='ltr' id='par_1_15' title="bbox 266 3069 1368 3156">
     <span class='ocr_line' id='line_1_28' title="bbox 266 3069 1368 3156; baseline 0.001 -23"><span class='ocrx_word' id='word_1_242' title='bbox 266 3070 344 3134; x_wconf 90' lang='lat' dir='ltr'><strong>dum</strong></span> <span class='ocrx_word' id='word_1_243' title='bbox 360 3072 409 3134; x_wconf 90' lang='lat' dir='ltr'><strong>vel</strong></span> <span class='ocrx_word' id='word_1_244' title='bbox 426 3073 576 3156; x_wconf 85' lang='lat' dir='ltr'><strong>Synodus</strong></span> <span class='ocrx_word' id='word_1_245' title='bbox 598 3074 665 3137; x_wconf 87' lang='lat' dir='ltr'><strong>ulla</strong></span> <span class='ocrx_word' id='word_1_246' title='bbox 684 3074 838 3152; x_wconf 72' lang='lat' dir='ltr'><strong>definitit,</strong></span> <span class='ocrx_word' id='word_1_247' title='bbox 856 3082 889 3138; x_wconf 89' lang='lat' dir='ltr'><strong>et</strong></span> <span class='ocrx_word' id='word_1_248' title='bbox 905 3076 1017 3138; x_wconf 83' lang='lat' dir='ltr'><strong>Patres</strong></span> <span class='ocrx_word' id='word_1_249' title='bbox 1031 3073 1092 3156; x_wconf 88' lang='lat' dir='ltr'><strong>ipsi</strong></span> <span class='ocrx_word' id='word_1_250' title='bbox 1107 3071 1291 3135; x_wconf 79' lang='lat' dir='ltr'><strong>libertatem</strong></span> <span class='ocrx_word' id='word_1_251' title='bbox 1306 3069 1368 3134; x_wconf 90' lang='lat' dir='ltr'><strong>sibi</strong></span> 
     </span>
    </p>

    <p class='ocr_par' dir='ltr' id='par_1_16' title="bbox 265 3175 1368 3261">
     <span class='ocr_line' id='line_1_29' title="bbox 265 3175 1368 3261; baseline 0.002 -25"><span class='ocrx_word' id='word_1_252' title='bbox 265 3184 408 3255; x_wconf 89' lang='lat' dir='ltr'><strong>sumunt,</strong></span> <span class='ocrx_word' id='word_1_253' title='bbox 434 3177 468 3239; x_wconf 94' lang='lat' dir='ltr'><strong>in</strong></span> <span class='ocrx_word' id='word_1_254' title='bbox 496 3199 592 3241; x_wconf 88' lang='lat' dir='ltr'><strong>sensu</strong></span> <span class='ocrx_word' id='word_1_255' title='bbox 618 3200 677 3241; x_wconf 92' lang='lat' dir='ltr'><strong>suo</strong></span> <span class='ocrx_word' id='word_1_256' title='bbox 702 3178 913 3241; x_wconf 85' lang='lat' dir='ltr'><strong>abundandi:</strong></span> <span class='ocrx_word' id='word_1_257' title='bbox 946 3185 990 3258; x_wconf 88' lang='lat' dir='ltr'><strong>et,</strong></span> <span class='ocrx_word' id='word_1_258' title='bbox 1015 3199 1111 3261; x_wconf 84' lang='lat' dir='ltr'><strong>quum</strong></span> <span class='ocrx_word' id='word_1_259' title='bbox 1135 3175 1197 3239; x_wconf 89' lang='lat' dir='ltr'><strong>sibi</strong></span> <span class='ocrx_word' id='word_1_260' title='bbox 1221 3181 1368 3253; x_wconf 86' lang='lat' dir='ltr'><strong>sumunt,</strong></span> 
     </span>
    </p>
   </div>
   <div class='ocr_carea' id='block_1_4' title="bbox 264 3278 730 3364">
    <p class='ocr_par' dir='ltr' id='par_1_17' title="bbox 264 3278 730 3364">
     <span class='ocr_line' id='line_1_30' title="bbox 264 3278 730 3364; baseline 0.009 -24"><span class='ocrx_word' id='word_1_261' title='bbox 264 3278 357 3341; x_wconf 89' lang='lat' dir='ltr'><strong>nobis</strong></span> <span class='ocrx_word' id='word_1_262' title='bbox 373 3302 440 3344; x_wconf 92' lang='lat' dir='ltr'><strong>non</strong></span> <span class='ocrx_word' id='word_1_263' title='bbox 455 3290 584 3364; x_wconf 79' lang='lat' dir='ltr'><strong>gravate</strong></span> <span class='ocrx_word' id='word_1_264' title='bbox 599 3281 730 3344; x_wconf 84' lang='lat' dir='ltr'><strong>faciunt.</strong></span> 
     </span>
    </p>
   </div>
   <div class='ocr_carea' id='block_1_5' title="bbox 297 3421 1369 3735">
    <p class='ocr_par' dir='ltr' id='par_1_18' title="bbox 297 3421 1369 3735">
     <span class='ocr_line' id='line_1_31' title="bbox 297 3421 1369 3489; baseline -0.006 -14"><span class='ocrx_word' id='word_1_265' title='bbox 297 3424 352 3475; x_wconf 86' lang='lat' dir='ltr'><strong>Nos</strong></span> <span class='ocrx_word' id='word_1_266' title='bbox 371 3427 440 3475; x_wconf 88' lang='lat' dir='ltr'><strong>enim</strong></span> <span class='ocrx_word' id='word_1_267' title='bbox 459 3440 515 3475; x_wconf 85' lang='lat' dir='ltr'><strong>vere</strong></span> <span class='ocrx_word' id='word_1_268' title='bbox 532 3427 657 3476; x_wconf 87' lang='lat' dir='ltr'><strong>noscimus</strong></span> <span class='ocrx_word' id='word_1_269' title='bbox 676 3426 744 3475; x_wconf 85' lang='lat' dir='ltr'><strong>diem</strong></span> <span class='ocrx_word' id='word_1_270' title='bbox 763 3430 839 3489; x_wconf 82' lang='lat' dir='ltr'><strong>etque</strong></span> <span class='ocrx_word' id='word_1_271' title='bbox 857 3425 945 3474; x_wconf 82' lang='lat' dir='ltr'><strong>horum</strong></span> <span class='ocrx_word' id='word_1_272' title='bbox 960 3424 1062 3488; x_wconf 85' lang='lat' dir='ltr'><strong>judicii.</strong></span> <span class='ocrx_word' id='word_1_273' title='bbox 1078 3460 1085 3472; x_wconf 94' lang='lat'><strong>.</strong></span> <span class='ocrx_word' id='word_1_274' title='bbox 1103 3460 1110 3472; x_wconf 91' lang='lat'><strong>.</strong></span> <span class='ocrx_word' id='word_1_275' title='bbox 1128 3458 1135 3471; x_wconf 90' lang='lat'><strong>.</strong></span> <span class='ocrx_word' id='word_1_276' title='bbox 1153 3423 1196 3471; x_wconf 87' lang='lat' dir='ltr'><strong>llll</strong></span> <span class='ocrx_word' id='word_1_277' title='bbox 1211 3426 1306 3482; x_wconf 85' lang='lat' dir='ltr'><strong>sutem,</strong></span> <span class='ocrx_word' id='word_1_278' title='bbox 1323 3421 1369 3485; x_wconf 89' lang='lat' dir='ltr'><strong>qni</strong></span> 
     </span>
     <span class='ocr_line' id='line_1_32' title="bbox 328 3505 1369 3572; baseline -0.004 -15"><span class='ocrx_word' id='word_1_279' title='bbox 328 3509 482 3558; x_wconf 83' lang='lat' dir='ltr'><strong>.lnlichristi</strong></span> <span class='ocrx_word' id='word_1_280' title='bbox 493 3510 648 3572; x_wconf 85' lang='lat' dir='ltr'><strong>temporibus</strong></span> <span class='ocrx_word' id='word_1_281' title='bbox 658 3510 684 3558; x_wconf 90' lang='lat' dir='ltr'><strong>in</strong></span> <span class='ocrx_word' id='word_1_282' title='bbox 694 3510 757 3558; x_wconf 82' lang='lat' dir='ltr'><strong>rivis</strong></span> <span class='ocrx_word' id='word_1_283' title='bbox 768 3509 936 3566; x_wconf 80' lang='lat' dir='ltr'><strong>invenientur,</strong></span> <span class='ocrx_word' id='word_1_284' title='bbox 947 3508 1018 3557; x_wconf 77' lang='lat' dir='ltr'><strong>troile</strong></span> <span class='ocrx_word' id='word_1_285' title='bbox 1027 3508 1089 3556; x_wconf 84' lang='lat' dir='ltr'><strong>sciro</strong></span> <span class='ocrx_word' id='word_1_286' title='bbox 1101 3510 1227 3569; x_wconf 86' lang='lat' dir='ltr'><strong>poterunt,</strong></span> <span class='ocrx_word' id='word_1_287' title='bbox 1233 3519 1285 3555; x_wconf 92' lang='lat' dir='ltr'><strong>non</strong></span> <span class='ocrx_word' id='word_1_288' title='bbox 1293 3505 1369 3568; x_wconf 83' lang='lat' dir='ltr'><strong>longo</strong></span> 
     </span>
     <span class='ocr_line' id='line_1_33' title="bbox 328 3585 1358 3654; baseline -0.003 -15"><span class='ocrx_word' id='word_1_289' title='bbox 328 3590 413 3640; x_wconf 75' lang='lat' dir='ltr'><strong>abesse</strong></span> <span class='ocrx_word' id='word_1_290' title='bbox 430 3591 497 3640; x_wconf 86' lang='lat' dir='ltr'><strong>diem</strong></span> <span class='ocrx_word' id='word_1_291' title='bbox 513 3590 614 3654; x_wconf 89' lang='lat' dir='ltr'><strong>judicii,</strong></span> <span class='ocrx_word' id='word_1_292' title='bbox 627 3596 653 3641; x_wconf 86' lang='lat' dir='ltr'><strong>et</strong></span> <span class='ocrx_word' id='word_1_293' title='bbox 664 3591 754 3639; x_wconf 89' lang='lat' dir='ltr'><strong>mundi</strong></span> <span class='ocrx_word' id='word_1_294' title='bbox 765 3588 1124 3653; x_wconf 75' lang='lat' dir='ltr'><strong>consummationem-{Bell</strong></span> <span class='ocrx_word' id='word_1_295' title='bbox 1137 3587 1211 3652; x_wconf 82' lang='lat' dir='ltr'><strong>Apol</strong></span> <span class='ocrx_word' id='word_1_296' title='bbox 1224 3602 1270 3652; x_wconf 89' lang='lat' dir='ltr'><strong>pro</strong></span> <span class='ocrx_word' id='word_1_297' title='bbox 1281 3585 1358 3651; x_wconf 80' lang='lat' dir='ltr'><strong>Resp.</strong></span> 
     </span>
     <span class='ocr_line' id='line_1_34' title="bbox 330 3669 845 3735; baseline 0 -16"><span class='ocrx_word' id='word_1_298' title='bbox 330 3685 354 3734; x_wconf 93' lang='lat' dir='ltr'><strong>p.</strong></span> <span class='ocrx_word' id='word_1_299' title='bbox 365 3673 418 3720; x_wconf 83' lang='lat'><strong>138.</strong></span> <span class='ocrx_word' id='word_1_300' title='bbox 437 3671 503 3735; x_wconf 88' lang='lat' dir='ltr'><strong>[Op.,</strong></span> <span class='ocrx_word' id='word_1_301' title='bbox 515 3677 576 3721; x_wconf 86' lang='lat' dir='ltr'><strong>tom.</strong></span> <span class='ocrx_word' id='word_1_302' title='bbox 588 3672 631 3722; x_wconf 84' lang='lat' dir='ltr'><strong>rii.</strong></span> <span class='ocrx_word' id='word_1_303' title='bbox 643 3673 689 3722; x_wconf 88' lang='lat' dir='ltr'><strong>col.</strong></span> <span class='ocrx_word' id='word_1_304' title='bbox 702 3673 758 3723; x_wconf 78' lang='lat'><strong>782.</strong></span> <span class='ocrx_word' id='word_1_305' title='bbox 769 3671 797 3719; x_wconf 92' lang='lat' dir='ltr'><strong>B.</strong></span> <span class='ocrx_word' id='word_1_306' title='bbox 807 3669 845 3733; x_wconf 80' lang='grc'><strong>0.]</strong></span> 
     </span>
    </p>
   </div>
   <div class='ocr_carea' id='block_1_6' title="bbox 98 3765 1367 3973">
    <p class='ocr_par' dir='ltr' id='par_1_19' title="bbox 98 3765 1367 3973">
     <span class='ocr_line' id='line_1_35' title="bbox 102 3765 1367 3857; baseline 0.001 -29"><span class='ocrx_word' id='word_1_307' title='bbox 102 3778 188 3857; x_wconf 63' lang='lat' dir='ltr'><strong>[Diesu</strong></span> <span class='ocrx_word' id='word_1_308' title='bbox 311 3769 384 3846; x_wconf 90' lang='lat' dir='ltr'><strong>Sed,</strong></span> <span class='ocrx_word' id='word_1_309' title='bbox 407 3770 582 3853; x_wconf 85' lang='lat' dir='ltr'><strong>Evangelio</strong></span> <span class='ocrx_word' id='word_1_310' title='bbox 601 3778 711 3834; x_wconf 85' lang='lat' dir='ltr'><strong>tomen</strong></span> <span class='ocrx_word' id='word_1_311' title='bbox 734 3770 848 3847; x_wconf 88' lang='lat' dir='ltr'><strong>adhuc,</strong></span> <span class='ocrx_word' id='word_1_312' title='bbox 872 3768 929 3832; x_wconf 91' lang='lat' dir='ltr'><strong>scd</strong></span> <span class='ocrx_word' id='word_1_313' title='bbox 945 3767 1084 3846; x_wconf 88' lang='lat' dir='ltr'><strong>Christo,</strong></span> <span class='ocrx_word' id='word_1_314' title='bbox 1101 3767 1155 3850; x_wconf 91' lang='lat' dir='ltr'><strong>qui</strong></span> <span class='ocrx_word' id='word_1_315' title='bbox 1177 3767 1263 3830; x_wconf 90' lang='lat' dir='ltr'><strong>diem</strong></span> <span class='ocrx_word' id='word_1_316' title='bbox 1286 3765 1367 3830; x_wconf 90' lang='lat' dir='ltr'><strong>dixit</strong></span> 
     </span>
     <span class='ocr_line' id='line_1_36' title="bbox 98 3843 1367 3973; baseline 0.001 -40"><span class='ocrx_word' id='word_1_317' title='bbox 98 3843 223 3973; x_wconf 42' lang='lat' dir='ltr'><strong>{223¹ssss</strong></span> <span class='ocrx_word' id='word_1_318' title='bbox 265 3871 423 3954; x_wconf 81' lang='lat' dir='ltr'><strong>ignotum,</strong></span> <span class='ocrx_word' id='word_1_319' title='bbox 438 3874 584 3938; x_wconf 91' lang='lat' dir='ltr'><strong>nondum</strong></span> <span class='ocrx_word' id='word_1_320' title='bbox 607 3875 807 3938; x_wconf 82' lang='lat' dir='ltr'><strong>satisfactum</strong></span> <span class='ocrx_word' id='word_1_321' title='bbox 830 3880 889 3936; x_wconf 91' lang='lat' dir='ltr'><strong>est.</strong></span> <span class='ocrx_word' id='word_1_322' title='bbox 933 3874 985 3935; x_wconf 90' lang='lat' dir='ltr'><strong>En</strong></span> <span class='ocrx_word' id='word_1_323' title='bbox 1008 3893 1085 3953; x_wconf 85' lang='lat' dir='ltr'><strong>ergo</strong></span> <span class='ocrx_word' id='word_1_324' title='bbox 1107 3872 1256 3955; x_wconf 79' lang='lat' dir='ltr'><strong>glossam,</strong></span> <span class='ocrx_word' id='word_1_325' title='bbox 1277 3871 1367 3934; x_wconf 81' lang='lat' dir='ltr'><strong>novi-</strong></span> 
     </span>
    </p>
   </div>
   <div class='ocr_carea' id='block_1_7' title="bbox 264 3975 1367 4162">
    <p class='ocr_par' dir='ltr' id='par_1_20' title="bbox 264 3975 1367 4162">
     <span class='ocr_line' id='line_1_37' title="bbox 264 3975 1355 4059; baseline -0.001 -21"><span class='ocrx_word' id='word_1_326' title='bbox 264 3975 345 4038; x_wconf 85' lang='lat' dir='ltr'><strong>tiam</strong></span> <span class='ocrx_word' id='word_1_327' title='bbox 368 3984 401 4038; x_wconf 88' lang='lat' dir='ltr'><strong>et</strong></span> <span class='ocrx_word' id='word_1_328' title='bbox 422 3997 589 4059; x_wconf 82' lang='lat' dir='ltr'><strong>nuperam.</strong></span> <span class='ocrx_word' id='word_1_329' title='bbox 634 3977 790 4053; x_wconf 90' lang='lat' dir='ltr'><strong>Primum,</strong></span> <span class='ocrx_word' id='word_1_330' title='bbox 806 3997 872 4038; x_wconf 91' lang='lat' dir='ltr'><strong>non</strong></span> <span class='ocrx_word' id='word_1_331' title='bbox 888 3975 928 4039; x_wconf 91' lang='lat' dir='ltr'><strong>de</strong></span> <span class='ocrx_word' id='word_1_332' title='bbox 944 3976 995 4039; x_wconf 83' lang='lat' dir='ltr'><strong>die</strong></span> <span class='ocrx_word' id='word_1_333' title='bbox 1010 3975 1140 4058; x_wconf 91' lang='lat' dir='ltr'><strong>quidem</strong></span> <span class='ocrx_word' id='word_1_334' title='bbox 1155 3982 1188 4039; x_wconf 88' lang='lat' dir='ltr'><strong>et</strong></span> <span class='ocrx_word' id='word_1_335' title='bbox 1203 3978 1282 4039; x_wconf 75' lang='lat' dir='ltr'><strong>liora</strong></span> <span class='ocrx_word' id='word_1_336' title='bbox 1296 3997 1355 4039; x_wconf 90' lang='lat' dir='ltr'><strong>nos</strong></span> 
     </span>
     <span class='ocr_line' id='line_1_38' title="bbox 266 4077 1367 4162; baseline 0 -22"><span class='ocrx_word' id='word_1_337' title='bbox 266 4086 299 4141; x_wconf 84' lang='lat' dir='ltr'><strong>nt</strong></span> <span class='ocrx_word' id='word_1_338' title='bbox 321 4077 360 4141; x_wconf 92' lang='lat' dir='ltr'><strong>de</strong></span> <span class='ocrx_word' id='word_1_339' title='bbox 381 4084 515 4160; x_wconf 81' lang='lat' dir='ltr'><strong>tempore</strong></span> <span class='ocrx_word' id='word_1_340' title='bbox 537 4086 657 4158; x_wconf 88' lang='lat' dir='ltr'><strong>tamen,</strong></span> <span class='ocrx_word' id='word_1_341' title='bbox 673 4086 775 4143; x_wconf 78' lang='lat' dir='ltr'><strong>certos</strong></span> <span class='ocrx_word' id='word_1_342' title='bbox 793 4079 870 4141; x_wconf 91' lang='lat' dir='ltr'><strong>sinit</strong></span> <span class='ocrx_word' id='word_1_343' title='bbox 885 4099 953 4141; x_wconf 89' lang='lat' dir='ltr'><strong>esse</strong></span> <span class='ocrx_word' id='word_1_344' title='bbox 970 4079 1168 4143; x_wconf 82' lang='lat' dir='ltr'><strong>Cordinnlis:</strong></span> <span class='ocrx_word' id='word_1_345' title='bbox 1193 4079 1248 4162; x_wconf 93' lang='lat' dir='ltr'><strong>qui</strong></span> <span class='ocrx_word' id='word_1_346' title='bbox 1262 4099 1367 4161; x_wconf 88' lang='lat' dir='ltr'><strong>nuper</strong></span> 
     </span>
    </p>
   </div>
   <div class='ocr_carea' id='block_1_8' title="bbox 261 4256 1365 4576">
    <p class='ocr_par' dir='ltr' id='par_1_21' title="bbox 261 4256 1365 4576">
     <span class='ocr_line' id='line_1_39' title="bbox 298 4256 1365 4319; baseline 0 -15"><span class='ocrx_word' id='word_1_347' title='bbox 298 4256 361 4319; x_wconf 75' lang='lat' dir='ltr'><strong>²[S.</strong></span> <span class='ocrx_word' id='word_1_348' title='bbox 382 4256 453 4305; x_wconf 89' lang='lat' dir='ltr'><strong>llior.</strong></span> <span class='ocrx_word' id='word_1_349' title='bbox 478 4258 504 4305; x_wconf 93' lang='lat' dir='ltr'><strong>iu</strong></span> <span class='ocrx_word' id='word_1_350' title='bbox 525 4258 587 4306; x_wconf 85' lang='lat' dir='ltr'><strong>llon.</strong></span> <span class='ocrx_word' id='word_1_351' title='bbox 606 4258 650 4304; x_wconf 85' lang='lat' dir='ltr'><strong>xii.</strong></span> <span class='ocrx_word' id='word_1_352' title='bbox 672 4259 710 4304; x_wconf 80' lang='lat'><strong>12.</strong></span> <span class='ocrx_word' id='word_1_353' title='bbox 736 4256 792 4318; x_wconf 86' lang='lat' dir='ltr'><strong>Op,</strong></span> <span class='ocrx_word' id='word_1_354' title='bbox 836 4261 881 4315; x_wconf 83' lang='lat' dir='ltr'><strong>est,</strong></span> <span class='ocrx_word' id='word_1_355' title='bbox 899 4257 948 4305; x_wconf 89' lang='lat' dir='ltr'><strong>nisi</strong></span> <span class='ocrx_word' id='word_1_356' title='bbox 964 4257 1027 4306; x_wconf 80' lang='lat' dir='ltr'><strong>forte</strong></span> <span class='ocrx_word' id='word_1_357' title='bbox 1045 4259 1166 4317; x_wconf 78' lang='lat' dir='ltr'><strong>dicemus,</strong></span> <span class='ocrx_word' id='word_1_358' title='bbox 1186 4256 1275 4306; x_wconf 79' lang='lat' dir='ltr'><strong>dilutio</strong></span> <span class='ocrx_word' id='word_1_359' title='bbox 1293 4256 1365 4317; x_wconf 81' lang='lat' dir='ltr'><strong>regni</strong></span> 
     </span>
     <span class='ocr_line' id='line_1_40' title="bbox 264 4320 1365 4386; baseline 0.001 -17"><span class='ocrx_word' id='word_1_360' title='bbox 264 4325 325 4370; x_wconf 86' lang='lat' dir='ltr'><strong>tom.</strong></span> <span class='ocrx_word' id='word_1_361' title='bbox 338 4336 360 4369; x_wconf 90' lang='lat' dir='ltr'><strong>v.</strong></span> <span class='ocrx_word' id='word_1_362' title='bbox 378 4323 424 4370; x_wconf 91' lang='lat' dir='ltr'><strong>ool.</strong></span> <span class='ocrx_word' id='word_1_363' title='bbox 436 4324 491 4372; x_wconf 75' lang='lat'><strong>730.</strong></span> <span class='ocrx_word' id='word_1_364' title='bbox 504 4320 549 4384; x_wconf 59' lang='lat' dir='ltr'><strong>it]</strong></span> <span class='ocrx_word' id='word_1_365' title='bbox 836 4322 985 4371; x_wconf 81' lang='lat' dir='ltr'><strong>Sanctorum</strong></span> <span class='ocrx_word' id='word_1_366' title='bbox 1024 4324 1155 4385; x_wconf 73' lang='lat' dir='ltr'><strong>patientius</strong></span> <span class='ocrx_word' id='word_1_367' title='bbox 1192 4320 1365 4386; x_wconf 75' lang='lat' dir='ltr'><strong>comprobatio</strong></span> 
     </span>
     <span class='ocr_line' id='line_1_41' title="bbox 297 4385 1124 4451; baseline 0.004 -18"><span class='ocrx_word' id='word_1_368' title='bbox 297 4394 309 4416; x_wconf 79' lang='lat'><strong>¹²</strong></span> <span class='ocrx_word' id='word_1_369' title='bbox 327 4386 353 4450; x_wconf 88' lang='lat'><strong>[“</strong></span> <span class='ocrx_word' id='word_1_370' title='bbox 362 4385 444 4443; x_wconf 79' lang='lat' dir='ltr'><strong>Quare</strong></span> <span class='ocrx_word' id='word_1_371' title='bbox 462 4390 547 4435; x_wconf 80' lang='lat' dir='ltr'><strong>sutem</strong></span> <span class='ocrx_word' id='word_1_372' title='bbox 567 4390 624 4449; x_wconf 86' lang='lat' dir='ltr'><strong>post</strong></span> <span class='ocrx_word' id='word_1_373' title='bbox 642 4386 792 4435; x_wconf 79' lang='lat' dir='ltr'><strong>interfectio</strong></span> <span class='ocrx_word' id='word_1_374' title='bbox 836 4387 954 4436; x_wconf 82' lang='lat' dir='ltr'><strong>ost”-S.</strong></span> <span class='ocrx_word' id='word_1_375' title='bbox 969 4387 1038 4437; x_wconf 87' lang='lat' dir='ltr'><strong>Hier.</strong></span> <span class='ocrx_word' id='word_1_376' title='bbox 1050 4386 1124 4451; x_wconf 83' lang='lat' dir='ltr'><strong>ibid]</strong></span> 
     </span>
     <span class='ocr_line' id='line_1_42' title="bbox 264 4449 1024 4513; baseline 0.004 -15"><span class='ocrx_word' id='word_1_377' title='bbox 264 4465 324 4499; x_wconf 82' lang='lat' dir='ltr'><strong>nem</strong></span> <span class='ocrx_word' id='word_1_378' title='bbox 336 4451 489 4499; x_wconf 79' lang='lat' dir='ltr'><strong>Antichristi</strong></span> <span class='ocrx_word' id='word_1_379' title='bbox 503 4449 670 4513; x_wconf 74' lang='lat' dir='ltr'><strong>quadraginin</strong></span> <span class='ocrx_word' id='word_1_380' title='bbox 681 4451 792 4513; x_wconf 88' lang='lat' dir='ltr'><strong>quinquo</strong></span> <span class='ocrx_word' id='word_1_381' title='bbox 868 4460 878 4481; x_wconf 86' lang='lat'>&#39;</span> <span class='ocrx_word' id='word_1_382' title='bbox 896 4452 949 4501; x_wconf 86' lang='lat' dir='ltr'><strong>Col.</strong></span> <span class='ocrx_word' id='word_1_383' title='bbox 962 4452 988 4501; x_wconf 90' lang='lat' dir='ltr'><strong>ii.</strong></span> <span class='ocrx_word' id='word_1_384' title='bbox 1001 4455 1024 4502; x_wconf 87' lang='lat'><strong>3.</strong></span> 
     </span>
     <span class='ocr_line' id='line_1_43' title="bbox 261 4513 792 4576; baseline 0 -11"><span class='ocrx_word' id='word_1_385' title='bbox 261 4513 360 4566; x_wconf 85' lang='lat' dir='ltr'><strong>dierum</strong></span> <span class='ocrx_word' id='word_1_386' title='bbox 372 4514 504 4564; x_wconf 87' lang='lat' dir='ltr'><strong>silentium</strong></span> <span class='ocrx_word' id='word_1_387' title='bbox 516 4519 562 4576; x_wconf 82' lang='lat' dir='ltr'><strong>est,</strong></span> <span class='ocrx_word' id='word_1_388' title='bbox 574 4514 668 4565; x_wconf 69' lang='lat' dir='ltr'><strong>divinoe</strong></span> <span class='ocrx_word' id='word_1_389' title='bbox 679 4516 792 4565; x_wconf 77' lang='lat' dir='ltr'><strong>scientius</strong></span> 
     </span>
    </p>
   </div>
   <div class='ocr_carea' id='block_1_9' title="bbox 0 0 1460 4926">
    <p class='ocr_par' dir='ltr' id='par_1_22' title="bbox 0 0 1460 4926">
     <span class='ocr_line' id='line_1_44' title="bbox 0 0 1460 4926; baseline 0 0"><span class='ocrx_word' id='word_1_390' title='bbox 0 0 1460 4926; x_wconf 95' lang='lat' dir='ltr'><strong> </strong></span> 
     </span>
    </p>
   </div>
  </div>
 </body>
</html>
