2910 4926
264 268 331 331 280
580 281 623 329 so
645 280 836 330 oenomaus
856 278 1056 328 amrinum

264 434 477 522 tautologiam
499 438 552 502 hio
570 439 639 522 jam
661 437 892 522 repetendum:
916 435 1100 499 Declaravit
1121 457 1160 500 co
1173 456 1269 499 versu
1283 454 1373 517 pre·

266 547 387 624 ceptum
400 542 550 624 primum,
566 563 632 605 non
652 539 714 604 hoc
731 541 909 604 secundum.
955 540 1028 603 Hoc
1047 540 1371 618 rememorantem

267 645 326 709 sibi
348 645 510 730 propriam
533 645 619 708 dicat
633 643 838 727 vindicatque
861 642 1091 722 adorationem,
1108 664 1205 726 quam
1227 643 1372 707 Maritus

267 748 456 831 pudicitiam
477 748 586 812 uxoris
609 768 693 811 suae:
722 769 819 831 quam
842 747 869 810 si
890 746 1064 831 prostituat
1086 746 1234 829 cuiquam
1253 746 1372 810 mulier

266 850 399 930 lubrica,
415 852 535 914 frustra
550 872 583 915 se
598 858 739 930 excuset,
755 872 822 913 uon
841 848 1005 913 moechum
1021 870 1078 932 pro
1097 849 1224 927 marito,
1240 848 1297 913 sed
1313 870 1372 933 pro

267 961 409 1017 amatore
420 954 589 1032 habuisse;
609 976 676 1018 nou
688 954 855 1018 admisisse
869 952 971 1030 illum,
983 958 1022 1014 ut
1037 953 1078 1015 sit
1089 951 1150 1015 sibi
1164 973 1222 1034 pro
1232 952 1352 1016 marito
1360 977 1371 1031 ;

267 1055 323 1120 sed
345 1057 400 1134 ita,
423 1064 461 1120 ut
483 1057 619 1119 maritus
642 1056 703 1120 sibi
726 1064 837 1120 tamen
860 1057 945 1118 solus
968 1055 1109 1133 futurus,
1133 1075 1193 1118 uec
1219 1075 1289 1118 cum
1314 1056 1372 1131 illo

268 1161 359 1238 alius,
376 1159 425 1223 vel
433 1166 552 1241 preter
566 1161 664 1224 illum.
709 1161 753 1224 Et
767 1159 864 1223 vestri
879 1158 923 1236 hi,
939 1179 1006 1222 non
1025 1158 1144 1237 miuus,
1159 1179 1218 1243 pro
1231 1158 1372 1222 Idolola-

148 1268 214 1331 204
269 1263 329 1325 tris
355 1262 504 1340 habendi,
532 1284 629 1345 quam
654 1262 711 1326 illa
739 1284 797 1345 pro
815 1262 1005 1343 fornicaria.
1051 1261 1159 1339 Nosti,
1183 1283 1281 1345 quam
1307 1262 1372 1327 ista

268 1369 461 1429 conveniant
483 1366 569 1428 inter
591 1386 637 1444 se,
661 1373 694 1429 et
716 1366 900 1428 adoratores
919 1365 1015 1428 hosce
1033 1385 1129 1447 quam
1150 1363 1310 1429 familiare
1329 1367 1372 1431 sit

269 1468 403 1551 Spiritui
421 1469 540 1531 Sancto
551 1467 747 1549 fornicarios
761 1468 979 1551 pronuntiare.

300 1620 368 1671 Nam
380 1621 474 1684 alioqui
482 1620 597 1670 solebant
602 1620 618 1670 J
620 1619 687 1670 udaei
695 1621 808 1671 venerari
817 1621 937 1684 prostrati
945 1620 977 1671 ad
987 1624 1081 1670 terram
1089 1620 1215 1683 imagines
1223 1619 1372 1681 Cherubim,

330 1707 357 1752 st
372 1703 423 1753 alia
438 1718 495 1767 quas
512 1706 585 1751 eraut
600 1703 628 1751 in
645 1702 941 1768 Propitiatorio.—[Bell.
952 1702 1026 1767 Apol.
1038 1718 1083 1767 pro
1101 1702 1372 1769 Resp.]p.115.[0p.,

332 1789 393 1833 tom.
402 1784 446 1833 vil.
457 1785 504 1834 eol.
517 1783 572 1835 769.
586 1781 626 1848 Β.]

105 1911 255 1978 [venantio
310 1893 355 1954 At
373 1892 537 1954 Cherubim
547 1892 581 1954 tn
594 1892 822 1974 Propitiatcrio
836 1892 940 1954 Jndaei
948 1894 1108 1974 prostrati
1122 1893 1167 1955 ad
1176 1898 1295 1955 terram
1308 1914 1371 1957 non

104 1983 242 2108 ffimou]
267 1995 449 2059 adorarunt.
497 1995 595 2058 Haud
612 1995 698 2058 enim
713 1995 777 2058 illis
792 2016 936 2077 unquam
952 2017 990 2059 eo
1004 2002 1173 2078 penetrare
1188 1995 1289 2073 licuit,
1306 2016 1372 2080 quo

266 2096 326 2160 soli
357 2096 523 2161 Sacerdoti
553 2119 689 2176 summo,
718 2097 816 2181 idque
846 2099 945 2162 semel
975 2099 1011 2162 in
1040 2119 1126 2160 auno
1154 2103 1295 2177 tantum,
1322 2099 1371 2162 fas

265 2199 402 2282 ingredi.
448 2200 535 2262 Nam
560 2206 722 2264 veneratos
744 2221 815 2264 esse
840 2222 896 2265 eos
921 2202 1071 2263 Sanctum
1092 2200 1279 2262 Sanctorum
1303 2221 1371 2264 non

266 2300 462 2381 dubitamus,
490 2302 545 2386 qui
571 2312 604 2367 et
629 2303 690 2385 ipsi
718 2304 843 2384 Templa
868 2323 1070 2367 veneramur:
1102 2301 1160 2366 sed
1185 2303 1227 2366 ad
1252 2304 1369 2368 adoru-

267 2405 381 2468 tionem
394 2404 491 2468 nimis
506 2414 643 2489 angusta
657 2407 826 2469 venerandi
840 2428 911 2470 vox.

301 2556 372 2614 Quod
385 2593 390 2605 .
402 2593 408 2605 .
421 2593 427 2605 .
439 2557 569 2619 colligitur
580 2573 610 2607 cx
622 2572 681 2607 voco
694 2555 820 2608 Hebraica
830 2559 858 2607 iu
874 2594 880 2608 .
893 2596 899 2608 .
912 2557 977 2607 Psal.
989 2574 1013 2608 v.
1031 2558 1162 2609 ‘Adorabo
1172 2558 1205 2608 ad
1218 2557 1372 2623 templum:

333 2673 358 2685 ..
374 2672 380 2685 .
395 2641 421 2686 ct
433 2636 499 2686 Psal.
511 2637 704 2703 xcviii-[Bell.
722 2638 796 2701 Apol.
811 2654 856 2702 pro
877 2639 963 2703 Resp]
982 2655 1006 2703 p.
1020 2642 1074 2690 116.
1094 2640 1162 2704 [Op.,
1180 2645 1241 2689 tom.
1256 2642 1301 2690 vii.
1321 2641 1369 2691 col.

332 2716 387 2767 roa.
400 2717 429 2769 a.
442 2717 482 2782 a]

308 2827 358 2889 De
374 2825 524 2903 Seabello,
540 2847 606 2888 non
622 2835 741 2910 repeto.
786 2828 935 2890 Aderabo
951 2836 1059 2891 autem
1075 2829 1119 2891 ad
1135 2831 1310 2911 Templum:
1335 2831 1372 2893 id

267 2926 301 2987 in
333 2927 454 3006 Templo
485 2934 543 3005 est,
570 2927 620 2989 vel
648 2929 804 3009 Templum
832 2951 949 3008 versus,
980 2952 1046 2994 uon
1079 2931 1234 3013 Templum
1263 2931 1368 3015 ipsum

267 3027 410 3107 adorare,
426 3028 539 3092 itidem
555 3050 615 3094 neo
631 3030 824 3096 Scabellum.

299 3178 362 3228 Cum
379 3180 514 3244 coepissent
525 3216 550 3229 ..
565 3182 720 3231 ‚sacrificare
736 3185 848 3246 serpenti
867 3199 951 3242 senem
975 3191 1104 3248 coeperunt
1121 3186 1195 3235 illum
1213 3186 1305 3237 habere
1322 3201 1368 3251 pro

331 3262 392 3323 Deo,
405 3300 411 3312 .
424 3298 429 3310 .
442 3299 448 3313 .
461 3270 487 3313 et
502 3263 559 3313 ideo
572 3264 639 3313 zelus
650 3301 656 3313 .
669 3301 675 3313 .
687 3300 693 3313 .
707 3265 808 3315 lizekiae
823 3267 897 3315 illum
909 3267 1058 3330 confregit..
1073 3304 1098 3316 ..
1112 3268 1207 3331 Corpus
1223 3268 1302 3318 Mosis
1314 3269 1368 3319 aba

329 3346 461 3396 conditum
476 3348 532 3406 fuit,
544 3362 576 3396 ne
592 3348 619 3396 in
632 3347 733 3397 Idolum
744 3350 1000 3414 veneretur-[Bell.
1015 3350 1088 3414 Apol.
1100 3366 1145 3414 pro
1157 3350 1240 3415 Resp]
1252 3366 1295 3416 pp.
1310 3354 1365 3403 115.

331 3430 385 3477 116.
399 3427 465 3492 [ορ,,
476 3433 537 3478 tom.
549 3429 594 3478 vii.
606 3429 651 3478 col.
664 3429 720 3480 769.
733 3428 771 3493 0.]

105 3543 226 3622 [Serpens
309 3534 441 3598 Frustra
466 3542 575 3598 autem
601 3535 747 3599 suadebit
768 3538 957 3614 Cardinalis,
981 3538 1032 3601 vel
1054 3538 1194 3602 frustum
1215 3540 1286 3602 aeris
1303 3561 1368 3621 pro

102 3622 228 3723 ffiffim
264 3637 332 3699 Deo
354 3637 498 3699 habenae
520 3638 656 3715 Judaeos,
680 3640 731 3702 vel
756 3640 890 3703 cadaver
911 3641 1061 3724 putidum
1085 3663 1147 3722 pro
1173 3643 1241 3706 Deo
1266 3643 1367 3708 fuisse

102 3752 195 3851 *effla
204 3754 253 3790 me
265 3737 443 3801 habituros.
491 3740 624 3802 Suffitus
647 3741 802 3805 honorem
826 3743 969 3806 divinum
997 3744 1189 3827 impendisse
1215 3748 1365 3830 serpenti,

101 3816 229 3934 diruatis]
264 3851 389 3907 certum
416 3850 488 3905 est:
522 3844 626 3908 simile
657 3846 754 3909 etiam
785 3847 863 3930 quid
891 3842 985 3911 Mosi'
1002 3857 1130 3912 mortuo
1155 3850 1366 3932 impensuros.

267 3944 363 4011 Quod
388 3946 579 4029 Serpentem
605 3950 708 4027 vertit,
733 3949 836 4012 Mosis
862 3951 996 4013 cadaver
1017 3954 1160 4014 vertisset
1182 3953 1216 4014 in
1238 3953 1365 4016 idolum.

268 4045 430 4128 Corrsrepit
445 4058 626 4131 serpentem
642 4051 720 4127 Rex,
738 4052 891 4136 quiajam
906 4074 1012 4116 versus
1026 4054 1061 4117 in
1075 4054 1208 4117 idolum.
1239 4057 1368 4118 Amavit

266 4149 368 4213 Mosis
391 4149 525 4214 cadaver
547 4153 647 4230 Deus,
663 4174 705 4215 ne
727 4161 833 4235 posset
854 4156 943 4218 verti.
989 4157 1097 4218 Zelum
1118 4157 1224 4238 Rupis,
1241 4158 1366 4241 sapien·

263 4252 343 4316 tiam
360 4253 421 4317 Dei
436 4254 554 4317 imitati
570 4262 657 4332 sunt,
673 4255 728 4337 qui
743 4256 959 4339 consreperaat
973 4258 1131 4341 imagines
1146 4268 1278 4338 veteres,
1295 4284 1367 4345 quae

264 4356 472 4435 vertebantur,
504 4364 744 4421 summoverunt
775 4380 883 4437 novas,
915 4381 956 4424 ne
988 4362 1021 4423 in
1047 4363 1132 4427 idola
1160 4369 1366 4431 verterentur.

264 4460 468 4542 Quanquam,
485 4461 644 4543 quomodo
659 4463 738 4524 verti
749 4468 857 4544 posset
873 4464 907 4525 in
925 4464 1040 4527 idolum
1059 4487 1170 4547 corpus
1184 4468 1297 4547 Musis,
1312 4469 1367 4534 vix
