2910 4926
269 304 337 367 291
583 316 626 363 sn
647 314 839 363 canonius
860 313 1061 365 smmum

334 484 392 520 cum
400 469 437 520 eis
446 471 629 529 emeliniam,
639 469 731 532 sdjecit
743 506 749 517 .
761 507 768 518 .
779 505 786 516 .
799 467 872 518 ‘Non
884 468 1028 531 relinqunt
1039 482 1085 517 ros
1097 465 1376 531 omnisve-[not

335 552 409 616 Apol
419 567 466 616 pro
477 551 561 616 Resp]
571 554 660 615 pisa
672 552 743 616 [Op.,
753 556 816 600 tons
825 551 869 599 rii
881 551 929 600 col
938 552 994 601 iit.
1004 549 1049 614 B.]

109 664 259 743 [Sopatrus
316 653 455 716 Faeessit
479 675 555 716 sero
576 653 638 717 sibi
659 653 836 736 negotium,
851 660 889 715 nt
912 651 1037 730 doceat,
1058 671 1126 714 non
1147 649 1338 713 abfuturum
1357 672 1377 713 s

109 731 243 860 ’ἄξω
271 754 364 819 nobis
386 755 575 833 Christum3
608 756 700 840 quasi
732 764 764 819 et
782 757 950 837 presentis
971 757 1055 818 vices
1077 776 1145 818 non
1167 753 1252 817 sint:
1284 753 1376 836 quasi

271 858 446 941 Augustini
460 859 494 921 id
509 858 607 921 verba
620 880 687 922 non
701 858 818 935 ierant,
831 860 879 921 eie
887 879 951 939 pro
964 859 1077 939 serpso,
1092 863 1127 919 st
1141 862 1172 919 et
1186 856 1259 939 Ipoe
1272 862 1376 919 tameo

271 981 341 1024 cum
355 959 538 1041 eissuturus
549 963 644 1024 etiam
658 967 748 1023 esset.
781 962 901 1025 Caveat
912 981 988 1023 vero
1002 960 1055 1023 hic
1069 959 1261 1036 Cardinalis,
1270 979 1376 1042 neque

273 1063 333 1126 sibi
359 1064 446 1126 dieat
471 1085 537 1128 non
562 1064 764 1147 praedictum.
820 1064 909 1127 Nam
936 1063 964 1126 si
979 1064 1147 1144 procreatis
1169 1064 1253 1126 cicer
1278 1062 1377 1125 nullae

273 1173 350 1228 sunt
368 1170 412 1248 (et
427 1167 576 1230 Christus
591 1188 717 1250 semper
725 1168 890 1248 moenis),
902 1165 1082 1249 superfluus
1097 1174 1170 1228 tum
1184 1165 1258 1243 erit,
1270 1174 1305 1229 et
1321 1166 1378 1248 (ita

274 1270 403 1352 quidem
418 1270 596 1353 superfluus
611 1273 671 1353 est)
689 1269 842 1351 Pontisec
854 1270 933 1354 ipse.
978 1271 1088 1352 Atque
1106 1268 1168 1332 hoc
1184 1290 1223 1333 ex
1237 1289 1294 1333 ore
1308 1269 1378 1353 ipso

275 1374 463 1437 Cardinalis

307 1506 428 1556 Promisit
444 1507 568 1571 Spiritum
585 1507 714 1569 Suriam,
730 1512 760 1558 ut
776 1507 933 1557 invisibilem
946 1512 1022 1571 atque
1035 1507 1097 1571 [leg.
1109 1507 1153 1572 ac]
1168 1508 1299 1557 internum
1315 1505 1378 1557 Deo

340 1595 428 1649 torem,
439 1593 465 1638 et
472 1588 667 1651 Consolatorem,
678 1589 704 1639 S.
710 1589 823 1649 Petrum,
834 1596 863 1639 ut
874 1589 1002 1639 risibilem
1012 1589 1151 1650 Rectorem,
1162 1596 1239 1653 atque
1247 1589 1377 1640 Pastorem

340 1672 368 1720 in
378 1672 454 1721 terris
464 1671 519 1722 loco
531 1687 577 1722 suo
592 1671 813 1736 reliquit—[Bell
824 1671 899 1735 Apol.
911 1686 957 1737 pro
968 1670 1057 1736 Rup]
1069 1686 1093 1736 p.
1104 1673 1159 1721 122
1179 1671 1251 1736 [Op.,
1261 1677 1325 1722 tom.
1332 1670 1377 1720 rii.

340 1753 386 1802 ool
393 1753 449 1804 773.
462 1751 504 1818 1.]

113 1862 150 1931 [s.
160 1862 249 1913 Petrus
319 1853 368 1916 Ex
383 1852 528 1916 uberiore
542 1861 653 1916 tamen
668 1851 772 1936 gratis
786 1874 853 1931 sua,
873 1874 942 1916 nou
964 1850 1105 1916 excludit
1128 1851 1257 1935 penitus
1273 1852 1376 1934 Spiri-

112 1927 255 2043 {ffiffiss
276 1962 340 2019 tum
363 1960 521 2035 Sanctum,
551 1963 589 2019 ut
618 1956 743 2032 doceat,
771 1964 805 2019 et
828 1956 957 2038 dirigat,
983 1956 1147 2040 Apostolis
1171 1954 1376 2040 promissum,

113 2054 263 2123 innector]
275 2068 372 2143 atque
397 2059 531 2123 missum
542 2087 551 2138 3
575 2059 633 2122 sed
649 2059 774 2123 asciscit
798 2059 829 2122 ei
854 2059 1020 2142 collegam,
1042 2060 1176 2122 Petrum
1198 2058 1288 2136 olim,
1307 2060 1377 2143 jam

275 2163 412 2225 Paulum
424 2162 464 2226 V.
502 2162 554 2226 Sic
569 2171 678 2225 autem
694 2161 842 2244 dispescit
857 2161 911 2225 hic
926 2161 1112 2244 dignitates,
1128 2170 1167 2225 ut
1181 2162 1322 2243 Spiritus
1336 2162 1378 2225 sit

275 2265 439 2328 invisibilis
460 2266 580 2330 Doctor
602 2271 633 2328 et
653 2266 845 2343 consolator,
868 2272 901 2328 et
922 2265 1043 2329 Rector
1066 2265 1237 2329 internus:
1261 2265 1378 2328 Petnrs

274 2369 406 2432 visibilis
431 2370 546 2432 Rector
571 2375 601 2432 et
622 2370 741 2431 Pastor
761 2375 792 2431 et
814 2369 935 2431 Doctor
956 2374 1113 2432 certemus.
1158 2368 1282 2432 Narrat
1308 2368 1378 2433 brec

277 2472 464 2551 Cardinalis‚
479 2481 513 2537 at
528 2473 621 2536 aliter
635 2471 728 2536 nobis
743 2493 811 2535 rem
826 2479 936 2535 nanat
948 2472 1134 2556 Apostolus.
1179 2473 1259 2537 Nou
1274 2494 1377 2537 unum

277 2576 449 2638 Pastorem.
480 2577 655 2653 Doctoreru,
671 2576 832 2639 Rectorem
854 2598 873 2638 a
896 2576 1026 2640 Christo
1048 2576 1169 2654 datum,
1193 2577 1250 2641 sed
1271 2577 1379 2660 plures

278 2679 460 2754 Postoresfl,
485 2679 645 2755 Doctores,
679 2675 916 2763 κυβερνήσειςο.
963 2679 1041 2742 Non
1064 2679 1379 2761 unum,sedp1ures

277 2776 433 2864 ὑπερλίαν
447 2775 653 2847 ἀποστόλους
662 2792 695 2858 ¹²3
711 2802 777 2843 non
787 2802 899 2857 unum,
910 2779 965 2842 sed
972 2781 1082 2860 plures
1094 2780 1268 2857 Columnas,
1279 2781 1378 2843 Joon-

277 2898 345 2940 nem
363 2885 396 2940 et
411 2878 561 2940 Jccobum
577 2899 644 2941 cum
660 2879 756 2941 Petro
763 2891 787 2942 q.
833 2879 968 2940 Paulum
984 2888 1102 2956 autem,
1119 2879 1216 2941 nitito
1232 2880 1281 2940 tris
1298 2877 1377 2959 inse-

276 2982 400 3059 riorem,
426 2978 526 3062 μηδὲν
549 2978 772 3065 ὑστεροῦντας
800 2990 833 3045 et
856 2982 943 3062 cujm
965 2983 1063 3062 ipsius
1085 2983 1238 3044 instantio
1261 2983 1378 3044 sollici-

277 3085 351 3147 tudo
381 3086 515 3147 omnium
543 3086 785 3148 Eccleeicmnv.
835 3086 974 3165 Spiritus
1002 3086 1179 3165 promissus
1203 3084 1377 3149 Ecclesiae:

277 3188 402 3270 Petrus,
424 3189 612 3270 (promissus
635 3210 702 3251 non
725 3188 830 3270 potuit
856 3186 973 3268 dicere)
992 3187 1082 3265 dixit,
1105 3189 1234 3250 relictus
1255 3194 1377 3251 tamen.

277 3291 319 3352 In
341 3292 468 3374 queris
491 3291 672 3373 argumenti
695 3291 796 3372 Remi,
818 3289 903 3373 quod
926 3291 1085 3372 pollicitus
1108 3312 1191 3374 saepe
1207 3290 1377 3373 Spiritum,

277 3393 360 3475 quod
397 3394 589 3476 promissum
619 3393 680 3456 hoc
710 3415 793 3476 saepe
819 3393 988 3456 inculcarit
1018 3394 1178 3472 Christus,
1211 3395 1380 3476 (tanquam

276 3497 385 3578 magni
400 3497 556 3559 momenti
571 3499 664 3579 rem,)
688 3498 837 3580 Apostoli
862 3497 995 3561 sollicite
1017 3496 1226 3580 expectarint.
1270 3497 1317 3559 At
1338 3496 1380 3560 de

278 3600 374 3662 Petro
389 3599 434 3662 sic
448 3600 657 3680 relinquendo,
669 3600 859 3682 promissum
875 3600 1012 3677 nullum,
1029 3609 1062 3663 et
1078 3598 1228 3684 quicquid
1243 3598 1378 3676 factum,

276 3701 396 3765 lactum
413 3702 452 3765 ab
472 3702 684 3785 inexpectato.
729 3703 782 3766 Ad
807 3703 899 3766 littus
924 3705 1020 3767 maris
1046 3703 1111 3766 duo
1132 3703 1214 3766 forte
1232 3701 1378 3780 aderant,

276 3805 420 3883 veltres,
445 3805 499 3888 qui
522 3805 679 3888 piscatum
702 3805 824 3885 ierant3
859 3807 990 3889 reliquis
1014 3806 1212 3871 absentibus.
1258 3807 1303 3869 Et
1323 3805 1380 3871 hic

276 3908 364 3971 locus
377 3908 534 3990 (scilicet),
548 3910 609 3973 hoc
624 3917 752 3992 tempus
764 3910 907 3973 Rectoris
922 3910 1120 3994 designandi,
1136 3919 1269 3993 repente
1284 3932 1322 3974 ac
1337 3910 1379 3975 ab

276 4011 458 4095 improvise.
503 4015 548 4077 At
572 4035 640 4077 non
665 4014 692 4076 is
716 4035 786 4075 mos
813 4022 861 4076 est
883 4014 1046 4076 Rectorem
1071 4034 1220 4075 somnium
1242 4013 1379 4096 inaugu-

276 4115 369 4179 randi
380 4141 389 4193 ;
422 4118 500 4199 quin
526 4118 629 4180 multo
653 4116 830 4180 sublimior.
887 4117 985 4180 Mons
1011 4138 1086 4181 vero
1110 4117 1252 4181 Galilaeae
1273 4118 1381 4201 aptior

308 4296 326 4319 ·
343 4288 378 4353 [S.
386 4289 452 4351 Aug.
468 4288 549 4338 'l'rsct
561 4287 630 4337 lxxv.
651 4289 679 4337 in
697 4287 804 4337 ssoan.
882 4296 893 4327 Ρ
911 4287 994 4338 icor.
1007 4287 1041 4335 xi.
1054 4291 1084 4346 ῦς
1101 4288 1145 4337 xii.
1156 4291 1195 4338 11.

276 4351 372 4413 hang.
384 4355 427 4415 ll.
440 4353 496 4417 Op..
507 4356 568 4402 tom.
580 4354 616 4402 iii.
628 4353 674 4403 col.
684 4355 755 4405 2271.
765 4352 803 4417 Q]
880 4362 891 4391 ‘³
909 4351 962 4401 Gai.
975 4353 1002 4401 ii.
1015 4357 1037 4402 9.

308 4424 321 4449 ¹
337 4416 428 4481 Ephes
440 4419 473 4467 iv.
483 4419 522 4466 11.
880 4427 889 4450 ¹
907 4419 922 4465 2
936 4416 991 4466 Cor.
1003 4418 1037 4466 xi.
1051 4422 1073 4467 5.

81 4430 250 4640 R
307 4488 321 4515 ⁰
338 4480 421 4532 iiior.
434 4482 480 4531 xii.
491 4483 530 4531 28.
878 4491 887 4514 ·
905 4482 988 4532 tt'or.
1000 4483 1035 4532 xi.
1048 4484 1086 4533 28.
