2910 4926
452 296 634 345 araucensi
657 296 839 345 nrsrorsro.
1177 284 1197 343 3

89 450 191 531 pungi
205 470 286 532 opus
301 451 343 515 sit
358 473 479 531 senem.
520 454 612 517 Sinat
627 475 704 537 ergo
719 454 836 518 dehinc
847 455 915 538 jam
931 452 1196 535 interquiescere,

93 554 276 637 lampadem
300 557 370 641 ejus
393 558 449 621 alii
472 559 568 622 alicui
587 559 704 637 tradat,
725 559 764 640 (si
785 557 881 621 modo
902 565 950 620 est
971 557 1052 620 alius
1068 557 1193 640 aliquis)

92 655 129 721 in
145 658 363 724 cardinalium
380 669 476 740 coetu,
493 663 548 746 qui
563 671 677 726 astum
692 661 775 726 ferre
789 662 905 746 possit,
916 669 949 724 et
964 661 1090 744 pondus
1105 661 1193 726 dieis.

94 761 193 840 Nam,
212 763 290 846 quid
313 765 446 829 tandem
470 766 553 829 libro
578 767 639 829 hoc
663 787 786 849 nupero
807 765 935 849 reponit
958 764 1060 839 nobis,
1081 773 1197 847 praeter

15 896 23 909 ·
93 867 242 946 cophinos
262 867 385 951 aliquot
402 868 654 952 srupmentorum
674 870 714 933 de
733 871 958 933 Controversia
978 869 1068 933 suis?
1114 891 1194 952 quae,

94 968 172 1031 olim
196 969 341 1035 novitate
364 994 422 1036 sua
440 973 576 1056 venales,
597 975 667 1057 jam
689 975 767 1037 satis
789 973 953 1056 inspectae,
970 971 1101 1035 fastidio
1122 973 1194 1036 fini·

93 1071 183 1137 tima
197 1082 283 1137 sunt.

137 1177 259 1242 Merito
284 1179 416 1244 interim
443 1189 562 1264 quaerat
589 1182 716 1258 Lector,
742 1202 804 1264 quo
830 1181 923 1245 nobis
949 1181 1064 1245 abierit
1089 1183 1193 1265 Caput
1272 1187 1292 1248 3

91 1279 199 1361 ipsum
214 1284 439 1362 contentionis,
459 1285 592 1357 Qroestio
602 1286 771 1367 primaria,
788 1285 825 1347 de
839 1284 986 1366 Regibus,
1003 1291 1077 1366 post
1092 1286 1194 1348 Buttae
1209 1294 1306 1359 [eaput
1323 1297 1358 1360 ip

91 1382 309 1465 ecetram,
344 1389 422 1450 sora
451 1389 669 1452 cantanda.
701 1389 739 1452 a
771 1387 904 1450 aerata
933 1387 1001 1468 flue
1038 1389 1194 1451 emanue.
1208 1361 1337 1475 ffiffffi

91 1487 192 1566 Nam,
222 1488 262 1552 de
294 1490 467 1572 quaestione
500 1492 561 1556 hac
582 1502 661 1569 tota,
691 1493 726 1556 in
752 1499 822 1557 tota
849 1492 909 1554 hac
938 1490 1096 1573 Apologia
1126 1513 1193 1570 sua,
1208 1489 1328 1553 omittit]

91 1590 194 1653 altum
221 1592 383 1656 cardinali
409 1595 598 1672 silentium
633 1596 724 1679 quasi
753 1594 793 1658 de
822 1595 890 1657 acie
919 1593 1088 1676 profugere
1113 1593 1193 1677 jam,

91 1702 127 1756 et
151 1716 288 1759 vacuum
317 1697 411 1761 nobis
439 1720 587 1783 campum
616 1701 806 1783 relinquere,
836 1699 871 1761 in
901 1698 1009 1761 animo
1039 1698 1069 1761 ei
1098 1706 1192 1762 esset.

91 1796 233 1860 Deserta
255 1799 343 1862 enim
366 1801 470 1864 Causa
491 1802 667 1885 principali,
687 1802 777 1884 quasi
794 1805 988 1882 properetur
1006 1799 1075 1882 ipse
1098 1822 1194 1881 quaea·

92 1900 177 1963 tione
206 1923 272 1981 sua,
302 1903 350 1966 ita
377 1905 490 1987 recipit
521 1927 554 1969 se
587 1909 666 1990 jam,
697 1906 737 1969 ad
766 1906 853 1969 locos
891 1926 965 1968 suos
998 1925 1193 1983 communes,

91 2004 144 2067 De
167 2005 279 2085 Missa,
305 2007 470 2093 Reliquiis,
495 2010 693 2092 Purgatorio,
714 2019 867 2093 tanquam
892 2008 933 2072 ad
956 2009 1078 2071 Molem
1102 2031 1193 2072 suam

93 2105 274 2172 Hadriani:
296 2108 343 2173 ibi
364 2111 467 2174 latum
482 2132 631 2195 campum
649 2113 768 2195 reperit
783 2110 980 2175 excurrendi.
1029 2112 1079 2175 Dc
1096 2113 1193 2194 Regi·

90 2214 153 2277 bus
176 2237 195 2278 a
222 2217 377 2281 Pontifice
400 2217 605 2302 deponendis,
632 2215 705 2282 οὐδὲ
724 2221 803 2304 ppt:
828 2219 867 2281 de
889 2224 1048 2301 potestate
1070 2218 1111 2281 ad
1133 2219 1193 2282 hoc

92 2319 269 2398 Pontificis,
285 2318 357 2385 οὐδὲ
370 2323 425 2403 μῦ.

136 2425 249 2508 Atqui,
275 2426 372 2509 Regis
397 2427 453 2490 illa
477 2426 568 2490 Fidei
594 2426 761 2504 confessio,
790 2429 897 2509 (quam
921 2447 1051 2490 necesse
1077 2426 1192 2490 habuit

90 2527 279 2613 adjungere,
295 2530 391 2594 toties
406 2552 426 2593 a
440 2530 611 2596 Cardinale
632 2530 800 2593 traductus
819 2550 958 2612 pronon
974 2529 1189 2610 christinam)

91 2639 175 2708 tum,
201 2652 272 2715 quae
301 2633 341 2696 de
370 2633 572 2697 Antichristo
601 2631 646 2696 ibi
676 2632 872 2710 inseruntur,
904 2633 978 2714 (quo
1002 2632 1192 2695 Pontificem

91 2736 299 2800 Antichristo
321 2737 416 2820 longe
438 2737 543 2820 magis
566 2738 694 2801 affinem
717 2757 786 2800 esse
800 2743 937 2814 constet,
954 2758 1049 2818 quam
1065 2735 1192 2819 Regem

93 2841 280 2923 Julianossq
317 2841 381 2905 llla
408 2841 562 2924 (inquam)
592 2841 666 2919 duo,
693 2838 903 2925 παραφυάδες
927 2840 1023 2904 modo
1048 2849 1134 2917 sunt,
1160 2849 1193 2903 et

91 2949 314 3020 consectanea,
331 2964 369 3006 ex
385 2943 550 3007 occasione
564 2950 651 3020 nata,
668 2964 763 3025 quam
780 2941 855 3005 diri.
891 2943 996 3025 Caput
1012 2951 1120 3005 autem
1135 2942 1191 3019 rei,

92 3047 241 3109 Potestas
251 3048 357 3128 Papa,
370 3067 432 3129 qua
443 3053 611 3129 praecatur
624 3049 658 3110 ia
666 3049 838 3128 perniciem
853 3048 1059 3128 Principum:
1084 3067 1192 3109 iaaac·

91 3132 199 3213 niicao
227 3152 311 3214 Cleri
338 3153 443 3228 totius,
474 3170 512 3213 ae
541 3152 663 3213 omnino
692 3150 810 3213 subditi
838 3152 924 3214 sint:
956 3152 1068 3232 populi
1097 3152 1192 3213 etium

90 3256 303 3333 manumissio,
329 3276 367 3318 ne
397 3256 515 3317 diutius
543 3257 616 3332 ciat,
643 3274 735 3336 quom
761 3255 797 3315 id
824 3257 871 3316 ita
901 3254 998 3335 Papoe
1027 3255 1190 3317 videatur:

91 3365 218 3441 peteret
240 3357 309 3421 haec
328 3357 516 3435 Cardinalis,
537 3377 608 3439 quae
631 3356 726 3438 plane
749 3355 909 3438 praeterit:
937 3364 1095 3437 premeret
1116 3356 1190 3432 ista,

92 3483 166 3543 quae
189 3462 241 3525 vix
261 3461 461 3544 perstringit.
507 3460 622 3523 Illudit
641 3481 717 3542 ergo
733 3458 872 3522 Caesari:
898 3459 1003 3521 Cardo
1021 3458 1073 3520 hic
1088 3479 1191 3522 causae

91 3573 173 3642 erat,
190 3565 331 3628 deseruit
346 3564 521 3628 Cardinem
536 3563 623 3626 hunc
638 3584 742 3626 causae
757 3562 949 3626 Cardiualis.

137 3670 222 3732 Astu
237 3675 345 3731 autem
367 3669 428 3732 hoc
448 3667 489 3730 ab
510 3666 567 3730 illo
587 3666 718 3730 factum.
764 3666 856 3729 Vidit
872 3666 969 3744 enim,
986 3666 1070 3749 apud
1086 3667 1190 3730 Caesa·

90 3792 161 3836 rem
180 3780 213 3851 et
236 3773 340 3854 Reges
360 3771 519 3854 ingratam
543 3770 620 3848 fore,
638 3771 675 3832 de
690 3771 868 3852 Pontificio,
895 3769 936 3832 ad
957 3770 1040 3832 hanc
1061 3771 1191 3853 quidem

90 3898 160 3940 rom
181 3876 268 3958 (olim
290 3876 331 3939 ab
351 3875 397 3938 eis
417 3880 579 3956 usurpata,
595 3881 629 3935 at
641 3873 709 3955 jam
730 3872 850 3955 ubique
870 3872 1010 3955 explosa)
1023 3880 1190 3954 potestate,

91 3981 375 4063 disceptationem:
406 3977 587 4043 Declinavit
614 3998 690 4059 ergo
716 3986 828 4039 cautus
858 3977 972 4040 homo:
1008 3998 1075 4040 non
1104 3980 1191 4042 enim

86 4091 252 4166 pungeret,
268 4090 452 4148 cruentaret
468 4104 543 4146 eum
558 4082 626 4145 haec
642 4082 786 4164 quaestio.
822 4083 1074 4165 Expergctacere
1089 4084 1193 4147 noluit

122 4285 132 4317 ¹
148 4286 234 4352 [Mass.
247 4302 290 4335 xx.
304 4287 357 4349 12]
664 4285 728 4334 Bell.
746 4285 801 4348 Op,
821 4289 882 4334 tom.
899 4285 944 4335 vii.
966 4286 1011 4334 col.
1029 4288 1084 4334 662.
1102 4285 1144 4341 c.;
1169 4290 1195 4333 et

123 4360 136 4391 t
167 4351 203 4399 De
226 4351 288 4400 Com
307 4352 418 4400 aratione
439 4350 515 4413 Regis
533 4349 622 4399 Jacobi
664 4350 911 4399 conilletensionem
921 4349 1194 4412 Epistinllcsp.'l'orti,

89 4423 116 4465 et
139 4353 238 4465 Jhliani
261 4366 319 4465 viic
343 4416 420 4478 Epist.
442 4416 543 4466 Cardin.
569 4415 623 4464 Bel·
664 4429 707 4477 pp.
722 4416 856 4469 96-101.;
875 4418 902 4462 ct
920 4413 982 4463 Bell.
1001 4414 1056 4475 Op,
1077 4420 1138 4461 tom.
1151 4413 1193 4460 vii.

89 4481 162 4530 larm.
178 4479 246 4545 apud
264 4479 383 4544 Respona
400 4480 481 4540 Torti,
499 4496 522 4544 p.
536 4483 583 4540 53,
596 4484 622 4530 et
663 4478 720 4528 coll.
733 4478 884 4542 osa-685]

879 4566 936 4627 aa
