2910 4926
446 285 629 334 neomenia
650 285 833 335 nsseousro.
1126 275 1190 337 447

91 441 242 504 Ecclesia
250 461 312 521 per
326 439 440 520 fideles
454 440 628 522 Principes,
651 442 715 504 sice
729 441 890 513 soioatar;
913 442 973 504 tlte
986 443 1139 506 rationem
1154 444 1193 506 ab

92 546 138 607 eis
152 544 264 624 eripiet,
275 544 327 623 qai
342 563 445 605 eoram
454 545 607 623 potestati
620 563 708 606 soom
719 544 894 606 Ecclesiam
909 545 1043 607 credidit
1052 557 1074 608 ².
1101 546 1193 609 Prin-

93 647 177 729 cipes
199 667 273 709 vero
297 647 448 708 Pastoces
472 667 491 708 a
512 647 583 709 Deo
606 646 781 724 institutos,
799 667 860 710 nec
884 648 933 729 (ut
948 648 1110 712 Lutherus
1128 670 1194 712 non

93 748 218 830 inscite)
235 749 270 811 in
282 748 403 811 staialo
417 768 593 827 vaccarum,
616 748 671 811 sed
693 748 728 811 in
750 749 896 813 Ecclesia
915 751 989 812 ovili
1011 771 1077 829 sao,
1099 753 1194 834 panio

94 861 170 914 ante
199 850 463 914 monstravimus:
500 871 604 933 neque
630 851 810 915 Cardinoiis
838 851 905 934 ipse
934 873 1052 935 negare
1080 860 1194 936 potest.

96 955 218 1022 Quodsi
240 955 348 1034 Josua,
373 954 513 1032 iudices,
540 953 655 1032 David,
677 956 840 1018 Pmtoree:
868 962 968 1018 restet
991 962 1028 1019 ut
1054 956 1195 1034 Eleazar,

95 1057 241 1135 Phinees,
272 1056 432 1121 Abiethar
460 1078 533 1121 oves
564 1057 639 1120 sint.
683 1057 727 1121 Et
757 1078 790 1120 sc
818 1056 923 1137 filium
947 1058 1098 1122 Ecclesia
1128 1059 1196 1122 Rex

72 1161 260 1244 *agnoscit5
284 1161 442 1236 Ecclesia,
470 1160 575 1243 (dicu)
603 1180 671 1222 non
697 1159 861 1240 Pontificis
884 1167 918 1224 et
943 1161 1104 1239 Ecclesia,
1130 1183 1197 1224 non
1259 1198 1275 1224 t

99 1266 198 1328 Coria
215 1265 361 1327 Romanae
370 1291 381 1337 ;
407 1266 555 1346 (eumque
576 1263 625 1326 ilii
647 1263 801 1327 honorem
817 1263 928 1339 defert,
944 1285 1010 1327 non
1025 1264 1196 1342 illibenter,

95 1390 191 1451 quem
207 1369 359 1432 Salomon
374 1367 542 1432 Bathsebae
557 1367 654 1430 matri
663 1369 685 1448 ς)
710 1367 776 1443 sed,
793 1367 839 1430 its
845 1366 960 1447 fitium,
975 1377 1013 1431 ut
1024 1376 1198 1452 eognoscat

96 1474 163 1534 Deo
185 1492 219 1533 se
241 1471 349 1533 debere
371 1469 502 1532 reddere
523 1472 676 1532 rationem
697 1477 827 1553 propter
848 1470 1033 1546 Ecclesiam,
1059 1493 1155 1554 quum
1179 1493 1198 1534 a

98 1575 227 1638 Christo
242 1573 396 1636 tuendam
411 1572 559 1655 suscepit
583 1573 654 1635 Nec
670 1593 702 1636 se
718 1572 811 1635 aliter
825 1568 892 1636 esee
907 1594 1001 1655 supra
1012 1573 1197 1650 Ecclesiam,

97 1701 193 1762 quam
206 1678 257 1741 uti
272 1677 436 1740 Natricias
446 1687 459 1714 ¹
472 1677 523 1739 vel
541 1676 637 1738 iidoc
645 1702 656 1748 ;
679 1682 717 1738 ut
731 1695 802 1738 eam
817 1675 938 1739 scilicet
953 1676 1085 1754 nutriet,
1102 1683 1198 1759 atque

96 1789 235 1845 tueatur.
281 1780 398 1843 Caveat
415 1799 489 1842 vero
513 1777 671 1856 Pontifex,
693 1785 730 1841 ut
752 1785 922 1841 contentus
942 1777 984 1841 sit
1005 1779 1109 1841 Mitra
1130 1800 1196 1842 suo.

97 1884 236 1966 Repnam
259 1903 336 1965 ergo
361 1890 467 1945 exuat.
512 1881 555 1943 Et
581 1881 734 1958 clavibus,
753 1882 866 1943 Gladio
890 1902 923 1943 se
948 1902 1015 1944 non
1041 1881 1196 1964 accingat,

98 1985 183 2069 quod
203 1984 278 2049 fecit
295 1984 478 2048 Bonifacius
500 1982 666 2047 oetavueb:
687 1985 828 2066 plodiam
845 2005 887 2046 ne
909 1984 1090 2066 distringat,
1113 1985 1198 2066 quod

98 2088 205 2151 Julius
220 2086 377 2151 secundus
386 2096 408 2149 ⁰.
440 2088 522 2150 Tum
539 2107 632 2169 super
647 2086 809 2151 Cathedrn
823 2087 874 2164 sit,
886 2086 972 2149 unde
987 2084 1107 2149 doceat:
1130 2108 1197 2149 non

100 2192 195 2269 Solio,
210 2189 296 2253 unde
311 2188 406 2272 pedes
421 2188 609 2251 osculandos
623 2188 774 2271 porrigat.
820 2188 891 2251 Etsi
911 2189 950 2253 de
967 2190 1064 2252 Gente
1080 2190 1197 2251 Sancta

98 2295 151 2371 sit,
174 2298 205 2355 et
226 2294 342 2374 Repete
363 2291 423 2354 sibi
446 2290 662 2354 Sacerdotium
683 2289 860 2364 attinet,-
884 2290 994 2354 audiat
1015 2299 1124 2355 temen
1139 2293 1197 2355 Pc-

99 2403 196 2474 trum,
212 2396 304 2479 cujus
326 2417 359 2458 se
383 2396 595 2457 Successorem
618 2394 706 2472 dicit,
725 2402 758 2457 et
781 2394 944 2475 Sabjectas
963 2396 1006 2458 sit
1027 2396 1107 2477 Repi
1128 2400 1198 2458 tan-

100 2520 191 2579 qaam
210 2498 440 2579 precedenti&
472 2517 546 2560 cum
569 2499 634 2559 trac
656 2497 798 2558 volontas
822 2497 885 2559 Dei
905 2498 948 2560 sit
957 2495 975 2561 s.
1019 2497 1141 2561 Audiat
1167 2506 1199 2561 et

101 2602 237 2664 Paulum
256 2602 361 2683 (quem
376 2601 427 2664 vel
446 2603 542 2665 Petro
562 2600 719 2684 praeponit
741 2601 776 2663 in
798 2601 932 2682 Bullis3)
957 2609 999 2680 et,
1016 2601 1044 2664 si
1065 2603 1201 2663 animam
1314 2615 1317 2623 ·

100 2702 207 2781 hebet,
235 2704 417 2765 Sublimiori
440 2705 615 2786 potestati&
649 2703 804 2786 (pladiam
827 2703 1004 2785 portontih,
1034 2706 1200 2786 oectipatia

100 2807 263 2887 recipienti
277 2805 296 2886 ί)
328 2807 469 2869 sabditos
498 2809 551 2886 sit,
581 2806 746 2870 subditum
774 2829 808 2871 se
837 2816 997 2888 agnoscat.
1051 2808 1139 2871 Nem
1168 2815 1201 2871 et

96 2915 238 2989 potestas
266 2910 324 2971 itta
347 2910 527 2991 percipitat,
558 2915 589 2972 et
617 2909 782 2972 redditura
806 2910 874 2972 Deo
903 2911 1056 2973 rationem
1081 2917 1136 2988 est,
1164 2911 1202 2973 de

101 3011 255 3090 Ecclesia,
271 3012 325 3091 Ei,
342 3013 395 3093 qai
403 3013 555 3094 potestati
569 3013 668 3092 ipsias
682 3012 858 3075 Ecclesiam
872 3034 960 3075 strom
975 3015 1120 3078 tradidit.

134 3164 245 3213 Mediam
261 3177 337 3227 prope
354 3166 452 3226 purtem
464 3162 532 3211 orbis
544 3160 683 3212 Christiani
699 3162 727 3211 in
744 3176 814 3211 enam
832 3163 981 3225 religionem
993 3165 1141 3221 consentire,
1155 3201 1160 3212 .
1175 3200 1200 3212 ..

167 3245 190 3293 si
201 3259 247 3307 per
256 3245 405 3305 religionem
421 3257 493 3293 susm
510 3242 639 3305 intelliget
654 3257 742 3291 omnes
758 3246 838 3292 sentes
849 3280 855 3292 .
867 3280 892 3292 ..
912 3258 928 3292 s
945 3242 1075 3292 Catholicis
1089 3243 1139 3292 fide
1154 3243 1202 3292 dis·

167 3324 259 3374 cardea
294 3324 402 3373 Plurimi
412 3324 482 3373 enim
493 3328 553 3372 sunt
566 3322 599 3373 sd
611 3322 741 3372 Orientem
753 3327 779 3373 et
790 3322 925 3373 Meridiem
937 3322 1090 3382 Nestorisni,
1103 3324 1201 3374 Diosce

166 3406 240 3465 n'nni,
247 3404 382 3464 teeobnae,
390 3408 415 3452 et
426 3404 521 3454 similes
532 3421 537 3453 :
548 3442 555 3454 .
566 3441 573 3453 .
584 3441 590 3455 .
603 3404 652 3454 ‚sd
660 3403 822 3454 Occidentem
834 3409 860 3453 et
868 3404 1071 3468 Septentrionem
1081 3404 1201 3463 Humitoe,

167 3486 314 3546 Lutherani,
325 3485 477 3548 tuinglisnu
490 3485 639 3549 tte—[Bell.
652 3485 726 3549 Apol.
739 3501 785 3549 pro
798 3484 884 3551 Resp]
896 3501 921 3550 p.
933 3488 988 3535 184.
1007 3485 1073 3551 [Op.,
1089 3491 1150 3536 tom.
1158 3488 1201 3536 vii.

167 3566 450 3631 fflwssmm

151 3683 243 3746 Orbis
261 3683 433 3745 Christiani
449 3703 530 3763 pars
543 3703 643 3764 prope
662 3682 765 3745 medio
779 3682 826 3747 ite
840 3682 953 3745 saltem
967 3704 1066 3745 unam
1080 3682 1115 3744 in
1129 3705 1201 3766 pro·
1215 3711 1263 3775 [De
1274 3726 1329 3761 con·

103 3785 272 3850 sessionem
287 3791 459 3868 aggregate
477 3791 535 3863 est,
551 3791 589 3848 ut
608 3785 742 3847 coierint
756 3805 773 3846 e
790 3783 950 3866 Babylone
968 3786 1038 3869 jem
1046 3811 1056 3863 3
1078 3785 1135 3848 ubi
1149 3786 1200 3848 vix
1214 3791 1289 3889 iffi
1297 3776 1366 3890 iffi

136 3965 146 3986 ι
163 3956 270 4020 [Decret.
285 3953 339 4003 Per.
351 3953 391 4014 ii]
408 3954 478 4004 Ceus
491 3969 549 4003 ur.
561 3955 629 4067 ρος.
676 3952 723 4001 AEl.
746 3954 806 4002 Ant
830 3951 942 4002 Ncbries.
965 3955 996 4004 de
1015 3953 1086 4004 Bello
1110 3955 1133 4004 N
1135 3971 1199 4005 avar,
1214 3903 1341 4033 &stirme

104 4021 191 4083 xxiii]
212 4018 365 4084 Q[usest.]V.
386 4019 446 4068 Cen.
464 4035 505 4068 xx.
531 4017 549 4083 [‘
582 4020 630 4067 rin·
674 4017 718 4066 lib.
731 4018 747 4065 i.
767 4032 820 4079 esp.
833 4020 854 4066 3.
876 4018 917 4065 fol.
930 4018 1010 4068 lxxvi.
1021 4018 1054 4082 u]

104 4083 452 4210 eiieigfgliw-corp‘sur'
465 4084 524 4132 Gen.
541 4084 630 4132 tomi.
707 4080 718 4111 ‘¹
748 4081 827 4196 ῗῢξὲι,
839 4083 867 4195 Lir
880 4081 938 4209 Ἥ]

105 4166 151 4199 co.
228 4187 233 4197 .
707 4154 717 4176 ·
777 4162 838 4195 1.v
867 4183 873 4195 .
918 4184 923 4194 .

138 4222 149 4244 ⁸
181 4211 365 4276 Eexlix.23.]
708 4209 716 4241 ¹
747 4210 925 4260 Ibid.ver.15.

138 4275 150 4309 b
186 4277 250 4326 Plst
268 4278 296 4325 in
314 4276 374 4324 Vite
397 4275 479 4326 Banit.
497 4274 581 4335 vul„
604 4277 632 4324 in
708 4284 720 4316 ¹
748 4276 819 4325 Rom.
831 4277 886 4324 xiii.
899 4279 921 4325 1.

106 4340 386 4404 vituperium]
709 4338 721 4371 ⁵
750 4340 813 4389 ibid.
826 4343 847 4386 4.

139 4415 149 4439 ⁰
167 4407 196 4470 [⁸¹
204 4405 297 4455 Noster
307 4410 411 4468 uterque
422 4404 585 4466 stringendus
595 4408 634 4453 est
708 4403 715 4436 ¹
739 4403 814 4469 [ibid.
825 4408 849 4453 6.

106 4471 227 4534 giodiue,”
246 4469 405 4519 tre-tulius
424 4469 493 4532 Pipa
510 4468 544 4517 11.
566 4468 633 4532 apud
