2910 4926
258 275 323 337 486
388 289 431 336 no
453 289 643 337 casoruams
665 287 864 336 nmmumur
884 287 1067 336 lroroonn
1088 287 1272 337 nnsronsro.

138 442 203 506 352
306 446 369 506 Car
383 465 460 527 ergo
474 445 648 507 Catholicae
659 445 795 524 appellat
809 444 843 505 ia
853 443 1018 524 Apologia,
1035 464 1054 505 o
1070 463 1199 524 quonam
1212 443 1364 504 societate

259 549 378 610 alienus
393 548 465 610 eat?
485 548 564 610 Non
579 546 665 630 quod
678 547 725 609 ita
740 545 815 624 sint,
828 545 884 609 sed
899 544 985 628 quod
999 545 1046 608 ita
1060 545 1193 608 salutari
1207 544 1361 626 gestiant,

259 672 322 733 quo
337 651 382 713 eis
398 650 591 732 aequioribus
605 656 761 714 uteretur.
806 647 946 714 Quando
961 656 1070 713 autem
1084 648 1118 712 id
1129 647 1312 712 Cardinalis
1327 646 1363 708 in

259 761 487 836 argumentum
501 753 611 832 trahit,
627 753 786 817 caleulum
799 750 935 815 reducit.

293 956 357 1006 Vidi
368 993 374 1006 .
386 991 392 1005 .
405 993 411 1006 .
423 955 602 1006 confessionem
613 955 737 1006 Sootioam
748 955 927 1006 Puritanomm
938 955 979 1005 oui
989 953 1044 1003 Rex
1054 952 1209 1016 subscripsit
1223 988 1230 1000 .
1242 987 1249 1000 .
1263 988 1269 999 .
1281 989 1287 1000 .
1298 951 1362 1012 Legi

324 1052 423 1100 quoquo
440 1038 469 1086 in
488 1072 494 1086 .
512 1072 519 1084 .
538 1073 545 1086 .
566 1037 675 1088 Basilioo
691 1037 766 1095 Doro,
786 1074 793 1087 .
812 1073 819 1086 .
839 1073 846 1087 .
865 1035 1046 1098 ‘Religionem
1064 1049 1121 1098 qun
1134 1035 1205 1096 rigat
1219 1033 1251 1082 in
1269 1032 1363 1090 Sootia,

324 1132 377 1167 osse
388 1119 551 1178 rorissimam,
563 1155 569 1167 .
582 1153 588 1167 .
600 1153 607 1167 .
621 1119 717 1182 (quam)
728 1118 821 1167 latetur
831 1151 838 1166 .
850 1153 856 1166 .
869 1153 875 1165 .
887 1115 943 1167 Rex
957 1116 1045 1167 divino
1059 1115 1181 1164 miraculo
1195 1129 1211 1164 a
1228 1113 1362 1162 Puritanis

324 1198 450 1248 seditiosis
467 1199 652 1249 introductam?
660 1225 689 1236 -
699 1197 777 1262 [Bell.
789 1197 864 1260 Apol.
876 1212 922 1261 pro
933 1196 1020 1260 Resp]
1040 1211 1065 1260 p.
1078 1197 1134 1245 209.
1153 1193 1224 1260 [Op.,
1240 1199 1303 1248 tom.
1317 1195 1362 1244 vii.

325 1278 608 1342 fflfflssmm

96 1400 170 1464 [(2o.)
188 1399 227 1449 Do
304 1377 358 1441 Ad
380 1378 602 1443 Vicesimum.
648 1379 691 1442 In
713 1399 752 1441 eo
773 1377 824 1441 vel
843 1376 967 1440 fallitur
989 1375 1177 1454 cardinalis,
1192 1375 1245 1438 vel
1264 1373 1361 1453 fallit,

94 1464 249 1577 ssfflffiffi
262 1480 317 1562 qui
331 1480 481 1544 Poritoai
502 1502 621 1546 nomen
641 1485 785 1564 usurpat,
801 1479 892 1563 quasi
914 1478 976 1542 elia
998 1499 1108 1542 eorum
1127 1478 1252 1558 Reliyio
1275 1484 1362 1540 esset

96 1592 222 1656 nupsit]
261 1583 347 1666 apud
369 1604 437 1647 nos.
482 1585 532 1648 Ra
549 1605 624 1648 vero
646 1582 709 1646 alia
726 1603 791 1645 non
813 1588 885 1645 est:
915 1587 1045 1644 tantum
1066 1580 1173 1644 neseio
1195 1579 1276 1663 quid
1296 1579 1362 1663 ipsi

261 1686 322 1749 sibi
342 1687 481 1770 fingunt,
498 1687 537 1750 de
551 1687 735 1771 Disciplina
752 1683 861 1766 soma
883 1684 1049 1762 exteriore,
1072 1681 1158 1766 quod
1178 1683 1361 1746 novitatem

259 1789 371 1872 sapiat.
416 1791 504 1854 Nam
526 1797 641 1853 caetera
656 1787 734 1852 satis
750 1787 837 1864 sani,
860 1787 924 1849 nisi
946 1807 985 1851 ex
1006 1785 1136 1850 alterius
1158 1792 1256 1849 sectae
1279 1785 1359 1869 dog·

256 1891 396 1954 motibus
421 1893 504 1955 male
529 1914 561 1954 se
584 1890 734 1955 habeant.
780 1890 975 1972 Quanquam
998 1889 1129 1952 omnino
1150 1889 1282 1970 iniquus
1305 1888 1360 1952 hio

257 1994 445 2073 cardinalia,
465 1995 529 2078 qni,
546 2016 642 2078 quam
663 1994 700 2056 in
722 1992 875 2075 religione
896 1999 1039 2056 mentem
1057 1994 1126 2055 Rex
1145 1991 1275 2070 habeat,
1290 1979 1379 2055 non'

257 2118 295 2159 en
325 2097 496 2183 Βασιλικῷ
517 2097 587 2182 ejus
614 2095 715 2183 Δώρῳ
745 2103 854 2180 petere
882 2095 961 2173 vult,
985 2095 1035 2159 vel
1064 2094 1253 2170 Monitoria,
1278 2116 1358 2177 quas

256 2207 384 2262 matura
399 2208 503 2277 aetate,
519 2208 710 2283 maturoque
730 2199 854 2281 judicio
869 2198 1005 2281 scripsit,
1022 2191 1077 2260 sed
1093 2219 1132 2260 ex
1147 2198 1358 2274 confessione

257 2311 332 2364 ante
347 2302 482 2385 triginta
497 2304 566 2385 jam
583 2323 684 2366 annos
701 2302 796 2379 edita,
813 2301 864 2365 cui
879 2309 950 2364 tum
968 2321 1050 2382 puer
1063 2298 1272 2381 assmpsit*
1281 2327 1292 2373 ;
1320 2309 1357 2364 ut

257 2405 318 2482 cui,
345 2405 431 2469 idem
457 2406 562 2490 Regni
586 2413 726 2488 tempus,
750 2413 783 2468 et
809 2405 912 2469 aetatis
938 2404 989 2483 sit,
1014 2404 1049 2467 in
1070 2402 1161 2467 cunis
1179 2404 1355 2468 Coronato.

255 2508 327 2571 Neo
348 2508 517 2591 quiequam
539 2516 658 2592 peccat,
675 2506 780 2591 quoad
802 2507 978 2590 Religionis
994 2506 1117 2588 Capita,
1134 2506 1285 2569 Formula
1301 2506 1357 2569 illa

256 2610 481 2674 Confessionis.
528 2613 613 2674 Vere
636 2633 713 2694 ergo
735 2610 825 2687 illud,
845 2610 918 2681 Quce
935 2611 970 2670 in
986 2610 1093 2672 Scotto
1108 2611 1199 2690 viget,
1216 2609 1355 2690 Reliqio-

255 2734 324 2773 orem
339 2734 403 2774 ease
418 2712 630 2775 verissimuml
667 2715 712 2776 At
723 2711 803 2775 illud
814 2712 903 2788 salso,
915 2733 935 2773 a
944 2712 1110 2774 Puritaais
1125 2712 1356 2777 introductum:

254 2813 320 2875 imo
350 2836 424 2876 oum
455 2816 638 2878 introducta
667 2823 761 2892 esset,
786 2835 868 2898 pene
896 2836 953 2896 per
982 2835 1036 2878 eos
1067 2835 1220 2894 eversam,
1246 2835 1283 2878 ac
1311 2837 1355 2878 ne

255 2916 354 2978 everti
369 2925 485 2998 posset,
502 2919 617 2980 Divino
633 2918 724 3000 quasi
739 2918 919 2979 miraculum
934 2925 1162 2980 conservatam.

287 3082 293 3113 ¹
314 3083 521 3148 [Vidallospons.
534 3086 689 3150 'lortip9h
710 3085 780 3136 Edit.
825 3086 907 3145 sande,
927 3086 976 3137 fiue
995 3087 1119 3145 hundred,
1139 3087 1272 3147 foursoore,
1302 3088 1354 3138 and

255 3146 347 3206 Polit.;
374 3154 400 3198 et
422 3150 485 3199 Bell.
515 3150 569 3214 Op,
592 3152 710 3200 tomuli.
734 3151 779 3199 ool.
825 3166 880 3209 ono,
890 3151 968 3213 being
981 3151 1024 3200 tho
1039 3152 1181 3201 fourtoenth
1197 3167 1256 3214 yore
1268 3153 1296 3201 ol
1310 3154 1354 3203 the

254 3214 309 3259 684.
323 3213 367 3275 A.]
825 3215 914 3276 King's
929 3216 1020 3277 teigne.
1055 3215 1196 3278 lmprinted
1207 3221 1235 3265 at
1246 3216 1355 3266 london

285 3275 297 3305 ¹¹
310 3277 389 3339 [vide
400 3277 444 3326 lib.
452 3280 492 3327 oui
502 3279 550 3337 tit,
560 3279 627 3329 ‘The
636 3279 781 3328 confession
824 3280 858 3341 by
868 3279 961 3328 Robert
971 3279 1140 3342 Waldegraue,
1151 3280 1273 3342 dwelling
1282 3282 1355 3331 with·

253 3340 281 3387 ol
296 3341 339 3389 tho
355 3347 411 3389 true
426 3344 476 3390 and
490 3343 617 3392 Christian
634 3344 729 3405 Faythe
745 3359 781 3392 ao
825 3348 870 3392 out
889 3343 1087 3407 'l'omplebarre’
1121 3344 1189 3392 Huic
1201 3347 1354 3396 oonfessioni

253 3405 358 3466 cording
375 3410 401 3453 to
419 3406 493 3455 God's
512 3406 577 3457 word
595 3407 645 3456 and
663 3408 739 3456 Actes
756 3407 784 3456 ol
825 3407 880 3456 Rex
890 3408 944 3472 ipse
960 3409 1114 3472 subscripsit,
1126 3408 1252 3458 utefolio
1269 3413 1354 3473 primo

253 3467 408 3519 Parliament
419 3470 511 3520 holden
522 3478 548 3522 at
556 3470 727 3533 Edinburgho,
736 3472 779 3521 the
822 3473 915 3536 patet]

252 3533 779 3652 stlte}Rslltlutlttttsl
855 3535 1093 3666 illllilllss’l·
1107 3538 1272 3666 ¹4⁶2¹‘l¹0⁰l3l

626 3639 634 3662 r
1051 3638 1057 3662 s
1093 3638 1098 3650 ·
1144 3639 1150 3651 ·
1216 3640 1221 3650 ·
1251 3641 1257 3652 ·
