2910 4926
494 1132 815 1212 SERENISSIMO,

181 1333 530 1405 POTENTISSIMOQUE
548 1335 720 1393 PRINCIPI
738 1337 785 1393 Ac
805 1337 956 1394 DOMINO
978 1338 1130 1405 Nonum,

467 1542 841 1643 JAOOBO,

127 1765 183 1814 DEI
203 1767 329 1827 suarm,
351 1768 472 1817 MAGNAE
493 1770 686 1828 BRITANNIAE,
710 1772 856 1820 FRANCIAE
875 1774 892 1819 la
913 1771 1079 1820 mmmm
1098 1771 1183 1829 REGI,

480 1879 567 1929 mul
586 1880 768 1939 DEFENSORL
788 1882 824 1929 bc.

531 2122 755 2134 ———

147 2320 195 2382 Eu
221 2320 309 2404 Rege
333 2319 431 2404 digna
454 2322 604 2400 Patrono,
632 2343 701 2405 quae
731 2323 898 2404 Majeetate'
922 2327 981 2383 tue
1005 2342 1106 2404 nuper
1128 2342 1201 2385 cum

103 2422 270 2502 Pontificc,
292 2445 358 2488 non
380 2433 448 2487 tem
474 2425 514 2489 de
539 2426 721 2489 Juramento
736 2426 926 2504 Fidelitatis,
943 2447 1040 2508 quam
1062 2425 1101 2488 de
1124 2426 1201 2489 Jere

103 2527 201 2609 Repic
213 2535 391 2593 contestata
400 2528 474 2607 Lis3
489 2529 710 2611 (Serenissime
718 2528 1006 2611 Potentissimeque
1016 2528 1168 2611 Princeps
1176 2531 1198 2610 5)

103 2635 146 2706 ct,
162 2629 197 2691 in
217 2651 264 2709 ea,
281 2630 433 2714 quicquid
454 2653 562 2715 aequus
584 2651 691 2694 rerum
713 2631 887 2694 aestimator
901 2630 950 2693 vel
965 2637 1135 2713 exspectet,
1152 2632 1201 2694 vel

104 2739 241 2815 expetet,
256 2734 376 2816 prolixe
387 2735 456 2817 jam
475 2736 554 2798 sTe
574 2734 797 2816 cumulateque
818 2735 997 2817 praestitum
1012 2742 1069 2797 est.
1113 2735 1201 2797 Nam

104 2842 138 2899 ct
155 2836 319 2917 triplicem
333 2837 425 2900 illum
443 2836 589 2920 (dignum
604 2837 650 2900 Te
664 2836 800 2919 vindice)
813 2837 938 2900 Nodum
952 2836 1072 2899 adactis
1090 2837 1201 2899 Caucis

104 2936 169 3000 tuis
189 2938 283 3021 plane
297 2938 488 3022 perrupisti⁸
496 2965 506 3016 3
528 2946 571 3017 et,
589 2938 644 3022 qui
657 2939 693 3001 in
707 2938 776 3021 pari
791 2940 910 3002 'l'ecum
926 2938 1109 3001 discrimine
1124 2946 1201 3002 sunt

104 3039 279 3124 Principes,
294 3041 380 3104 idem
395 3041 456 3104 hoc
470 3048 631 3124 praestare,
648 3041 761 3124 quanti
775 3062 885 3104 eorum
907 3040 1044 3118 intersit,
1059 3040 1200 3104 fraterne

104 3143 268 3207 monuisti.
312 3144 390 3207 Non
414 3143 501 3207 enim
519 3144 577 3206 uni
591 3143 683 3208 Tibi:
709 3143 861 3227 Regibus,
877 3142 1088 3225 Principibus,
1104 3143 1201 3207 Ordi-

104 3246 211 3326 nibus,
232 3247 287 3330 qui
305 3268 362 3331 per
376 3247 486 3312 orbem
501 3248 721 3312 Christianum
742 3255 827 3325 sunt,
842 3247 878 3309 in
890 3268 990 3333 *esusa
1011 3247 1072 3309 hec
1085 3246 1201 3329 Angli·

105 3370 194 3428 csne‚
223 3350 430 3434 questionem
458 3359 566 3414 movet
594 3349 755 3413 Pontifex.
799 3351 907 3431 Atque
943 3348 978 3411 id
1008 3349 1078 3431 jam
1106 3348 1201 3431 plane

105 3453 267 3535 quaeritur,
293 3453 413 3517 Utrum
435 3453 601 3534 Mejestate'
626 3453 727 3530 Civili,
750 3453 785 3515 in
813 3452 906 3513 Civili
931 3451 1202 3514 administratione

105 3577 172 3634 sua,
193 3557 247 3640 jus
268 3555 405 3619 liberum
421 3556 471 3633 sit,
488 3576 529 3617 an
544 3555 738 3638 precarium:
763 3554 885 3618 Utrum
899 3553 1118 3616 fundamentis
1137 3553 1201 3616 suis

105 3665 179 3736 stet,
196 3680 238 3721 an
252 3658 358 3741 potius
374 3659 420 3721 ita
434 3658 593 3721 incertum
609 3657 661 3735 sit,
678 3665 774 3741 atquc
795 3655 969 3720 obnoxium
984 3654 1143 3734 Pontifici,
1163 3663 1201 3719 ut

103 3760 191 3823 illius
206 3761 395 3825 auctoritate
409 3760 510 3844 refigi,
531 3760 726 3838 subnervari,
750 3766 845 3842 atque
868 3759 931 3822 alio
953 3758 1084 3821 demum
1096 3765 1203 3823 truns-

104 3862 182 3926 ferri
195 3863 304 3946 possit.
828 3881 830 3884 ⁴

151 3968 181 4028 l.
203 3965 288 4028 Enui
307 3972 441 4048 possunt
454 3970 612 4048 potestate
631 3963 721 4027 omni
744 3984 801 4026 sua
817 3984 835 4025 a
850 3962 1003 4044 Peetifice
1026 3962 1140 4043 Reges,
1162 3962 1201 4042 (si

105 4065 174 4148 Ipsi
185 4066 225 4130 de
237 4052 345 4149 scipsa
354 4067 524 4149 credimus)
538 4066 781 4147 eumidjedicat
790 4063 969 4146 eepedtreb:
984 4064 1123 4141 Judicat,
1134 4063 1202 4127 Ubi

68 4231 71 4235 ’
138 4242 149 4264 ·
166 4233 243 4298 [Vide
263 4204 439 4286 Prscfstionem
466 4240 578 4286 nostram
605 4235 633 4284 in
676 4235 733 4283 init.
743 4234 873 4347 Ofilim‘
884 4235 915 4294 i.;
932 4237 958 4283 et
968 4233 1031 4282 conf.
1040 4231 1112 4293 Reep.
1122 4230 1201 4289 Porti,

105 4298 239 4348 'Portumm
251 4299 343 4363 Porti]
676 4301 748 4362 ptl.
811 4303 829 4347 t.
843 4298 917 4348 Polit
925 4313 932 4357 ;
949 4303 974 4346 et
987 4296 1050 4347 Bell.
1067 4296 1122 4357 Op,
1139 4299 1201 4343 tom.

139 4362 151 4394 ⁵
162 4363 414 4429 [VideBellRecogn
422 4364 490 4414 libr.
498 4363 529 4413 de
535 4363 631 4413 Summ.
675 4364 718 4412 rii.
736 4363 782 4413 col.
795 4363 849 4413 ola.
862 4363 907 4426 A.]

106 4426 200 4477 Ponet
212 4442 264 4491 cap.
272 4431 295 4479 8.
307 4432 319 4489 l
332 4428 486 4489 ‘Probstua'
495 4444 520 4492 p.
530 4431 551 4479 δ.
563 4426 591 4476 Β.
598 4426 631 4477 sd

150 4522 391 4560 arauris-sarr.
928 4506 945 4571 b
