2910 4926
461 295 642 343 saoconna
664 296 846 344 nnsaoasro.
1141 283 1204 346 473

171 451 299 502 cusoribus
312 451 512 501 Christianorum
524 450 630 499 conficta
644 450 720 500 inisse
737 451 803 501 Acta
816 449 884 513 apud
904 450 1024 513 Pilatum,
1041 451 1073 500 de
1092 451 1206 514 passione

173 531 382 596 Christi—[Beli.
395 529 469 594 Apol.
482 544 528 594 pro
539 530 627 594 Resp]
646 545 669 593 p.
686 531 738 581 ma.
756 530 824 596 [Op.,
836 532 953 580 tamaii.
965 531 1011 580 col.
1023 533 1078 580 815.
1091 529 1134 595 Α.]

152 629 275 696 Quanti
303 638 412 693 autem
441 635 535 712 putat
559 629 738 693 Cardinalis
761 630 829 693 fore
854 630 1092 711 Responaioacm
1117 631 1206 692 illam

107 733 191 815 apud
211 731 394 815 prudentes,
411 741 443 795 et
460 754 501 794 an
515 730 601 814 apud
615 733 698 795 ullos
717 732 841 815 pondus
856 733 1052 809 habiturum,
1075 740 1206 816 praeter-

108 858 203 919 quam
226 837 332 900 fatuos
353 834 437 899 forte
459 835 624 918 quosdam,
649 856 727 919 quos
749 858 805 900 vos
829 836 1059 899 dementastis?
1105 836 1205 900 Eccui

107 940 193 1002 enim
217 939 347 1003 cordato
362 939 458 1003 fidem
474 939 617 1001 facturus
632 939 761 1002 Doemon
774 938 933 1018 Jocaaes¹,
954 939 1061 1017 homo,
1077 941 1129 1003 cui
1144 962 1205 1004 nec

106 1042 193 1106 fama
213 1063 273 1106 nec
288 1043 376 1120 fides,
392 1050 506 1106 contra
520 1043 621 1123 Requi
635 1043 831 1124 Amplissimi
846 1043 1010 1106 Justitiam
1031 1043 1205 1127 publicam,

106 1148 327 1230 Actionemque
360 1169 465 1211 coram
496 1147 708 1208 Nobilissimis
744 1148 822 1208 siris
851 1147 1023 1226 lodicibus,
1061 1147 1096 1210 in
1125 1169 1205 1230 quos

107 1249 251 1332 exceptio
281 1250 370 1313 nulla
387 1249 496 1325 cadit,
531 1270 590 1312 nec
617 1250 710 1326 clam,
742 1249 797 1312 scd
827 1250 861 1312 in
892 1271 1008 1314 corona
1038 1251 1205 1313 hominum
1315 1241 1319 1248 ’

106 1354 246 1416 maxima
259 1353 413 1431 habitam,
434 1353 569 1436 publicis
584 1353 702 1415 tabulis
718 1354 965 1436 consignatam?
1009 1354 1087 1417 Non
1104 1355 1206 1437 magis

109 1464 195 1519 certe
222 1458 350 1519 Damon
372 1457 518 1532 Joaaaea,
546 1476 640 1538 quam
667 1455 795 1518 Doemoa
821 1460 968 1519 Satanas.
1014 1459 1098 1519 Acta
1121 1479 1205 1535 vero,

107 1579 178 1641 quae
193 1567 302 1621 narrat
316 1558 361 1622 ibi
376 1557 544 1637 vastetur,
554 1558 647 1621 annia
661 1567 734 1641 post
745 1559 909 1623 Christum
926 1581 1053 1642 passum
1069 1561 1205 1644 amplius

106 1662 259 1725 trecentis
276 1662 336 1725 sub
351 1662 542 1739 Maximino,
561 1663 646 1743 (cum
668 1682 729 1725 nec
743 1662 849 1725 Judeoe
869 1663 948 1745 jam,
971 1683 1031 1726 nec
1050 1663 1096 1726 rei
1117 1666 1206 1727 testis

107 1766 307 1848 superesset)
338 1764 414 1848 quid
440 1765 561 1828 habent
588 1764 690 1826 simile
716 1764 777 1842 his,
807 1787 878 1849 quae
908 1774 1041 1849 excepta
1066 1774 1143 1829 sunt
1166 1788 1205 1830 ex

106 1890 161 1932 ore
185 1868 326 1952 ipsorum
349 1888 407 1951 pro
430 1867 592 1930 Tribunali
615 1866 807 1945 sedentium,
824 1890 1023 1952 quorumque
1044 1869 1206 1933 innumeri

107 1979 278 2054 supersunt
293 1970 398 2035 adhuc
416 1971 530 2049 Testes,
547 1970 602 2053 qui
617 1992 652 2033 os
673 1970 752 2034 illud
768 1971 803 2033 in
817 1971 969 2035 ruborem
984 1971 1108 2048 darent,
1124 1973 1151 2034 si
1171 1995 1206 2036 os

106 2075 240 2138 haberet
262 2073 375 2138 modo:
400 2074 425 2137 si
443 2074 618 2157 quidquam
635 2074 778 2149 hominis,
801 2074 827 2136 si
846 2096 913 2137 non
928 2075 1036 2138 omnis
1049 2074 1207 2139 Doemoais

105 2178 247 2243 haberet.
308 2179 391 2245 Quae
418 2199 493 2242 vero
522 2177 620 2241 etiam
649 2176 702 2240 hic
728 2176 906 2241 Cardinulis
936 2177 1101 2256 modestia,
1131 2201 1205 2242 cum

106 2283 207 2364 Repai
225 2282 360 2361 Tabulis,
376 2282 511 2345 Graeculi
524 2282 633 2345 nescio
649 2282 751 2365 cujus,
768 2281 819 2344 vel
833 2282 867 2345 in
885 2282 1002 2359 Sicilia,
1021 2282 1070 2363 (ut
1083 2282 1203 2365 ferunt)

105 2385 184 2462 nati,
204 2384 304 2466 samec
324 2386 372 2467 (ut
386 2385 522 2466 videtur)
547 2384 668 2468 pariter
682 2386 933 2466 comeientr'aeque
951 2385 1088 2468 prodigi,
1108 2386 1206 2469 scrip·

104 2489 271 2552 titutiones
292 2488 459 2552 conferre?
483 2496 580 2571 atque
597 2487 644 2551 ita
663 2488 857 2550 mendacium
878 2487 1079 2571 impudentia
1094 2509 1206 2552 cumu-

104 2592 194 2657 lare?
216 2593 423 2674 impudentem
445 2591 530 2655 enim
555 2591 610 2676 qui
633 2590 770 2675 scripsit,
794 2612 855 2655 nec
881 2591 988 2655 minus
1009 2592 1064 2676 qui
1086 2592 1204 2656 credat.

106 2694 172 2758 Sed
186 2695 340 2758 nimirum
355 2695 401 2759 ita
415 2694 569 2778 Lepeadis
584 2694 649 2758 suis
664 2702 810 2758 assuetus
823 2694 1012 2772 Cardinalis,
1029 2717 1100 2778 quae
1109 2697 1206 2777 pleae

105 2799 276 2861 mendaciis
292 2798 426 2877 Sanctis,
441 2807 479 2862 ut
494 2797 577 2861 nihil
591 2798 681 2882 pensi
696 2798 813 2863 habeat
826 2799 936 2863 Gerris
952 2820 1077 2884 quoque
1090 2800 1206 2863 Siculis

106 2896 202 2966 iidem
217 2900 344 2965 habere.

139 3106 272 3154 Pnritanos
283 3141 290 3155 .
303 3140 309 3152 .
323 3103 470 3154 ¹abhorrere
488 3119 503 3154 a
521 3103 670 3153 Jnramento
689 3103 814 3166 primatus
821 3101 835 3151 ¹.
848 3140 853 3152 .
867 3141 872 3153 .
887 3139 892 3153 .
906 3103 973 3153 Num
988 3103 1042 3153 Rex
1058 3105 1086 3154 in
1099 3110 1206 3169 utroque

170 3185 258 3234 libro*¹
273 3184 402 3234 Puritnnis
417 3185 509 3232 tribuit
528 3183 689 3240 anarchum,
706 3183 833 3233 Anarchia
849 3189 943 3243 sutem,
959 3188 984 3232 et
1003 3184 1203 3235 Menambis...

169 3270 229 3315 sunt
239 3264 480 3330 contraris-[Bell.
493 3263 567 3328 Apol.
580 3278 625 3328 pro
637 3263 721 3328 Resp]
733 3279 756 3327 p.
766 3266 819 3314 197.
832 3263 899 3329 [Op.,
910 3269 970 3313 tom.
984 3265 1027 3313 vii.
1038 3266 1084 3315 col.
1097 3269 1152 3318 81⁵.
1164 3266 1203 3332 B.]

149 3362 201 3425 Ad
217 3363 386 3429 Quartum.
431 3362 552 3426 Annon
572 3361 607 3424 in
623 3362 746 3426 Quarto
766 3362 998 3446 (praeterquam,
1015 3361 1100 3444 quod
1119 3384 1202 3427 men-
1215 3373 1370 3451 [manere

105 3466 180 3548 dcc)
206 3465 324 3528 delirus
347 3463 445 3528 etiam
462 3463 652 3542 cardinalis,
677 3464 741 3547 qni,
769 3485 848 3547 quos
876 3463 1018 3547 quotidie
1043 3486 1102 3548 pro
1118 3444 1307 3553 0011·³,i⁰„i,⁰,5:
1322 3439 1369 3552 ¹}ss

105 3570 197 3633 cione
233 3570 382 3633 andimus
419 3571 543 3632 titulum
575 3591 649 3632 eum
680 3568 762 3651 Regi
797 3567 988 3647 tribuentes,
1019 3567 1074 3653 qui
1104 3570 1203 3634 oculis
1216 3572 1330 3683 ffiw

105 3695 306 3757 usurpamus,
332 3694 426 3736 manu
448 3672 488 3749 ei,
509 3679 606 3756 atque
622 3671 748 3752 Scripto
770 3678 968 3750 attestantes,
990 3673 1087 3736 etiam
1109 3675 1203 3738 tactis
1303 3631 1361 3696 m]

106 3778 321 3840 Sucrosanctis
343 3777 378 3839 in
399 3777 595 3840 Potestatem
621 3775 719 3858 Regis
736 3776 903 3839 Summam
923 3778 1079 3860 jurantes,
1103 3777 1142 3841 ab
1166 3800 1204 3842 eo

104 3880 153 3944 bis
174 3881 241 3965 jam
264 3886 384 3943 asserat
407 3878 604 3943 abhorrere?
627 3886 724 3962 atque
744 3878 806 3942 hoc
830 3901 863 3943 se
884 3879 976 3943 nobis
999 3903 1090 3964 posse
1111 3890 1204 3966 putet

104 3986 318 4070 persuadere?
364 3986 462 4049 Facto
477 3991 607 4048 tenetur
629 4004 689 4047 res.
735 3984 983 4069 Philosophatur
1002 3995 1112 4051 tamen
1132 4009 1204 4053 con-

104 4100 155 4153 tra
180 4111 248 4153 rem
272 4089 400 4167 factam,
426 4087 510 4171 quod
535 4087 585 4150 vix
609 4087 749 4150 hominis
772 4089 909 4151 consulti
937 4097 994 4153 cst
1042 4090 1128 4158 Quid
1151 4093 1204 4156 hic

137 4240 143 4272 ¹
182 4241 246 4289 Vide
258 4255 340 4303 supra.
352 4256 376 4304 p.
388 4241 442 4290 434.
453 4238 541 4303 not.¹.]
678 4239 772 4294 Polit.;
805 4244 831 4289 et
854 4239 916 4290 Beli
941 4241 997 4305 Op,
1020 4218 1136 4294 tomvii.
1157 4246 1203 4295 col.

137 4305 148 4336 ¹¹
181 4304 246 4354 Vide
263 4306 352 4354 Euscb.
371 4305 438 4354 liist
458 4304 522 4353 Eccl.
541 4302 632 4353 iib.ir.
678 4303 792 4366 649,Α.]

105 4386 157 4432 cap.
170 4373 191 4420 5.
208 4384 295 4419 evera.
313 4369 414 4431 Ruffini,
430 4369 495 4432 spud
513 4370 634 4419 ductores
709 4377 726 4399 ¹¹¹
743 4368 820 4433 [Vide
840 4368 965 4419 Basilicon
984 4371 1069 4420 Dorou
1090 4378 1118 4421 ut
1135 4375 1204 4424 citat.

107 4435 174 4483 lliat.
187 4434 251 4483 Eccl.
264 4450 281 4497 p
298 4434 365 4497 tua]
677 4448 759 4497 supra.
772 4449 794 4497 p.
804 4437 842 4483 ³8.
859 4441 910 4483 not.
923 4434 942 4487 ¹³
961 4440 987 4485 ct
1003 4435 1101 4487 Praeist.
1115 4438 1204 4490 Monit

136 4498 141 4529 ¹
164 4498 241 4564 [vice
254 4499 371 4562 Respous.
385 4499 454 4548 'Porti
473 4514 489 4562 p
507 4501 546 4548 26.
565 4497 632 4547 Edit.
677 4498 933 4563 p.6o.i}dit.1610.]
