2910 4926
483 281 665 331 aroroomu
688 284 868 333 acaronem.
1166 269 1231 333 219

1128 390 1138 414 .

171 434 216 496 Et
231 433 382 517 quiequid
396 436 430 499 in
446 437 678 502 controversiis
693 438 818 518 dixerit,
834 440 932 502 aaulm
947 460 989 502 an
1004 459 1115 522 pauca,
1132 459 1232 520 quau-

129 536 308 620 docunque,
331 538 514 623 ubicunque
536 540 661 620 dixerit,
686 543 830 624 quoniam
859 547 1025 624 peccatam
1048 563 1110 605 aaa
1130 542 1232 620 dubet,

128 638 230 719 iprum
250 659 284 701 ae
305 641 460 721 seducere,
488 649 518 706 et
541 645 705 707 veritatem
726 646 760 708 ia
782 666 817 707 eo
844 667 905 708 noa
930 643 1022 708 eracl.
1067 645 1138 708 Nec
1159 665 1235 707 vera

130 763 207 823 ergo
222 763 293 825 quae
308 744 393 807 dicit
407 746 441 807 ia
459 746 694 826 Controversia,
711 748 738 811 ai
753 748 821 812 haec
836 747 937 812 dixit:
961 769 1033 826 nec,
1045 748 1095 811 vel
1111 748 1173 825 nic,
1185 745 1235 810 vel

131 867 275 927 uuquam,
298 846 337 910 ab
361 868 400 911 eo
419 851 609 929 repeteadu;
635 872 790 930 movero,
807 874 878 936 quae
892 853 1021 916 Jeruitae
1036 852 1172 934 quidam,
1189 872 1234 929 ae,

132 947 172 1011 ab
188 949 281 1012 arinis
296 951 404 1014 nescio
420 962 508 1033 quot,
525 961 693 1035 peccatum
707 955 835 1019 nullum
851 954 1027 1018 admisisse.

164 1101 195 1151 In
206 1103 320 1165 symbolo
332 1103 429 1154 Nicone
448 1105 483 1169 [ai
500 1105 555 1156 Rex
571 1107 635 1157 illud
652 1107 774 1158 admittat
790 1124 848 1159 cam
864 1108 995 1159 additione
1007 1107 1115 1158 concilii
1132 1106 1235 1157 uocandi

195 1185 333 1249 generalis]
352 1223 358 1235 .
376 1223 382 1236 .
400 1224 406 1237 .
424 1188 537 1238 inveniet
553 1225 559 1237 .
577 1227 583 1240 .
600 1226 607 1239 .
625 1188 769 1240 ‘Confiteor
785 1205 865 1240 anum
882 1191 1008 1255 baptiama
1022 1191 1051 1240 in
1061 1190 1236 1240 remissionem

197 1269 370 1330 peccatorum!
392 1268 455 1326 Quae
466 1270 542 1320 verbe
551 1271 651 1322 recitari
663 1273 752 1331 soleat,
761 1273 805 1322 aad
814 1272 881 1323 credi
893 1287 945 1323 non
956 1273 1039 1323 rolant
1047 1287 1063 1322 a
1072 1265 1236 1332 Calvinianie,

196 1363 304 1410 quorum
320 1348 462 1401 doctrinam
476 1350 531 1401 Rex
548 1353 603 1417 ipae
620 1354 742 1417 requitur.
762 1354 824 1419 [leg.
838 1354 919 1417 Angli
932 1360 958 1404 et
969 1354 1039 1405 Secti
1056 1357 1236 1416 aequantur.-

198 1428 261 1479 Bell.
273 1431 346 1494 Apol.
355 1445 401 1494 pro
410 1431 496 1496 Raso]
506 1448 531 1497 p,
539 1437 578 1485 85.
591 1435 658 1501 [Op.‚
669 1440 730 1485 tom.
739 1436 782 1485 vii.
796 1436 842 1487 eol.
850 1437 906 1487 752,
919 1437 950 1485 A.
960 1436 1004 1500 B.]

176 1545 219 1608 In
240 1546 359 1609 Nrceao
383 1548 527 1629 Symbola
552 1550 635 1614 nihil
660 1552 797 1634 reperit:
822 1552 878 1615 scd
900 1572 960 1615 nec
983 1550 1023 1614 ab
1047 1571 1085 1613 co
1107 1548 1233 1636 (etiam,
1249 1566 1367 1632 [symbo

132 1668 201 1711 curn
231 1649 391 1712 additione
423 1652 554 1714 Caecilii
586 1655 714 1716 secundi
747 1655 921 1736 Generalis)
962 1653 1104 1717 alienum
1142 1654 1231 1735 quic·
1246 1633 1400 1757 ὲᾚέζ

132 1771 227 1832 quam
250 1751 419 1831 eredimus,
435 1752 580 1834 dicimus,
596 1756 767 1833 docemua3
791 1758 932 1840 ejusque,
948 1763 986 1819 ut
1001 1755 1098 1820 verba
1118 1755 1233 1819 recita·
1246 1763 1367 1812 minione

132 1875 214 1929 mua,
244 1853 291 1917 ita
320 1876 449 1918 sensum
478 1865 635 1922 tenemus.
692 1859 834 1922 Tametsi
871 1859 969 1935 cnim,
1003 1859 1143 1940 qratiam
1172 1859 1234 1920 Dei
1246 1831 1404 1955 mmm

134 1958 336 2020 Sacramenta
357 1980 418 2022 noa
440 1962 621 2043 clliyemam
648 1971 767 2040 tamen,
783 1983 880 2044 aeqrte
895 1960 1018 2042 sulcum
1033 1963 1066 2023 ia
1084 1955 1310 2042 parvulo-mo]

131 2081 202 2122 rum
226 2061 423 2143 Baptiamate
451 2066 662 2128 remissionem
686 2071 914 2146 peccalorum
948 2085 1003 2127 nec
1032 2064 1123 2126 verbo
1147 2070 1236 2127 tenue

133 2162 206 2241 dici,
233 2164 290 2226 aed
310 2166 463 2228 amanter
478 2169 540 2248 uqi,
557 2166 743 2240 credimua¹;
767 2169 837 2231 Nec
860 2169 954 2230 aliter
975 2167 1020 2229 od
1035 2167 1235 2247 orientalium

126 2273 328 2347 peccatorum
357 2269 591 2351 indulgentium,
618 2272 668 2333 vel
696 2271 735 2332 ab
764 2269 945 2351 insontibus,
972 2270 1021 2332 vel
1048 2268 1088 2331 ab
1118 2269 1236 2331 adultis

125 2371 297 2450 perueniri,
314 2392 406 2452 quam
422 2373 450 2434 ai
466 2393 568 2435 amaea
586 2375 708 2436 cornino
731 2372 861 2435 abluant
877 2378 1011 2454 peccatu
1033 2392 1092 2434 aaa
1109 2373 1235 2435 lavacro

131 2473 303 2535 salutarim.
351 2475 483 2539 Poterat
499 2498 585 2559 crgo,
602 2476 642 2539 de
657 2476 735 2539 Fide
750 2476 803 2539 hic
817 2483 937 2553 nostra,
948 2474 1129 2539 Cardinalia
1136 2474 1235 2555 fidem

132 2596 199 2639 non
221 2576 340 2640 habore
364 2577 547 2642 hominibus
569 2586 637 2642 tarn
659 2579 744 2642 laeaoe
759 2579 860 2657 Fidei,
877 2587 973 2662 atque
988 2578 1035 2643 ita
1048 2578 1158 2642 labore
1173 2577 1234 2642 hoc

133 2698 191 2740 suo
206 2686 274 2741 tam
290 2700 485 2762 supervacuo
501 2680 718 2764 supersedere.

166 2830 280 2893 Symboli
296 2831 367 2881 tertii
382 2833 525 2891 articulum,
545 2832 576 2883 de
595 2833 692 2884 ratione
711 2832 846 2890 reddenda,
862 2832 894 2883 de
911 2833 1020 2897 propriia
1036 2833 1109 2883 {actia
1121 2832 1175 2883 Rex
1185 2848 1234 2883 crc-

197 2913 256 2963 dere
275 2929 326 2963 uon
343 2916 444 2978 poterit
480 2915 635 2965 (innitemur
648 2915 776 2979 judicium
789 2916 962 2975 novissimum,
974 2917 1003 2964 in
1018 2930 1067 2978 quo
1086 2952 1092 2965 .
1109 2950 1117 2963 .
1133 2914 1234 2978 .judex

197 3011 242 3059 pro
261 2997 383 3059 qualitate
399 2998 522 3047 laetorum
540 2998 628 3048 reddet
644 2999 702 3048 aliia
722 3012 840 3047 coronam
858 2997 977 3060 justitia,
994 2997 1053 3046 aliie
1069 3033 1075 3046 .
1094 3034 1100 3046 .
1117 3032 1123 3044 .
1142 2996 1235 3060 suppli-

198 3079 265 3127 cium
287 3080 476 3143 sempiternum.
511 3081 578 3131 Nam
595 3081 617 3130 si
635 3096 687 3130 aon
707 3096 752 3144 pro
771 3080 871 3130 meritis
890 3094 1003 3143 operum,
1022 3079 1066 3129 aed
1083 3080 1234 3141 ingratiam

197 3160 264 3221 fidei,
278 3165 304 3210 et
322 3161 380 3225 [leg.
392 3163 445 3225 vel]
463 3163 573 3225 jutitia
588 3161 706 3227 [Christi]
724 3161 920 3211 misericorditer
937 3163 1070 3224 imputata
1089 3159 1235 3225 {fidelibus}

198 3242 250 3291 vita
267 3247 363 3292 aeterna
378 3242 487 3302 daretur,
499 3259 549 3294 non
566 3249 631 3294 earet
647 3258 710 3307 opun
724 3242 830 3306 judicio,
841 3256 922 3304 nequo
933 3241 1086 3291 discussione
1098 3241 1235 3292 factorum:

198 3337 278 3385 neque
297 3328 423 3386 oporteret
441 3325 558 3375 iudicem
578 3324 686 3388 juetam,
705 3323 748 3373 sed
771 3323 872 3372 Patrem
894 3322 1082 3371 misericordem
1099 3321 1234 3376 advenire:

198 3421 278 3469 nequo
295 3408 418 3458 rationem
435 3408 467 3457 de
484 3408 556 3458 sactis
573 3445 578 3456 .
597 3445 603 3458 .
621 3444 627 3456 .
644 3407 758 3465 reddere,
769 3405 813 3455 eod
825 3405 1059 3468 Christijuetitiam
1070 3405 1143 3454 nabin
1155 3406 1235 3469 impu-

177 3492 277 3547 ¹tatanr
293 3523 300 3536 .
318 3525 324 3538 .
342 3525 347 3537 .
368 3489 498 3539 ostendere
517 3487 796 3552 concrema-[Bell.
811 3486 886 3550 Apol
905 3501 951 3550 pro
970 3485 1055 3549 Besa]
1071 3500 1096 3548 p.
1108 3489 1147 3537 87.
1165 3486 1235 3551 [op.,

198 3574 258 3618 tom.
269 3571 313 3620 vii.
332 3572 377 3620 eol.
390 3571 445 3622 753.
458 3570 499 3635 B.]

1321 3396 1340 3423 Ι

76 3693 84 3710 ·
178 3686 354 3767 Symbolum
380 3708 506 3769 quoquc
530 3687 655 3750 tertiam
678 3685 718 3749 ab
742 3684 921 3749 Athanasio
943 3684 1161 3766 conscriptum
1183 3705 1232 3748 rc·
1246 3700 1283 3813 [οι
1296 3699 1399 3762 symae

133 3788 269 3871 cipimus
291 3788 425 3872 integre
471 3791 522 3853 De
544 3790 680 3866 Iudicio,
704 3788 786 3851 nihil
810 3788 886 3851 inde
908 3808 987 3870 opus
1008 3787 1080 3865 fuit,
1096 3788 1232 3852 mentio.
1245 3763 1403 3889 timide

133 3880 208 3954 nc'm
231 3892 309 3970 ficri,
326 3914 399 3955 cum
422 3900 455 3956 et
477 3893 512 3955 iu
526 3894 707 3973 Apostolico
724 3892 867 3973 Syntbolo
882 3911 1067 3974 expressum
1083 3890 1134 3969 sit,
1150 3898 1183 3954 et
1197 3891 1337 4006 511ng
1359 3891 1400 3955 ju-

166 4093 177 4125 ‚
1244 3970 1367 4086 igit?

322 4096 327 4107 '
737 4104 755 4126 n
787 4099 802 4122 u
825 4095 833 4115 l
863 4095 868 4108 ¹
1097 4096 1103 4108 ‘

166 4157 171 4189 ¹
196 4094 435 4223 lliii'ii'eirm
454 4159 523 4218 msa,
540 4159 617 4208 otram
634 4160 663 4209 in
706 4094 1232 4222 &corrmaffissnffioissegfflrffiffi

133 4223 295 4285 parvulorum
306 4223 465 4286 baptismate,
483 4224 597 4300 martenio
608 4238 662 4286 pec·
706 4227 755 4282 tur,
767 4228 848 4300 morto
859 4229 1006 4300 praventor,
1020 4238 1092 4300 pomo
1103 4224 1233 4287 pervenire

133 4290 254 4346 calorum,
265 4303 311 4337 nec
322 4287 398 4338 verbo
408 4292 483 4338 tenua
499 4287 599 4347 dicitur,
617 4287 661 4336 aed
705 4287 737 4337 ad
750 4288 913 4350 originalium
925 4287 1112 4350 indulgentiam
1124 4290 1233 4350 peceato

133 4353 256 4401 veraciter
266 4351 430 4414 agitur.”-S.
440 4353 506 4414 Aug.
518 4351 539 4400 E
559 4352 599 4402 iat
607 4366 660 4401 cxc.
704 4353 783 4400 rum”
791 4379 825 4388 —
836 4351 861 4400 S.
873 4353 939 4412 Aug.
963 4350 994 4400 de
1014 4352 1116 4412 Anima,
1138 4350 1182 4400 lib.
1195 4351 1232 4401 iit

135 4417 178 4475 (al.
187 4417 264 4473 clvii.)
274 4416 305 4465 ad
318 4416 518 4479 Opinionem.
553 4422 660 4480 p.‚tom.
705 4431 758 4478 cap.
772 4416 807 4464 ix.
829 4416 897 4479 (ecel.
910 4416 959 4479 12.)
984 4414 1040 4480 op,
1062 4420 1122 4465 tom.
1140 4431 1166 4464 x.
1186 4415 1233 4465 col.

133 4481 160 4529 ii.
177 4481 224 4530 col.
237 4484 307 4531 1060.
320 4479 362 4544 D.]
705 4480 762 4532 747.
776 4479 819 4543 a]
