2910 4926
440 307 623 357 leomcuu
645 308 826 356 nassonem.
1120 290 1185 352 213

80 455 125 517 ad
144 454 306 536 firmanda
332 481 379 538 ea,
406 482 472 542 qna
497 469 570 525 eant
587 463 677 544 fidei,
705 463 750 526 ait
775 460 955 526 Cardiualis
975 460 1183 543 cajetanum,

79 579 150 635 non,
168 561 443 626 etauctoritatem
456 565 547 646 fidei,
564 586 625 628 aon
640 566 684 628 nd
697 566 992 628 Ecclesiasticorara
1007 563 1185 644 dopmatnm

79 664 298 725 auctoritatem
314 665 582 746 confirmandam:
605 689 667 731 non
682 669 726 730 ad
738 669 805 745 illa,
822 687 888 749 qna
911 669 944 729 ia
960 666 1185 728 contentionem

79 767 215 843 veniant,
239 767 437 831 roboranda:
473 770 539 848 sed,
569 771 673 853 quoad
696 772 862 835 Cononem
888 790 1017 846 moram,
1041 766 1116 850 quia
1142 766 1184 829 ad

80 866 324 933 {edificationem
339 892 458 934 moram
473 872 635 956 leguntur.

112 1027 223 1080 Ecclesia
233 1046 292 1080 vero
310 1046 360 1080 non
375 1049 406 1082 ex
425 1033 500 1083 verbo
512 1034 560 1083 Dei
574 1035 676 1098 scripto,
694 1035 738 1084 scd
757 1049 788 1084 ex
803 1035 880 1083 verbo
891 1034 939 1083 Dei
955 1048 970 1082 a
986 1032 1124 1095 majoribus
1139 1047 1185 1095 per

145 1114 289 1174 temporum
309 1113 481 1164 successiones
502 1115 596 1164 trudito
613 1115 713 1174 didicit,
730 1116 774 1178 qui
791 1117 844 1164 sint
862 1114 923 1163 libri
935 1114 1063 1172 Canonici,
1076 1112 1120 1175 qui
1132 1113 1185 1161 sint

144 1193 411 1261 Apocryphi.-[Bell.
423 1197 497 1260 Apol.
509 1212 555 1261 pro
571 1195 657 1261 Resp]
673 1211 697 1261 p.
710 1197 749 1249 te.
770 1196 836 1261 [Op.,
852 1201 913 1245 tom.
926 1195 969 1244 vii.
981 1195 1091 1245 col'r'49.
1103 1193 1150 1258 ri]

125 1332 173 1394 Ut
189 1332 364 1415 scripturis
380 1332 550 1396 Canonicis
567 1331 744 1408 credamus,
762 1331 851 1414 quasi
874 1330 915 1392 nd
935 1337 1059 1393 eertum
1082 1329 1183 1411 magis
1213 1335 1329 1414 Orneus

81 1433 328 1497 fundamentum
345 1434 478 1498 abduxit
493 1456 553 1497 nos
569 1434 759 1511 Cardinalis,
776 1434 817 1496 ad
833 1400 1345 1531 osearnthonttJtcts,m}1{ffl}³¹³

81 1534 151 1597 sine
170 1556 232 1616 quo
242 1535 385 1598 Ecclesia
401 1535 538 1616 elinguis
554 1542 612 1598 est.
652 1535 730 1597 Post
744 1555 829 1611 vero,
846 1556 865 1596 a
880 1533 971 1596 verbo
982 1533 1044 1594 Dei
1054 1533 1182 1613 scripto,

82 1636 124 1699 ad
146 1637 270 1698 verbrrm
292 1639 354 1700 Dei
380 1639 543 1700 traditam.
589 1639 671 1701 Cum
698 1638 767 1721 jam
793 1658 828 1700 os
849 1638 960 1699 sarnai
976 1637 1122 1699 Pastoris
1144 1657 1183 1699 ex

81 1739 171 1801 verbo
186 1740 248 1801 Dei
263 1741 381 1803 tradito
397 1761 549 1823 responsa
564 1739 708 1802 dederit:
733 1740 820 1802 salva
836 1760 888 1802 res
903 1747 961 1816 est,
975 1737 1183 1818 fundamento

83 1848 166 1904 certo
181 1843 318 1904 nitimur
326 1867 335 1917 ς
365 1844 489 1905 Certara
504 1843 591 1906 enim
608 1841 848 1922 fundamentum
864 1862 898 1904 os
913 1842 1086 1923 Pontificic,
1103 1862 1182 1923 prae·

82 1944 193 2006 sertim
209 1945 285 2008 side
300 1966 361 2008 narr
375 1947 503 2026 scripto,
520 1945 576 2008 sed
591 1945 682 2007 verbo
695 1945 813 2006 tradito
825 1944 1024 2026 respondent.
1060 1944 1183 2006 linan-

81 2054 137 2108 tur
162 2068 238 2110 sane
259 2049 475 2111 Veteratoree:
501 2048 568 2111 Rex
596 2068 670 2111 vero
699 2046 753 2110 hic
781 2067 842 2108 nec
872 2046 1004 2108 arbitrio
1027 2066 1092 2123 sno,
1122 2067 1183 2109 nec

81 2149 285 2231 opinionibus
300 2151 351 2213 vel
362 2152 565 2228 Noratoram,
578 2150 629 2213 vel
645 2150 868 2226 Veteratorarrr,
881 2148 1063 2231 acquiescit.
1085 2149 1183 2211 Verbo

81 2252 143 2314 Dei
158 2254 267 2331 credit,
284 2254 323 2317 ‹le
340 2255 436 2316 verbo
453 2254 526 2331 Dei,
542 2254 678 2335 Eloquia
693 2253 755 2315 Dei
769 2253 888 2315 Jadaeis
899 2251 1005 2332 scrisse
1020 2252 1141 2314 credita
1151 2265 1180 2314 ⁰:

83 2355 164 2420 Quae
180 2356 365 2419 autemillis
381 2357 501 2418 credita
516 2356 646 2434 fuerint,
663 2378 682 2418 a
696 2356 834 2433 nemine,
850 2375 910 2417 nec
920 2353 1089 2419 Cardinale
1103 2354 1181 2438 ipso,

80 2456 116 2519 in
132 2456 265 2521 dubium
274 2459 380 2521 vocari
395 2479 496 2541 posse.

113 2610 139 2659 N
141 2616 253 2661 oratores
265 2646 271 2658 .
284 2648 306 2660 ..
319 2612 363 2660 ubi
378 2612 508 2676 Scriptura
523 2613 634 2676 propriis
645 2612 796 2675 disertisque
810 2612 893 2662 verbis
904 2612 1024 2675 loquitur,
1041 2626 1087 2676 pro
1100 2611 1183 2662 nihilo

146 2691 243 2741 ducunt
259 2708 288 2742 ea
298 2694 375 2742 rerba
391 2694 419 2742 in
431 2698 517 2756 tropos
528 2698 554 2742 ct
570 2693 664 2755 figuras
681 2698 853 2743 transmutant
871 2693 930 2757 [leg.
942 2692 1125 2756 transmutare]
1139 2729 1144 2741 .
1157 2728 1181 2741 ..

147 2773 189 2822 Sic
201 2774 276 2823 verba
287 2775 333 2823 illo
343 2790 421 2824 coeura
433 2775 549 2824 rotunda.
563 2811 568 2823 .
582 2812 587 2823 .
603 2775 675 2824 ‘Hoc
687 2779 743 2823 est.
758 2812 763 2823 .
775 2811 781 2823 .
791 2790 881 2838 corpus
892 2775 993 2834 meum,’
1010 2774 1082 2824 millo
1094 2775 1184 2836 liguris

146 2853 401 2918 involvunt-[Bell.
410 2855 486 2918 Apol.
494 2869 539 2918 pro
549 2853 637 2918 Resp]
655 2869 679 2919 p.
693 2855 731 2906 79.
744 2854 810 2919 [Op.,
822 2860 883 2904 tom.
902 2856 946 2903 vii.
957 2855 1002 2903 col.
1015 2855 1070 2907 749.
1083 2853 1126 2918 Β.]

126 2986 235 3063 Porro,
259 2987 426 3069 negotium
449 2985 510 3050 sibi
531 2987 619 3063 facit3
643 2987 681 3049 de
702 2987 937 3068 scripturaram
959 3007 1059 3063 sensa,
1076 2986 1182 3048 Nova·
1196 2993 1346 3058 [Scriptura

81 3093 164 3150 tores
181 3088 245 3168 (abi
262 3090 429 3168 Scriptura
440 3089 584 3168 propriis
595 3087 696 3149 verbis
710 3088 857 3170 loquitar)
870 3089 1045 3168 pronihilo
1061 3073 1344 3186 ducereffioeguisss

80 3191 164 3267 Ima,
181 3213 243 3272 pra
259 3193 355 3254 nitito
370 3213 436 3254 non
453 3192 573 3269 ducere,
589 3191 645 3254 sed
661 3191 745 3273 quod
754 3192 898 3272 propriis
912 3191 1013 3253 verbis
1028 3191 1182 3272 loquatur,
1196 3194 1255 3300 funt
1266 3188 1344 3300 (iintel-

80 3313 210 3375 negare.
254 3294 326 3356 Nec
342 3300 447 3375 tropos
463 3314 614 3376 quaerere,
637 3293 703 3370 sed,
720 3292 760 3354 de
778 3294 985 3355 sacramento
1000 3314 1066 3354 uno
1083 3293 1182 3375 loqui,
1207 3266 1265 3314 ’ἕω
1283 3251 1327 3315 a]

82 3394 123 3457 ad
146 3416 270 3458 morem
292 3396 500 3477 reliquorum.
547 3396 597 3457 De
621 3393 881 3469 Circumcisione,
904 3394 975 3455 Hoc
1004 3398 1050 3455 est
1076 3378 1211 3473 scedas*

79 3518 178 3560 meam
188 3501 222 3560 ia
237 3521 331 3562 carae
342 3506 474 3562 vestrae.
514 3500 565 3562 De
577 3501 684 3580 Aguo,
699 3497 771 3559 Hoc
783 3503 829 3558 est
840 3498 921 3558 caim
936 3496 1068 3573 Pascite,
1081 3496 1182 3571 idest,

79 3602 233 3663 transitus
248 3603 404 3665 Dominis.
456 3601 555 3663 Verba
578 3621 652 3663 vero
674 3600 730 3662 illa
751 3600 885 3662 rotanda
902 3620 960 3662 eur
975 3599 1056 3661 dixit
1072 3596 1183 3662 Cardi-

79 3702 171 3780 nalis,
205 3703 268 3765 nisi
295 3704 371 3786 quia
397 3703 549 3785 adaptare
579 3702 715 3764 rotunda
738 3701 832 3764 verbu
856 3701 957 3765 voluit
987 3699 1029 3764 ad
1056 3700 1182 3763 Hostiae

79 3802 218 3867 formam
232 3807 425 3868 rot-nnciam?
470 3807 520 3869 Dc
537 3805 652 3887 quibus
666 3811 786 3882 tamen,
808 3824 875 3866 non
890 3810 940 3866 est
955 3802 1041 3885 quod
1055 3803 1183 3866 molesti

80 3903 141 3968 sibi
162 3907 225 3968 sint
241 3907 425 3969 Novataree.
471 3908 548 3970 Non
570 3907 656 3969 enim
671 3907 767 3970 verba
786 3906 865 3983 haec,
880 3906 951 3968 Hoc
968 3911 1015 3968 eet
1034 3906 1124 3981 enirn,
1147 3904 1182 3967 in

81 4008 194 4073 Bibliis
211 4010 275 4072 suis
290 4011 463 4092 reperiunt,
479 4018 516 4073 ut
533 4011 571 4072 dc
588 4010 752 4073 involucro
773 4011 818 4073 eis
841 4010 1013 4092 quaerendo
1033 4008 1181 4073 laboran-

113 4237 124 4259 ¹²
142 4229 167 4292 [“
178 4229 248 4278 libri
267 4231 310 4279 isti
329 4245 381 4279 non
400 4233 460 4278 sunt
478 4228 607 4289 canonici,
652 4228 702 4277 Vio
723 4227 815 4292 cajet]
834 4229 862 4276 in
880 4228 923 4276 lin.
941 4229 985 4277 lib.
1008 4228 1075 4277 Hinc
1097 4227 1179 4291 [apud

81 4292 183 4351 horest,
195 4308 246 4342 non
257 4299 316 4342 sunt
330 4293 608 4356 regularesndfirmuu·
652 4292 748 4341 Comus.
774 4293 802 4340 in
822 4293 846 4342 S.
855 4292 880 4342 S.
903 4299 963 4342 tom.
983 4293 1010 4341 ii.
1034 4307 1058 4356 p.
1079 4294 1134 4342 400.
1153 4291 1178 4340 b.

80 4356 142 4405 dum
153 4373 182 4406 es
190 4373 247 4421 quse
256 4358 381 4408 suntfidei
388 4375 395 4418 ;
409 4365 514 4422 possunt
522 4363 608 4406 mmen
653 4356 733 4418 Lugd.
744 4356 828 4419 lose]

80 4421 132 4470 dici
155 4422 275 4471 canonici
292 4424 349 4483 (hoc
364 4420 608 4485 singulareque
684 4429 696 4454 ⁰
725 4420 795 4470 Ram.
808 4421 846 4469 iii.
859 4420 893 4484 2.]

79 4484 274 4536 edificationem
297 4486 554 4537 fidolium.”-'lhom.
577 4486 608 4537 de
686 4494 697 4524 Ρ
751 4485 885 4535 mxviiii.
960 4483 1069 4535 '¹llxod.
1080 4484 1127 4533 xii.
1141 4487 1180 4535 11.
