2910 4926
461 308 644 360 morcourt
665 307 849 359 nnrrorsro.
1142 296 1207 360 409

109 485 232 530 memor
246 463 434 529 Curdinnlir.
479 464 568 528 Alibi
587 469 715 528 strenue
734 471 878 548 negarat,
894 461 934 528 de
953 484 1020 528 unc
1033 463 1208 548 eademque

108 591 143 634 re
159 569 211 653 agi
225 568 261 632 in
275 568 352 652 Cap.
363 566 489 645 XIII⁰.‚
505 576 539 631 et
548 568 674 631 XVII0.
691 565 786 633 hoc¹:
802 567 897 631 ‚ultro
907 567 976 651 jum
991 567 1113 631 fatetur
1126 589 1206 646 rem,

109 674 186 738 dum
197 693 296 736 unam
310 671 403 736 nobis
413 671 581 759 utriusque
591 671 887 755 interpretationem
897 670 973 750 edit,
983 670 1062 734 dnm
1072 671 1206 735 eandem

109 776 187 854 vult,
212 797 284 859 quae
306 773 341 838 in
365 774 477 838 Bestin
498 773 544 838 ibi
567 773 745 858 septicipite
768 775 847 858 Cep.
864 774 991 853 XIII⁰.,
1006 774 1061 838 hic
1080 796 1207 859 quoqne

109 880 186 962 Cap.
203 878 329 942 xvrr.
349 877 384 941 in
408 877 592 955 Meretrice,
614 877 785 958 Impiornm
807 878 1039 941 universitatem
1061 877 1206 942 indicari.

109 983 163 1044 Ita
183 981 230 1044 illi
248 981 381 1065 languet
402 980 564 1044 memorie.
611 981 696 1059 Jnm,
712 980 739 1044 si
753 980 849 1059 volet,
867 980 1028 1064 intelliget
1046 981 1083 1044 in
1104 982 1209 1045 Mere-

109 1086 187 1148 trice
201 1085 342 1176 Romam.
367 1085 417 1148 Sit
428 1084 571 1166 Babylon
582 1084 741 1147 Meretric
754 1084 841 1150 hoec:
867 1085 917 1148 Sit
928 1085 1029 1148 Roma
1042 1085 1206 1167 Babylon:

108 1189 217 1253 Etiam
238 1187 291 1252 hic
314 1208 440 1272 quoque
460 1189 531 1251 Rex
552 1208 619 1252 non
640 1188 843 1272 repugnabit.
887 1189 1028 1252 'lantum
1042 1187 1077 1251 in
1093 1189 1207 1267 Rome,

109 1293 164 1377 qui
191 1294 319 1357 Romae:
350 1290 387 1354 in
412 1291 587 1376 Babylone,
612 1291 668 1375 qui
697 1292 857 1376 Babyloni
885 1293 1005 1375 presit,
1035 1298 1207 1376 agnoscet:

112 1395 293 1477 (utrobique
316 1393 435 1458 scilicet
458 1393 718 1478 Antichristum.)
765 1395 830 1459 Sed
853 1396 907 1477 qai
928 1396 966 1458 de
985 1396 1086 1458 Roma
1109 1397 1209 1459 locrcn

108 1501 198 1578 banc,
219 1499 257 1561 de
276 1498 376 1560 Roma
396 1497 535 1560 Btbnica
549 1495 623 1578 sere
643 1499 900 1580 interpretantur,
915 1519 1031 1582 nempe
1053 1498 1114 1563 sibi
1136 1507 1208 1562 tum

108 1608 195 1681 note,
208 1620 367 1685 quamque
382 1599 482 1665 oculis
496 1599 639 1683 quotidie
652 1600 860 1684 rumpebant,
877 1601 978 1685 qualis
992 1608 1076 1665 esset
1092 1601 1209 1666 eaecnlo

108 1724 176 1767 ruo.
220 1704 309 1767 Nam
330 1702 432 1787 qunlir
448 1708 602 1785 sequente
621 1701 747 1781 raecnlo,
763 1702 823 1767 sub
838 1702 1033 1768 Pontificum
1051 1703 1208 1786 regimine

107 1805 217 1870 future
241 1812 334 1885 esset,
363 1805 398 1868 id
427 1805 554 1888 quidem
577 1805 746 1870 resciscere
768 1828 835 1870 non
863 1813 1022 1891 poterant.
1067 1807 1156 1871 Nam
1181 1807 1209 1871 ri

107 1909 316 1989 rescivissent,
338 1909 519 1993 Pr0phetioe
543 1908 668 1994 Spiritu
686 1909 808 1990 donati,
832 1910 873 1976 ad
896 1910 1102 1996 Prophetiam
1123 1910 1208 1976 benc

108 2012 336 2096 explicandum,
358 2034 524 2096 nunquam
549 2013 739 2095 interpreter
762 2014 823 2078 laci
844 2033 914 2079 cnm
936 2016 1094 2079 conruere
1116 2015 1207 2078 irreti-

108 2121 208 2180 teeret
240 2115 428 2194 cardinalis,
457 2116 609 2180 inveniret
645 2121 692 2180 tot
727 2119 906 2197 tententiae,
932 2124 1007 2200 quot
1034 2115 1108 2200 fere
1135 2124 1209 2182 cunt

108 2219 301 2282 Auctorem.
345 2216 454 2282 Nimis
473 2218 509 2281 in
527 2217 699 2284 manifesto
720 2239 772 2284 rer
794 2227 853 2286 est.
898 2220 1034 2285 Utinam
1053 2240 1095 2284 ne
1112 2227 1207 2285 esset.

110 2319 175 2383 Sed
192 2319 243 2384 rel
263 2319 316 2383 hic
337 2319 406 2404 jam
421 2319 599 2385 Cnrdinnlis
621 2320 669 2386 itu
690 2342 760 2386 rem
783 2343 817 2387 re
837 2322 957 2388 hebere
977 2322 1108 2403 fatetur,
1129 2321 1208 2387 dum

107 2444 225 2507 negare
239 2443 306 2486 non
319 2429 434 2507 potest,
450 2422 605 2507 quosdam
619 2423 660 2488 de
673 2425 775 2489 Roma
788 2425 893 2506 modo,
910 2425 988 2490 nlioe
1008 2425 1048 2490 de
1061 2426 1208 2508 Impeio,

107 2548 174 2591 non
207 2526 421 2590 Unicercitate'
441 2532 512 2591 tota
538 2527 740 2592 Meretricem
773 2528 1015 2612 intelligendum
1050 2527 1207 2594 confiteri.

107 2629 264 2713 Agnoscit
301 2636 410 2694 nutem
445 2631 523 2708 Rex,
555 2630 671 2695 lubens
707 2632 862 2715 agnoscit,
890 2632 1092 2695 Meretricem
1124 2631 1210 2695 hanc

108 2732 298 2813 Babylonem
326 2752 393 2796 erse
420 2732 593 2812 Civitatem,
620 2754 687 2816 quc
712 2734 845 2798 babebat
867 2740 935 2799 inm
959 2755 1089 2818 repnum
1116 2755 1211 2816 cuper

109 2835 209 2927 Bepec
238 2841 339 2914 terra,
366 2855 432 2917 qne
460 2855 552 2918 cuper
576 2836 700 2921 Septem
727 2844 846 2902 rnontec
869 2839 966 2917 redet,
990 2839 1117 2903 Joenne
1140 2838 1211 2923 ipso

109 2937 221 3002 eudem
234 2937 304 3003 hoec
317 2937 454 3003 totidem
467 2938 571 3003 verbis
584 2939 752 3006 referente

141 3091 170 3142 Si
182 3091 275 3153 Brutia,
291 3107 349 3156 qun
363 3092 497 3143 mulierem
512 3095 605 3158 portet,
616 3092 790 3144 Antichristus
804 3099 851 3155 ert,
865 3092 991 3158 quomodo
1001 3094 1057 3158 ipre
1070 3093 1163 3144 muller
1173 3096 1213 3145 ert

173 3173 362 3223 Antichristuoi
389 3173 452 3231 Quin
462 3173 526 3224 ieret
536 3173 656 3238 Equitem
667 3187 725 3224 cum
736 3174 808 3238 Bqno
822 3173 949 3233 contundi,
961 3178 991 3223 nt
1004 3174 1087 3237 liques
1097 3188 1174 3238 cupre
1183 3188 1211 3224 rc

172 3253 258 3303 redere
269 3253 383 3303 dlocturi
416 3253 534 3317 Ignoscet
548 3255 629 3317 igitur
639 3288 647 3303 .
658 3290 665 3304 .
675 3290 682 3304 .
694 3255 768 3305 noble
779 3254 1048 3319 tardioribua-[Bell.
1068 3255 1145 3318 Apol.
1160 3269 1209 3320 pro

174 3332 260 3398 Bccp]
270 3349 294 3398 p.
305 3335 359 3385 rot.
372 3333 439 3399 [Op.,
450 3337 512 3385 tom.
522 3335 567 3384 vlt
577 3335 625 3385 col
632 3334 690 3388 797.
699 3336 732 3385 A.
742 3333 784 3399 B]

154 3459 277 3522 Verum
303 3457 380 3522 alibi
403 3458 474 3522 Ber
502 3459 643 3522 Bestiam
666 3458 745 3523 dicit
767 3459 1018 3532 Antichrirtnm,·
1049 3458 1114 3522 Hic
1137 3477 1210 3522 cero
1238 3469 1324 3522 Bestia

110 3563 268 3625 mutierem
289 3563 384 3625 etiam
403 3561 482 3625 dicit
501 3563 616 3625 Bestia
634 3562 826 3625 incidentem.
871 3562 976 3643 Atque
995 3561 1043 3624 ita
1062 3560 1210 3644 Equitem
1221 3535 1367 3664 ἓξὲξ

111 3687 180 3730 crrm
204 3668 296 3750 Equo
325 3664 498 3749 confundit.
544 3667 612 3731 Ubi
637 3666 808 3730 tardiorem
833 3686 867 3730 re
888 3665 982 3748 fingit
1015 3665 1209 3744 cardinalis,

111 3791 171 3834 nec
200 3791 235 3834 se
263 3770 327 3833 iste
355 3790 487 3852 caperet
510 3769 644 3834 omnino
673 3776 783 3833 cutem
813 3766 929 3833 ndduci
958 3788 1025 3832 non
1044 3789 1148 3851 posse,
1175 3774 1211 3831 at

111 3874 251 3935 Bestiam
266 3892 335 3934 cum
349 3873 519 3935 Meretrice
533 3870 712 3954 consicndat.
747 3870 836 3937 Quid
850 3869 952 3953 ergo?
989 3871 1044 3934 An
1058 3870 1105 3934 ita
1118 3870 1211 3935 rclde

111 3975 237 4036 tardam
260 3973 439 4056 suspicetur
461 3973 542 4054 quis,
558 3980 596 4036 ut
613 3972 683 4056 ipse
703 3993 737 4036 se
752 3993 819 4036 non
837 3971 965 4055 capiet?
1011 3970 1103 4035 Idem
1123 3971 1210 4035 enim

111 4076 179 4158 ipse
194 4083 314 4160 peccat,
330 4097 391 4140 nec
405 4064 563 4139 adductus
578 4097 598 4138 a
612 4095 782 4158 quoquam,
798 4074 861 4136 nisi
880 4075 948 4157 ipso
970 4096 1015 4138 re.
1062 4073 1212 4154 Consedit

113 4179 252 4242 Bestiam
282 4199 351 4242 cum
379 4178 559 4241 Meretrice.
609 4177 696 4244 Quid
725 4184 774 4240 est
803 4176 889 4240 enim
916 4176 1078 4242 Cardinali
1102 4177 1212 4239 Bestia

146 4377 152 4409 ¹
177 4379 253 4442 [Bell.
275 4381 347 4443 Apol
368 4395 413 4443 pro
431 4379 519 4443 Resp]
539 4394 563 4443 p.
589 4380 640 4430 134.
718 4377 981 4454 r[sse11.npol.pr0
1003 4375 1090 4438 Resp]
1115 4390 1138 4440 p.
1159 4376 1212 4425 152.

116 4444 185 4507 [Op.,
201 4448 261 4494 tom.
274 4445 317 4494 rii
335 4445 381 4496 col.
392 4447 447 4498 780.
460 4444 503 4508 B]
686 4443 755 4508 [Op.,
771 4446 833 4492 tom.
845 4455 888 4491 ru.
906 4442 952 4492 ool.
964 4440 1020 4494 790.
1033 4438 1076 4503 Δ.]
