2910 4926
441 302 622 350 ironooun
646 301 826 348 Rr‘srou'slu
1150 285 1191 348 77

88 457 127 519 de
140 458 246 539 Reano
269 459 427 538 deponere,
443 460 474 520 2.
499 457 659 538 Principio
675 457 713 519 cte
732 457 834 537 Reyno
850 455 1011 535 dinoonere
1024 455 1190 517 rnotiotar:

89 563 118 623 3.
145 561 249 622 Calvio
264 561 424 623 invadenti
439 561 570 642 objicere
585 581 695 640 corporo
709 581 817 622 oanni:
842 563 873 620 4.
894 558 925 619 A
935 558 1003 638 fide
1018 558 1051 618 r'n
1067 557 1191 618 Princi-

82 684 155 744 pem
177 664 332 726 eaeoloere
355 665 435 726 nolte
449 684 492 741 ee,
507 665 556 726 oet
570 685 589 724 a
605 684 756 744 quoquam
779 662 915 723 eaeotoi:
940 663 971 722 5.
996 660 1069 721 Non
1084 665 1192 721 eontra

88 766 202 846 Reaern
217 767 345 829 loricam
359 767 505 828 induere:
530 769 560 828 6.
590 767 659 828 Virn
675 764 713 826 ab
735 766 821 826 illino
835 784 970 844 persona
985 764 1192 842 propulsare:

89 870 119 931 7.
147 869 275 930 Tonitro
299 868 464 949 Pontificio
494 889 648 949 nunqnam
677 869 724 929 ito
754 867 918 929 attonitum
940 867 1026 947 fieri,
1057 866 1130 946 qaia
1159 872 1194 928 at

82 977 203 1051 peretot
231 972 265 1034 in
291 972 410 1055 effeto.-
441 974 472 1033 8.
499 973 659 1047 Coronam,
679 991 845 1051 perronam
872 970 1031 1049 Principis
1055 974 1192 1031 tutetur:

88 1078 120 1138 9.
151 1074 351 1137 Perditoram
375 1076 486 1137 nivium
516 1076 758 1155 conspiratio-aee
787 1073 917 1154 efferat:
956 1074 1007 1134 10.
1038 1073 1193 1134 Christano

88 1178 215 1240 Domini
239 1200 259 1239 a
286 1199 437 1259 quoquam
463 1178 562 1240 occidi
586 1198 687 1257 poene,
713 1176 800 1256 nefas
818 1182 928 1257 pntet:
960 1179 1006 1238 ito
1036 1175 1132 1255 nefas,
1159 1180 1194 1237 at

88 1281 194 1342 insono
208 1280 315 1342 haberi
338 1287 477 1361 nequeat,
494 1282 546 1360 qni
570 1286 664 1342 tentet
685 1280 773 1341 niodo
798 1280 978 1359 (quicunqne
996 1279 1120 1340 tandein
1137 1280 1194 1340 loc

81 1383 214 1460 ,torserit
226 1383 248 1464 ε)
276 1383 363 1465 quin,
380 1404 454 1445 eum
473 1383 528 1465 qui
546 1382 688 1465 jusserit,
707 1381 784 1462 (sive
807 1381 974 1446 Comensis
997 1381 1194 1445 Canidinnlise

89 1485 196 1562 fuerit,
210 1485 274 1548 sive
286 1486 434 1548 Pontifex
451 1483 590 1566 Sixtusd)
605 1484 727 1547 intimis
744 1484 842 1546 animi
858 1484 1003 1547 sensibus
1019 1493 1194 1548 execretur.

90 1587 132 1650 ln
146 1586 303 1669 fidelitate
324 1587 392 1650 haee
415 1587 523 1650 omnio
545 1588 674 1650 insunt:
704 1587 769 1649 imo
784 1587 971 1669 fidelitatem
994 1588 1195 1649 constituunt

90 1691 176 1753 haec:
201 1692 391 1774 cujusquam
412 1691 462 1753 vel
482 1691 523 1768 vi,
546 1689 596 1752 vel
618 1690 741 1765 fraude,
765 1689 872 1752 divelli
896 1690 935 1752 ab
961 1711 998 1752 eu
1017 1698 1193 1773 nequeunt.

92 1794 166 1858 Quo
196 1802 349 1856 caventur
379 1793 458 1870 haec,
488 1793 703 1855 Jarornentnnr
724 1793 894 1876 fidelitatis
924 1792 994 1869 erit,
1025 1800 1121 1875 atque
1149 1793 1193 1870 id,

92 1897 297 1979 quantumuis
326 1896 521 1960 reclamante
547 1917 613 1958 nou
644 1918 709 1958 nno
739 1896 834 1957 modo
861 1894 1041 1973 Cordinale,
1069 1895 1125 1958 sed
1155 1896 1194 1975 (si

92 1999 169 2062 velis
184 1999 292 2074 etiam)
313 2007 383 2062 toto
400 2000 511 2061 Romae
527 1998 733 2062 Consistorio.
771 1997 926 2060 Subditus
942 1997 1044 2060 fidelis
1059 2019 1126 2060 non
1142 1998 1193 2076 sit,

93 2102 147 2184 qni
170 2102 252 2164 nolit
276 2101 355 2179 haee,
379 2105 465 2183 (cum
489 2102 535 2165 ita
557 2103 648 2184 opus)
675 2109 843 2185 praestar03
872 2101 927 2183 qui
955 2101 1095 2181 (iuterim
1118 2101 1195 2164 dum

93 2205 183 2286 opus)
202 2206 344 2287 profiteri
366 2205 455 2283 nolit,
471 2206 552 2268 nolit
568 2204 748 2287 sponsione,
765 2205 861 2267 etiam
879 2205 1060 2266 loramento
1076 2225 1195 2283 cavere,

93 2328 129 2369 se
154 2308 419 2390 praestituturum.
475 2309 554 2370 Nou
579 2307 621 2370 sit
647 2307 801 2389 (inquam)
829 2307 942 2384 fidelis,
966 2307 1031 2370 imo
1056 2307 1197 2390 pertidus

94 2410 144 2487 sit,
166 2411 399 2494 qui,vel,cu1n
419 2412 519 2494 jurat,
543 2417 685 2472 mentem
706 2411 881 2493 injuratum
904 2416 1033 2491 gernt⁰;
1058 2411 1118 2485 vel,
1141 2410 1197 2473 nbi

87 2515 254 2597 juraverit,
271 2515 391 2597 ejerare
408 2535 441 2576 se
456 2535 547 2596 posse
562 2522 664 2596 putet,
681 2514 730 2575 vel
745 2535 831 2576 nexu
846 2514 1023 2596 Religionis
1037 2514 1165 2577 exsolvi.

136 2617 259 2679 Exerca
278 2638 352 2679 vero
376 2617 484 2692 semel,
503 2617 607 2678 virum
624 2623 658 2679 te
678 2626 812 2699 praestu5
835 2638 926 2699 nega,
935 2619 1104 2698 fidelitatis
1126 2617 1195 2681 haec
1210 2632 1351 2696 [Quantum

93 2741 170 2797 esse,
178 2721 365 2802 fidelitatem
379 2742 418 2782 ex
433 2720 483 2782 his
499 2728 655 2796 constare,
668 2728 725 2781 aut
740 2720 807 2782 eine
819 2719 869 2782 his
886 2721 1077 2783 consistere:
1101 2742 1193 2802 nega,
1208 2696 1352 2810 ζὲξιιῖὲὲῗὶἰζ

93 2824 144 2885 vel
163 2821 196 2884 id
203 2824 372 2905 fidelitatis
378 2825 591 2903 juramentum
605 2822 714 2899 fuisso,
731 2844 793 2904 quo
815 2822 882 2884 htce
903 2823 1015 2900 solnm,
1031 2844 1091 2886 nee
1107 2825 1193 2906 quic·
1208 2826 1273 2888 ἴθι]

95 2947 190 3007 quam
206 2934 321 3009 praeter
335 2926 414 3004 haee,
431 2926 577 3008 exigitur.
626 2926 660 2987 Si
681 2925 749 2987 haee
769 2926 879 3007 jurare
903 2933 1042 2989 renuant
1063 2926 1192 3002 subditi,

94 3026 167 3090 laxa
181 3050 235 3091 eos
254 3036 286 3091 et
304 3028 426 3092 lubrica
441 3028 504 3090 fide
523 3028 688 3091 oculere:
713 3028 740 3090 si
754 3028 827 3090 laxa
846 3041 879 3091 et
898 3028 1021 3092 lubrica
1036 3030 1098 3093 fide
1119 3029 1193 3093 sub-

95 3130 154 3193 diti
178 3132 253 3209 sint,
272 3132 299 3193 si
322 3131 428 3194 stabili
453 3141 485 3193 et
509 3132 696 3193 inconcussa
715 3153 780 3193 non
803 3131 878 3209 sint,
894 3153 1078 3194 connnnnern
1098 3133 1132 3195 iu
1156 3154 1194 3195 eo

96 3234 290 3317 Principum,
307 3243 340 3297 et
355 3234 545 3316 dignitatem
565 3243 597 3296 ct
613 3234 759 3311 salutem,
775 3255 842 3297 uon
858 3236 1046 3316 periclitari:
1070 3237 1096 3297 si
1112 3237 1194 3318 peri-

95 3335 247 3398 clitentur
261 3337 339 3414 haec,
355 3358 484 3398 cainam
500 3357 684 3398 commonear
699 3357 765 3398 non
780 3337 840 3419 agi.
887 3338 970 3400 Fieri
986 3338 1114 3419 quidem
1129 3360 1195 3400 uon

96 3438 211 3501 debere
240 3439 308 3502 haec
338 3447 475 3513 temere3
511 3438 567 3500 scd
593 3439 662 3500 fieri
691 3445 811 3515 tamen,
839 3439 864 3500 si
890 3439 966 3501 velit
991 3439 1105 3522 jubeat
1134 3441 1195 3502 hoc

95 3541 263 3605 Pontifex:
287 3564 358 3605 earn
372 3542 436 3603 vim
452 3563 520 3604 esse
538 3541 681 3603 fulminis
699 3541 868 3618 Pontificii,
883 3542 999 3622 utfitio
1014 3550 1085 3624 post
1104 3542 1194 3621 illud,

95 3650 215 3723 patrem
237 3666 297 3706 aon
319 3643 485 3706 honorares
498 3644 545 3705 sus
555 3670 567 3720 ;
588 3643 727 3721 subdito,
746 3664 811 3724 aaa
829 3645 960 3706 Caesarie
980 3651 1061 3723 earet,
1080 3645 1196 3707 Caesari

95 3768 156 3810 non
184 3748 344 3810 redderer.
391 3747 540 3810 Admone
569 3769 652 3824 vero,
683 3746 744 3824 hic,
769 3769 872 3810 unum
902 3748 1040 3830 aliquem
1070 3749 1128 3812 sibi
1159 3757 1195 3812 ut

96 3858 216 3929 cavent,
240 3851 379 3933 reliquos
404 3871 515 3913 omues
535 3849 615 3933 jube
644 3858 681 3912 ut
711 3851 814 3912 securi
845 3851 920 3913 sint.
965 3852 1057 3915 Nihil
1080 3852 1147 3934 agis
1170 3853 1196 3914 si

92 3954 241 4035 jusseris3
274 3975 340 4015 non
367 3953 498 4015 audient
524 3952 705 4034 jubentem,
728 3975 795 4016 uon
825 3952 941 4017 obtusa
964 3955 1043 4018 adeo
1069 3962 1195 4038 gestant

95 4055 247 4138 pectorah
273 4058 378 4119 Caesor
398 4062 431 4118 et
455 4055 689 4137 P1·iucipe8,ut
705 4057 902 4137 fidelitatem,
925 4065 962 4120 ut
981 4059 1196 4121 Jnrarnentarn

137 4208 148 4231 ‘
168 4200 250 4263 [Vide
272 4199 395 4250 Comdeni
418 4198 473 4249 Rer.
495 4199 571 4261 Augt.
596 4205 621 4249 ct
698 4199 708 4230 ‘¹
728 4201 809 4264 [Vide
829 4201 947 4250 camden.
967 4203 1059 4252 Annal.
1083 4203 1113 4253 ad
1137 4219 1194 4252 nun.

97 4265 205 4315 lliberu
230 4265 342 4314 Annales
367 4279 436 4325 regu.
467 4263 559 4313 Elisab.
588 4265 621 4313 ad
667 4268 737 4314 1588.
751 4281 802 4327 por.
815 4267 851 4314 iii.
864 4282 889 4328 p.
899 4266 968 4329 517.]

97 4330 350 4392 ann.1585.par.iii.
369 4343 392 4390 p.
408 4331 462 4377 393.
476 4328 555 4387 nugo.
570 4329 624 4377 Bat.
702 4338 712 4362 ⁰
731 4331 795 4393 [Cic.
808 4332 839 4378 dc
851 4330 899 4378 (til.
912 4332 947 4379 iii.
961 4330 1011 4394 29]

98 4396 179 4453 1639,
195 4399 222 4444 ot
237 4395 370 4443 Actionem
389 4392 416 4441 iu
434 4391 490 4441 cul.
510 4394 624 4442 Porrium
701 4394 709 4424 ¹
728 4394 814 4457 [Maio.
827 4411 867 4444 xv.
879 4395 916 4457 a]

97 4459 164 4521 apud
174 4459 258 4509 ‘State
265 4458 361 4515 rrius:
368 4461 429 4507 tom.
438 4457 453 4507 i.
462 4472 486 4521 p.
496 4459 534 4507 25.
546 4457 624 4507 Lond.
701 4467 713 4498 Ι
747 4459 818 4508 llott.
831 4460 893 4509 xxii.
906 4459 959 4522 ll]

98 4521 181 4587 lico]
701 4523 711 4553 ¹²
747 4523 812 4573 Vide
821 4523 893 4587 Virg.
906 4523 962 4574 AEu.
971 4525 991 4575 i.
1003 4524 1078 4590 Soti
