2910 4926
262 261 325 326 128
571 273 615 322 sn
637 256 828 324 esconius
849 273 1049 323 sumum

260 432 357 499 modo
371 454 484 499 omnes
498 438 531 498 et
546 432 692 512 Menai,
709 431 765 497 sed
779 440 813 498 et
827 433 967 514 Populus
982 450 1109 518 quoque
1119 432 1288 512 Rornanus,
1305 434 1361 518 qui

261 544 294 601 et
308 536 376 622 ipse
387 536 537 620 Pontifici
551 536 691 619 elipando
706 535 749 601 ab
761 534 857 600 initio
874 535 1067 601 intervenire
1082 535 1205 600 solitus.
1228 535 1360 621 Abjeoit

257 641 327 726 jem
348 640 435 705 infre
459 640 583 705 clerum
605 639 784 705 cmdinslis
802 639 955 704 censorem
973 646 1007 704 et
1028 640 1147 723 Repon·
1170 637 1311 704 etiamne
1329 647 1362 705 et

259 743 346 809 infre
367 745 518 827 populum
541 741 680 828 objiciet,
704 762 778 806 cum
804 742 970 826 Pontificis
992 742 1127 826 elipandi
1152 741 1231 808 oiim
1256 741 1361 808 officio

261 845 479 931 fungeretur?

292 982 350 1035 Hoc
360 983 442 1035 solum
453 983 637 1036 intersiinus
646 984 753 1048 entique
762 987 877 1048 tempore
887 985 913 1034 et
924 983 1042 1044 mutis
1053 982 1121 1048 quod
1131 983 1194 1035 olim
1205 983 1238 1034 ob
1249 983 1362 1048 ponciis·

325 1068 379 1116 tem
400 1079 571 1130 peinouorum,
592 1078 646 1115 non
666 1064 898 1128 distinguebantur.
911 1064 1054 1130 Presbyteri
1075 1069 1103 1117 et
1123 1064 1231 1116 Diseoni
1252 1064 1363 1116 Romani

326 1145 473 1198 cnudiuules
484 1146 510 1212 [s
520 1161 572 1197 uon
583 1145 780 1211 cndinnlibus],
790 1146 835 1197 sed
845 1161 933 1198 omnes
943 1147 972 1197 in
987 1147 1117 1198 communi
1127 1146 1174 1198 hoe
1185 1147 1267 1199 officio
1277 1146 1366 1213 iunge·

326 1227 536 1294 hectun-[Beli
548 1228 622 1293 Apol.
634 1242 680 1292 pro
691 1226 776 1293 Resp]
787 1243 812 1293 p.
822 1229 861 1279 34.
874 1227 941 1295 [Op.,
952 1232 1014 1279 tom.
1023 1228 1067 1279 vii.
1080 1228 1127 1280 eol.
1136 1228 1192 1282 724.
1205 1227 1248 1293 A.]

97 1345 194 1412 [cerui
305 1328 352 1391 At
375 1326 462 1410 quod
484 1326 531 1391 ibi
551 1328 649 1391 solam
669 1326 737 1410 (uit)
760 1328 927 1392 interesse:
951 1347 1055 1391 ammo
1076 1328 1111 1390 in
1133 1329 1286 1392 communi
1304 1330 1364 1392 luae

96 1412 239 1527 {faigm
261 1450 386 1503 mvnere
401 1428 555 1513 perfunai
575 1437 639 1494 lum
658 1431 777 1509 solitos,
792 1449 849 1495 nee
873 1431 1058 1494 Cardinalcs
1072 1430 1277 1513 Presbyteros
1298 1432 1363 1495 dis.

97 1541 217 1620 tuoni
261 1533 376 1597 tinctos
404 1554 424 1596 a
449 1554 511 1597 aon
536 1533 766 1614 cardinalibus,
791 1534 877 1598 tenti
903 1533 1020 1618 (nodo)
1049 1541 1107 1614 est,
1129 1541 1167 1599 ut
1192 1541 1363 1619 utrumque

95 1606 203 1723 Q?
261 1636 414 1720 peginam
435 1636 551 1702 sociat:
584 1637 680 1701 utin
705 1657 744 1701 eo
766 1637 878 1720 positae
900 1637 966 1702 sint
986 1636 1126 1702 sortunae
1147 1637 1363 1702 Dominorum

96 1735 185 1803 010ῐο·]
265 1741 491 1805 cardinalium.
544 1742 709 1806 Vileseere
732 1741 821 1806 enim
845 1761 978 1806 necesse
1002 1749 1097 1822 esset,
1122 1749 1155 1806 et
1181 1741 1364 1806 obnubilsn'

260 1842 395 1909 misifice
413 1844 629 1908 cardinalium
652 1845 932 1924 auctoritatem,si
954 1852 1023 1909 tom
1045 1851 1152 1910 essent
1173 1844 1270 1910 hodie
1292 1847 1364 1909 novi

261 1947 362 2026 multi,
378 1967 473 2030 quum
493 1954 586 2012 erent
601 1947 680 2013 olim
702 1949 793 2011 mulli
810 1949 933 2031 antiqui
954 1949 1127 2012 Electores.
1171 1947 1243 2013 Hoc
1263 1949 1362 2011 solum

261 2049 411 2115 interesse
431 2050 534 2116 dicit?
577 2051 624 2116 At
643 2051 680 2115 in
694 2051 753 2115 noc
771 2052 838 2115 solo
860 2057 938 2115 sunt
959 2051 1077 2116 omniu.
1123 2051 1190 2116 Cur
1207 2051 1294 2115 enim
1309 2072 1363 2114 ex·

261 2152 344 2216 clusi
357 2152 498 2236 reliquii
520 2175 578 2218 cur
592 2152 743 2218 conclave
756 2174 823 2217 uns
836 2175 903 2218 non
917 2152 1166 2237 ingrediuntur?
1189 2173 1247 2217 cur
1261 2172 1364 2217 omnes

261 2257 296 2320 in
311 2258 553 2321 cenomanicum
566 2278 633 2321 nou
648 2257 776 2339 clipunl,
792 2257 848 2340 qui
863 2257 997 2320 omnium
1011 2257 1046 2320 in
1065 2256 1216 2320 communi
1232 2255 1363 2341 Episco-

261 2381 322 2444 pus
337 2359 466 2424 iuturus
481 2361 554 2424 est?
585 2360 652 2424 cnr
665 2381 733 2424 non
742 2360 787 2423 ad
800 2360 929 2443 antiqua
944 2365 1084 2442 terpora
1094 2358 1272 2424 revocando
1285 2359 1363 2425 resi

260 2464 541 2547 Distinpuebantur
560 2462 649 2527 enim
665 2463 717 2527 vel
738 2469 810 2526 tum
829 2463 1023 2543 Cardinales,
1042 2462 1076 2526 id
1099 2468 1158 2542 est,
1167 2464 1365 2545 principales

260 2588 281 2630 a
294 2566 402 2630 minus
417 2564 657 2650 principalibus.
701 2566 835 2630 Etcum
849 2565 947 2630 multi
966 2571 1075 2629 essent
1092 2565 1191 2630 unius
1212 2566 1365 2630 Ecclesiae

261 2668 440 2733 ministeuio
463 2658 617 2752 deputati,
640 2689 725 2732 unus
746 2676 816 2733 erut
837 2669 926 2733 inter
948 2669 1079 2747 multos,
1104 2668 1161 2754 qui
1185 2669 1365 2732 Cardiaalis

261 2772 395 2837 clueret.
442 2771 507 2837 Sed
528 2772 640 2836 multis
660 2771 725 2836 illis
746 2773 824 2856 quid
846 2773 913 2850 fiat,
936 2771 1119 2837 cardinalis
1139 2793 1206 2836 non
1224 2772 1364 2836 multum

262 2880 363 2939 ciust.
415 2876 527 2938 Vetera
541 2873 756 2954 transierunc,
772 2896 877 2958 porro,
894 2875 1088 2939 considerari
1102 2895 1168 2938 rem
1182 2881 1309 2959 oportet
1325 2874 1365 2938 de

262 3000 350 3044 novo·

151 3090 195 3154 99
295 3107 386 3158 Postea
395 3121 454 3158 sero
464 3112 590 3158 affluente
600 3122 705 3158 numero
716 3106 923 3172 Presbyterorum
933 3111 960 3158 et
971 3107 1147 3168 Diaconum,
1154 3110 1182 3156 et
1192 3106 1365 3157 couiudonem

327 3204 357 3240 oe
369 3189 581 3240 tumultusvsrios
592 3190 647 3254 ipsu
657 3189 823 3241 multitudiue
833 3191 955 3255 periente,
963 3203 1062 3240 neeesse
1072 3189 1123 3238 suit
1130 3203 1222 3253 peuces
1232 3203 1264 3238 ex
1277 3188 1366 3238 multis

327 3271 442 3334 seligere,
453 3272 497 3335 qui
507 3272 555 3322 hoe
565 3286 669 3322 munere
680 3273 851 3336 iungerentur,
862 3276 938 3336 etque
949 3272 968 3321 ii
979 3271 1042 3321 dieti
1053 3273 1113 3321 sunt
1124 3269 1250 3334 Episcopi,
1262 3269 1366 3333 Presby-

328 3352 420 3415 teri,et
435 3352 541 3404 Diecoui
557 3352 583 3403 S.
595 3353 625 3403 u
638 3353 666 3403 lt.
678 3352 941 3418 cardinales—[Bell.
956 3351 1031 3417 Apol.
1048 3366 1094 3416 pro
1109 3349 1194 3416 Resp]
1210 3365 1235 3415 p.
1247 3352 1286 3401 34.
1298 3349 1366 3415 [Op.,

328 3438 390 3484 tom.
401 3434 446 3485 rii.
457 3434 504 3484 col.
516 3434 572 3486 ⁷24.
583 3435 614 3485 A.
625 3433 666 3499 Β.]

98 3538 205 3656 &Munus
306 3533 416 3597 Tertio
434 3541 543 3598 eutem
565 3533 613 3598 illi
640 3534 847 3598 consideratio
868 3539 928 3611 est,
948 3539 984 3596 ut
1006 3539 1166 3597 revocetur
1186 3532 1231 3595 ad
1245 3550 1367 3614 paucos

98 3605 233 3733 effigi&
263 3656 324 3715 res,
350 3638 523 3720 selipantar
544 3636 648 3721 pauci.
694 3638 876 3720 Seliyantur
899 3635 1011 3701 undet
1048 3635 1195 3701 EOlero
1219 3635 1367 3700 Romano

100 3732 236 3850 'diff‘
264 3737 342 3818 solo,
366 3738 408 3802 ad
434 3761 513 3823 quos
536 3740 619 3804 solos
641 3739 682 3803 ab
707 3739 841 3824 antiquo
862 3739 918 3823 jus
944 3739 1006 3803 hoo
1028 3737 1201 3822 spectabat.
1258 3736 1367 3802 Quare

99 3813 233 3929 fflsmrff
265 3862 342 3925 ergo
365 3839 406 3905 de
432 3841 609 3921 Gallicano,
636 3842 793 3926 Hispano,
818 3843 992 3921 Germano,
1018 3841 1141 3906 Polono
1170 3839 1265 3904 clero
1289 3839 1367 3903 alle·
1420 3876 1425 3885 ·

260 3949 380 4027 puniar
393 3943 500 4023 hodie,
516 3943 633 4029 quibus
647 3946 782 4027 elipendi
797 3944 937 4010 Romani
956 3944 1013 4028 jus
1027 3943 1178 4008 nullum?
1202 3941 1368 4007 Quorsum

265 4054 374 4111 eutem
399 4048 572 4131 selinuntur
596 4049 712 4133 pauci?
735 4056 773 4112 ut
794 4047 830 4112 hi
852 4048 910 4113 soli
932 4048 1003 4132 jem
1023 4046 1168 4130 eligant?
1199 4046 1246 4109 At
1270 4045 1368 4128 quio

267 4150 361 4215 clero
384 4158 417 4215 et
438 4151 556 4235 populo
577 4152 654 4216 olim
684 4151 779 4216 electi
802 4151 984 4229 Pontifices,
1010 4151 1114 4214 multo
1135 4146 1367 4233 posterion'bus

267 4260 432 4318 antestant
454 4255 645 4335 eruditione,
668 4254 849 4338 prudentia,
871 4253 947 4318 vitae
969 4253 1159 4329 sanctitate3
1190 4251 1294 4315 multo
1316 4250 1367 4314 his

264 4356 371 4438 hodie,
393 4359 448 4444 qui
467 4381 487 4424 a
505 4359 651 4444 poueuulis
675 4358 790 4425 vestris
812 4358 937 4423 selectis
961 4354 1113 4421 Ecclesiae
1134 4354 1365 4421 obtruduntur.

705 4491 713 4523 ¹
729 4492 755 4557 [2
767 4492 821 4543 cnr.
833 4508 858 4542 v.
870 4490 920 4556 li]
