2910 4926
452 291 635 340 ammona
656 292 839 342 aaseonsro.
1176 285 1197 346 9

97 446 258 510 Sacrificis
272 448 388 511 vestris
403 449 544 532 quidam,
561 450 616 534 qui
630 451 665 514 in
679 451 758 515 vivis
773 451 879 516 adhuc
894 458 982 515 sunt.
1014 452 1196 519 Quaesitum

95 549 137 613 ab
151 550 224 629 illis,
242 551 277 614 Si
292 558 364 635 post
379 552 478 618 latam
497 556 567 638 jam
581 554 616 618 in
630 577 685 619 eos
700 556 813 620 mortis
833 557 1039 635 sententiam,
1055 557 1112 622 illo
1125 558 1197 641 ipso

95 675 202 734 mune,
225 677 290 740 quo
311 656 352 720 ad
374 658 568 741 supplicium
589 659 727 724 ducendi
750 666 866 740 essent,
881 659 1019 724 facultas
1034 661 1080 724 eis
1094 660 1195 744 impe-

94 759 174 823 trari
195 767 303 843 posset
327 761 535 835 missificandi
564 763 609 847 (id
633 771 751 843 autem,
775 786 839 848 quo
861 764 909 827 ita
930 765 976 828 eis
1005 764 1101 829 certis
1127 787 1196 831 esse

95 861 191 926 detur
220 862 260 926 de
286 863 466 929 intentione
493 888 552 930 sua
575 867 792 947 consecrandi,
820 888 881 932 nec
907 868 947 932 ab
977 868 1082 931 aliena
1106 868 1195 933 dubii

94 967 269 1051 pendeant)
284 969 453 1053 quaesitum
468 971 635 1055 (inquam)
649 974 713 1050 An,
725 979 854 1056 peracta
864 973 933 1056 jam
945 973 1194 1052 consecratione,

95 1093 169 1155 quo,
199 1072 404 1137 vacillantem
435 1082 620 1139 nostrorum
648 1076 816 1140 hominum
845 1075 942 1140 fidem
973 1076 1013 1139 de
1042 1075 1114 1156 hoc,
1148 1077 1195 1159 (in

96 1175 253 1260 Symbolo
283 1176 474 1260 cardinalis)
510 1179 647 1244 articulo
682 1181 796 1264 primo,
831 1180 1193 1258 llunmtdrtantiatiooie,

94 1279 317 1345 confirmatam
347 1282 451 1366 magis
480 1282 671 1360 redderent3
705 1290 833 1367 possent
859 1283 893 1346 in
923 1283 1067 1346 animum
1097 1305 1193 1347 suum
1257 1368 1263 1375 .

93 1383 258 1464 inducere,
269 1392 308 1450 ut
323 1385 552 1451 circumfusum
567 1387 721 1471 populum
736 1388 781 1452 sic
796 1388 887 1451 affari
902 1388 1030 1468 vellent,
1043 1389 1117 1452 Neci
1131 1392 1192 1469 tric,

93 1489 148 1568 qm’
162 1488 196 1551 ia
214 1489 318 1553 Getice
332 1491 389 1553 troc
399 1491 472 1571 jam
485 1496 540 1567 ert,
557 1491 644 1572 cujus
658 1492 775 1572 speeies
790 1493 926 1570 remitis,
941 1492 1023 1554 idem
1037 1493 1102 1573 ipse
1121 1514 1194 1556 sace

89 1593 164 1673 puis
178 1593 230 1670 eit,
243 1594 296 1675 qut
307 1593 345 1655 de
359 1592 476 1655 otri-sti
487 1594 520 1655 in
534 1593 632 1657 Oruce
640 1594 805 1675 perdentis
817 1596 913 1657 tatere
921 1596 1093 1677 profluam
1117 1597 1195 1659 mitri

89 1717 171 1777 pars
191 1699 278 1761 audo
298 1700 341 1761 sit
364 1701 413 1761 vet
432 1699 466 1761 in
489 1699 607 1761 Christi
628 1701 786 1782 sanquine,
803 1702 852 1762 vet
870 1702 904 1762 in
929 1701 1052 1764 Christo
1072 1702 1139 1784 ipso
1159 1704 1194 1765 in

94 1806 261 1873 retectam
285 1808 381 1884 atque
406 1802 462 1880 ita,
485 1801 537 1864 his
559 1809 715 1885 tanquam
735 1803 841 1867 verbis
862 1803 1052 1883 novissimis,
1069 1806 1193 1871 mundo

94 1904 294 1971 valedicere?
311 1905 398 1974 Quid
409 1905 544 1970 hicillit
566 1907 696 1990 Negare
705 1928 826 1970 omncs.
852 1906 956 1971 Credo
965 1915 1084 1988 autem,
1096 1909 1123 1972 si
1132 1909 1193 1972 hoc

94 2007 203 2090 ipsum
218 2015 339 2091 quaerat
354 2009 425 2091 quis
441 2030 460 2072 a
476 2009 646 2073 Cardinale
665 2009 745 2093 ipso,
762 2030 800 2072 ea
814 2009 903 2086 hora,
919 2031 983 2092 qua
1000 2011 1070 2094 jam
1091 2012 1192 2095 tergi·

94 2113 242 2176 versandi
271 2114 360 2178 locus
383 2115 501 2193 nullus,
529 2115 692 2178 haesurum
714 2120 747 2178 et
770 2114 893 2197 Ipsum,
923 2135 1028 2198 neque
1053 2116 1193 2198 pretium

95 2216 337 2301 Redemptionis
352 2239 417 2281 suae
432 2219 479 2280 ita
492 2226 614 2281 temere
628 2218 714 2281 inter
723 2217 839 2281 Calicis
854 2217 945 2281 labra
958 2218 1147 2301 positurum.

139 2319 331 2384 Garnettusi
342 2320 482 2404 quidem,
493 2341 568 2383 cum
578 2320 643 2384 tale
655 2319 732 2403 quid
743 2320 783 2384 ab
795 2340 834 2385 eo
844 2329 1050 2404 quaereretur,
1066 2323 1193 2386 modice
1205 2340 1357 2454 permeatus

87 2422 168 2503 fidei
191 2424 298 2503 fuisse,
327 2446 363 2488 ac
389 2424 538 2509 perplexe
564 2424 641 2488 satis
671 2425 869 2508 respondisse
899 2425 1026 2490 dicitur.
1072 2427 1192 2491 Merito
1223 2408 1323 2460 ‘'Tm'

94 2527 236 2592 dubitari
266 2528 305 2593 de
331 2550 369 2592 0⁰
394 2549 496 2613 POSSe·
541 2529 614 2592 Nee
643 2527 693 2592 vel
723 2549 767 2607 se,
798 2528 848 2592 vel
878 2529 977 2593 alium
1007 2551 1192 2613 quenquam
1205 2473 1354 2588 {patmus

93 2631 208 2710 teneri,
225 2637 262 2694 ut
282 2640 402 2696 temere
423 2631 541 2710 credat,
559 2638 615 2694 aut
635 2632 772 2695 salutem
788 2654 878 2696 suam
897 2632 1055 2697 credendo
1072 2633 1107 2697 in
1127 2634 1191 2698 dis·
1205 2600 1316 2667 dubrua]

94 2735 218 2798 crimen
241 2734 389 2812 adducat,
421 2735 507 2819 quod
532 2736 583 2799 vel
613 2736 689 2817 Ipse
719 2735 849 2814 scilicet,
881 2738 931 2800 vel
958 2737 1040 2801 alius
1063 2738 1135 2821 quis
1157 2738 1193 2800 in

96 2837 263 2902 individuo
290 2838 455 2915 Sacerdos,
479 2838 529 2901 vel
558 2837 629 2916 hoc,
656 2839 707 2901 vel
731 2844 819 2902 certo
843 2839 905 2903 alio
931 2839 1191 2904 consecrationis

94 2962 162 3004 suae
184 2948 338 3024 tempore,
355 2962 472 3024 panem
492 2940 813 3006 transubstantiando
831 2942 953 3006 Christi
976 2964 1090 3026 corpus
1116 2963 1191 3006 con-

95 3042 191 3105 ficiat.
231 3043 339 3105 Statui
352 3043 487 3105 forsitan
501 3064 592 3124 posse
607 3043 642 3105 in
658 3064 785 3126 genere,
801 3051 898 3128 atque
912 3044 1088 3122 indefinite,
1106 3044 1192 3127 quod

97 3145 399 3209 llaurubstantiatio
421 3146 472 3224 sit,
496 3152 529 3209 et
552 3146 638 3230 quod
662 3147 700 3209 ab
727 3148 840 3230 atiquo,
864 3147 988 3226 alicubi,
1009 3148 1191 3227 Sacerdote,

92 3250 159 3313 tale
188 3249 275 3332 quid,
306 3251 473 3332 aliquando
502 3250 571 3313 fieri
601 3250 710 3333 possit.
755 3251 806 3313 Ab
836 3252 948 3332 atiquo,
977 3252 1103 3332 alicubi,
1133 3254 1191 3315 ali-

93 3355 243 3436 quando?
269 3340 375 3421 Quam
398 3355 480 3418 nihil
503 3355 605 3419 certi?
629 3355 684 3418 Illi
699 3376 785 3438 ergo,
801 3362 838 3417 ut
857 3354 992 3433 videtur,
1008 3377 1074 3419 non
1096 3356 1192 3421 modo

94 3458 259 3542 particula,
276 3460 383 3537 ‘Hoc,'
399 3459 456 3522 sed
478 3458 779 3522 liancubstantiotio
794 3463 873 3535 tota,
889 3459 1082 3521 individuum
1096 3459 1192 3524 modo

92 3563 241 3647 vaprtmle
272 3564 374 3648 dequc
403 3586 451 3643 ea,
481 3586 595 3648 vagam
625 3563 721 3626 modo
750 3561 846 3626 fidem
873 3562 1023 3627 habebat.
1069 3564 1218 3647 Populo.
1269 3566 1290 3627 8

92 3668 225 3732 interim
252 3667 329 3751 quid
355 3669 434 3731 fiet?
466 3667 543 3750 quid
560 3668 629 3748 ficte
654 3665 746 3749 ejus?
781 3666 833 3728 cui
857 3666 1008 3729 certitudo
1031 3687 1101 3729 esse
1124 3688 1190 3730 non

92 3780 201 3856 potest
225 3772 264 3836 de
288 3780 363 3836 actu
385 3771 575 3850 Sacerdotis,
597 3770 652 3854 qui
675 3771 744 3853 ipsc
763 3791 831 3833 non
856 3777 958 3834 certus
977 3771 1018 3835 de
1040 3773 1121 3835 suo?
1145 3772 1191 3836 At

93 3901 190 3962 quem
207 3876 361 3942 Sacerdos
379 3876 438 3958 (sic
456 3882 493 3938 ut
508 3875 656 3953 vidimus,
672 3896 733 3938 oon
751 3877 864 3958 certus)
883 3875 999 3940 invitat
1020 3883 1130 3940 tamen
1150 3876 1191 3940 ad

95 3983 247 4047 Hostiam
262 4003 353 4045 suam
372 3981 423 4062 (de
439 4002 503 4063 qua
517 3980 562 4043 ita
582 3981 728 4061 incertus)
748 3979 953 4043 adorandam.
998 3982 1053 4044 An
1068 4001 1140 4063 quae
1156 3982 1192 4045 in

96 4085 438 4149 Trarrcubstontiatione
460 4084 579 4145 incerta
595 4090 642 4145 est
660 4082 785 4160 Hostia,
803 4089 888 4145 certa
904 4084 972 4166 jam
988 4084 1049 4146 crit
1066 4084 1102 4148 in
1117 4086 1192 4147 ado-

91 4192 241 4254 ratione?
274 4190 318 4253 Et
341 4209 460 4266 annon,
476 4193 564 4250 recte
580 4186 651 4269 quis
673 4186 801 4269 plebem
820 4187 865 4250 sic
880 4187 1074 4271 compellet?
1112 4190 1196 4262 Quid

128 4378 134 4410 ¹
151 4378 277 4439 lncolloq.
290 4391 348 4426 cum
356 4377 447 4426 Decan.
456 4375 545 4424 Sacell.
553 4374 622 4435 ch,
697 4373 704 4412 t
723 4372 809 4436 [eous.
832 4373 856 4422 S.
872 4373 959 4423 Thom.
980 4375 1075 4435 Aquin.
1098 4374 1194 4422 Summ.

93 4443 202 4498 Paulis..
221 4447 247 4491 ct
267 4440 530 4554 lllcstmonqst.1plpc.
554 4440 622 4489 llon-
667 4437 751 4487 'l'heol
771 4438 825 4487 Pur.
838 4439 874 4523 iii.
887 4439 979 4495 (tumst.
991 4438 1090 4520 pxiiii.
1104 4439 1159 4487 Art
1172 4453 1193 4484 v.

94 4514 161 4569 lugu,
173 4506 212 4556 Jo.
226 4507 335 4568 Ovorull,
346 4510 371 4558 et
384 4506 435 4556 lue.
476 4503 541 4566 erle]
668 4502 741 4553 Cone.
754 4507 765 4563 l
785 4502 840 4551 ‘Ad
853 4501 1014 4564 secuudum]
