2910 4926
250 252 315 317 152
563 267 608 315 ao
630 267 821 316 curaturus
842 268 1041 317 emmaum

248 424 402 503 habituri,
413 425 458 488 sie
467 445 502 489 se
513 445 693 506 componere
704 418 748 489 ed
757 426 1098 509 exemplumveorum.
1131 424 1358 504 Sciunt,inter

249 530 373 592 simiam
388 550 490 612 opere,
506 537 539 593 ct
554 531 695 592 emulari
716 531 810 610 serio,
825 531 904 614 quid
924 530 1062 595 intersit.
1107 531 1153 593 Et
1166 537 1204 593 ut
1220 529 1355 592 Mimica

249 632 306 697 illa
319 633 503 697 imitatione
518 633 672 716 injuriam
694 632 756 697 sibi
771 635 851 713 fieri,
871 634 919 697 ita
937 634 1106 698 leviculum
1121 633 1206 697 hane
1221 638 1254 697 et
1269 631 1353 695 ludi-

249 757 338 800 cram
360 737 609 815 exeusationem‚
626 737 832 801 cardinalem
845 737 898 801 vix
913 738 1024 802 decere
1043 735 1238 822 judicarent.
1282 736 1356 799 Neo

249 839 309 903 sub
325 841 416 923 Rege
430 847 542 904 nostro
553 840 668 902 misero
683 841 807 904 vivendi
822 842 969 919 conditio,
985 842 1060 925 (quo
1076 840 1160 903 nihil
1176 839 1225 904 sol
1239 838 1354 922 aspicit

248 943 365 1007 melius
385 943 560 1026 mitiusve)
578 943 698 1027 quique
713 950 746 1008 et
768 945 918 1023 imitetur,
935 943 1040 1027 siquid
1054 944 1182 1027 uspiam
1201 942 1279 1007 boni
1294 948 1353 1019 est,

249 1051 283 1109 ct
298 1046 333 1109 in
348 1046 435 1110 bono
452 1046 523 1109 aliis
540 1067 574 1110 sc
589 1046 784 1110 imitandum
800 1047 952 1130 praeb'cat.
997 1048 1121 1110 Misero
1136 1046 1220 1109 forte
1235 1046 1356 1126 &pum

248 1150 386 1231 iprsorum
398 1150 546 1228 conditio,
559 1150 676 1233 quibus
687 1150 734 1214 ita
744 1150 843 1234 impie
862 1151 955 1214 illudi
967 1150 1016 1213 fas
1028 1151 1069 1213 sit
1081 1171 1100 1212 a
1112 1147 1352 1213 Cardinalibus.

294 1252 418 1319 Quodsi
436 1254 552 1316 misera
570 1254 751 1316 Cardiaolis
768 1255 915 1333 conditio,
931 1253 994 1316 uisi
1012 1253 1057 1316 ibi
1073 1254 1168 1330 vivat,
1184 1252 1237 1314 ubi
1253 1272 1355 1315 erem-

242 1356 334 1436 plum
355 1355 478 1434 lrabeat,
501 1357 582 1419 unde
603 1356 740 1419 scribae
766 1358 888 1430 diecot;
918 1377 961 1419 nc
984 1356 1030 1419 sic
1056 1355 1187 1438 quidem
1210 1353 1354 1437 effugiet,

249 1458 337 1542 quin,
353 1459 404 1522 vel
418 1459 475 1523 ubi
490 1459 577 1539 vixit,
593 1460 688 1522 miser
703 1460 755 1523 sit.
804 1460 889 1523 Vere
909 1460 995 1523 enim
1011 1460 1107 1521 oriam
1121 1458 1310 1537 cardinalia,
1328 1459 1355 1521 si

248 1561 289 1624 ab
306 1562 402 1640 illiue,
418 1561 475 1625 aad
498 1583 556 1644 quo
578 1564 655 1625 vivit
675 1563 822 1644 eremplo,
839 1563 1018 1625 discendum
1038 1562 1067 1624 ei
1088 1561 1232 1639 scribere,
1249 1582 1268 1623 a
1290 1582 1355 1644 quo

248 1664 323 1728 bene
345 1666 454 1728 vestiri
477 1666 561 1729 forte
585 1665 697 1743 discat,
725 1674 758 1728 at
788 1687 848 1729 nee
873 1666 957 1747 loqui
981 1686 1042 1727 nee
1067 1664 1212 1729 scribere.
1258 1664 1354 1727 Certe

247 1767 401 1852 injuriam
417 1768 480 1832 sibi
491 1769 674 1850 ¹(lardiualis
682 1768 759 1850 fieri
775 1769 946 1854 judicaret,
963 1770 991 1833 si
1009 1768 1165 1832 scribendi
1181 1770 1353 1849 eremplum
1369 1788 1382 1809 .

248 1893 269 1935 a
283 1871 323 1935 Β.
339 1892 398 1935 suo
413 1872 509 1937 Patre
527 1873 628 1936 Paulo
644 1893 764 1937 sumere
781 1883 967 1957 cogeretur:
995 1875 1092 1957 longe
1107 1894 1182 1937 vero
1196 1873 1353 1957 majorem

252 1975 367 2057 (audeo
386 1976 501 2057 dicere,
517 1977 553 2040 in
574 1998 676 2061 eoque
699 1978 931 2042 conscientiam
950 1978 1038 2041 illius
1057 1977 1234 2059 convenio)
1255 1998 1354 2060 quam

248 2080 276 2143 si
302 2101 323 2142 a
351 2081 451 2164 Rege.
507 2081 594 2144 Nam
621 2081 662 2145 de
692 2082 781 2164 Rege
808 2081 886 2165 quid
914 2081 1032 2145 attinet
1058 2081 1173 2158 dicere,
1197 2081 1232 2145 in
1257 2101 1354 2164 quem

247 2181 439 2248 illiberalem
457 2184 545 2249 hunc
567 2184 674 2248 locum
697 2184 849 2248 strinxit?
880 2184 1031 2249 Modesto
1055 2192 1167 2248 tamen
1188 2184 1303 2261 dicam,
1320 2191 1354 2249 et

248 2305 338 2351 vere:
354 2286 535 2351 Literorrtm
548 2287 644 2351 laude
656 2309 729 2352 cum
742 2288 798 2371 qui
809 2295 907 2370 neget
916 2287 1002 2352 inter
1010 2288 1178 2372 Principes
1189 2295 1353 2371 praestare,

249 2393 283 2450 et
299 2389 482 2473 Principem
498 2411 577 2468 esse,
594 2391 755 2453 literatum
769 2411 845 2455 cum
863 2397 985 2474 negent
999 2392 1119 2454 literati
1135 2411 1254 2454 omnes.
1302 2392 1353 2453 Ae

249 2490 430 2555 Cardinalis
443 2492 527 2556 sorte
545 2494 643 2556 altum
661 2495 746 2574 rapit
766 2493 806 2557 de
827 2514 870 2570 se,
887 2494 981 2556 discit
997 2514 1016 2555 a
1031 2494 1169 2556 neruine:
1193 2491 1227 2555 id
1242 2499 1353 2555 tamen

250 2600 322 2657 tuto
341 2595 499 2658 affirmare
520 2595 626 2674 liceat,
642 2617 711 2659 csse
725 2596 776 2659 vel
797 2596 833 2659 in
852 2597 924 2678 ipso
942 2596 1158 2659 Cordi—nulium
1178 2602 1275 2673 coetu,
1292 2615 1353 2658 nec

248 2716 368 2779 paucos
390 2698 550 2781 essa-qui,
566 2697 688 2782 absque
704 2700 858 2781 Purpurea
879 2718 943 2761 aare
964 2699 1085 2783 injuria
1106 2699 1181 2776 ulla,
1200 2698 1297 2780 Regis
1313 2696 1353 2759 ab

248 2800 387 2880 eremplo
408 2805 441 2864 et
461 2801 544 2882 loqui
565 2802 699 2879 discent,
720 2808 752 2865 ct
770 2802 915 2865 scribere.
961 2802 1078 2885 Neque
1094 2823 1167 2864 vero
1181 2800 1278 2863 laude
1293 2799 1353 2863 hac

248 2903 316 2966 sola
337 2903 518 2966 Literoram
540 2912 692 2989 praestare
716 2907 849 2989 Regem,
865 2906 1018 2990 praeclara
1038 2905 1168 2989 quidem
1190 2905 1256 2982 illa,
1271 2925 1353 2987 prte-

249 3013 334 3070 starc
356 3014 389 3070 et
411 3007 499 3071 aliis:
525 3006 560 3071 in
582 3008 695 3091 quue
714 3009 850 3073 virtutes
873 3009 1013 3092 reliquas
1036 3008 1181 3087 Pietatis,
1198 3007 1351 3085 Justitiae,

249 3108 444 3188 Prudentiae,
460 3111 704 3194 Temperantia,
723 3112 969 3188 Munificentiae,
985 3110 1184 3188 Clementiae,
1201 3118 1233 3173 et
1254 3110 1353 3192 siquae

250 3211 321 3275 aliae
336 3219 422 3291 sunt,
439 3234 510 3296 quae
525 3214 560 3276 in
577 3215 677 3297 Rege,
694 3235 765 3297 quae
781 3215 816 3277 in
832 3214 1016 3279 Christiano
1036 3214 1160 3277 laudari
1176 3213 1290 3290 solent,
1307 3213 1354 3275 ita

248 3314 374 3379 elucere
395 3317 431 3379 in
453 3338 491 3381 eo
513 3338 634 3396 omnes,
657 3323 696 3381 ut
720 3317 906 3401 Principum
926 3338 1022 3380 nemo
1045 3317 1086 3379 sit
1114 3318 1233 3397 integer
1258 3316 1352 3377 υἱΐαεΧ

247 3419 362 3503 magis,
388 3441 485 3484 nemo
510 3422 556 3486 ad
581 3422 669 3503 cujas
698 3423 870 3502 ereraplum
899 3442 1003 3484 mores
1033 3441 1217 3502 componas,
1242 3441 1262 3481 a
1288 3440 1351 3502 quo

246 3523 363 3587 melius
375 3523 528 3587 virtutem
544 3525 658 3603 discor,
671 3525 813 3608 adeoque
829 3524 889 3587 sub
902 3544 965 3607 quo
979 3523 1133 3586 libentius
1146 3521 1223 3585 volis
1237 3523 1350 3584 vivere.

248 3627 355 3691 Quam
378 3648 453 3691 vero
477 3627 548 3690 Deo
575 3628 722 3707 dilectus,
748 3649 846 3712 quam
875 3627 923 3690 illi
948 3627 1035 3691 cordi
1060 3627 1103 3689 sit
1125 3632 1229 3709 atque
1253 3646 1349 3702 curae,

246 3728 366 3812 dffato
393 3750 491 3810 artper
506 3732 637 3811 pulvere
661 3737 774 3808 vestro,
798 3738 831 3794 et
854 3729 946 3814 quasi
967 3729 1086 3793 nebula
1107 3729 1258 3807 discussa,
1281 3750 1349 3792 orn-

245 3831 337 3893 nium
360 3830 395 3894 in
417 3832 518 3895 oculis
539 3833 618 3917 jam,
643 3833 789 3896 omnium
811 3833 847 3895 in
869 3854 924 3896 ore
947 3839 1102 3896 versatur.
1148 3832 1217 3895 Tali
1240 3838 1350 3894 autern

245 3931 306 3996 sub
330 3934 430 4016 Rege,
446 3941 514 3996 tam
532 3935 596 4018 pio,
612 3935 774 4017 prudenti,
795 3944 893 4012 casto,
913 3934 996 4013 miti,
1016 3935 1180 4012 munifico,
1201 3941 1350 4017 potestne

244 4056 312 4099 esse
326 4036 482 4117 aonselr'e
495 4038 618 4100 vivendi
634 4038 796 4101 corr-ditio?
819 4037 909 4104 Quin
926 4037 1096 4101 circumfer
1111 4037 1230 4115 oculos,
1247 4037 1350 4099 lustra

244 4138 392 4221 regiones
417 4161 538 4219 omnes,
562 4140 602 4204 ab
625 4142 664 4204 iis
687 4142 741 4224 qni
764 4142 943 4205 lustrarunt
970 4162 1085 4224 quaere,
1106 4140 1164 4204 ubi
1191 4140 1230 4222 (si
1253 4140 1350 4203 detur

243 4242 341 4324 optio)
362 4243 478 4306 malint
493 4244 562 4325 jam
577 4244 692 4322 rivere,
709 4267 805 4328 quam
826 4246 886 4328 (uti
904 4266 1023 4309 nomen
1044 4244 1090 4308 eis
1105 4244 1210 4308 facere
1226 4245 1342 4327 solent)

274 4368 286 4391 '
417 4361 699 4427 [“Gomponiturorbis

339 4426 376 4476 Re
395 4426 417 4476 ia
427 4426 459 4477 ad
470 4428 638 4490 exemplum.”

241 4442 556 4544 cauu.d0iv.00naulat
565 4492 819 4557 Honorii,29tl,300.]
895 4502 908 4527 ¹
924 4493 1025 4559 [Horat.
1039 4493 1122 4544 Germ.
1134 4491 1155 4541 1.
1168 4490 1250 4555 221]
