2910 4926
270 264 337 329 324
583 281 627 329 ao
649 280 842 331 manninas
862 280 1062 335 namnam

338 444 403 489 lurae
420 475 426 488 .
443 475 451 490 .
467 439 613 496 ιοιιίοιιιὶιι,
623 439 691 503 qaod
708 439 736 489 in
750 440 787 490 eis
803 454 923 489 numeras
939 443 1023 489 sertas
1038 452 1085 503 pro
1100 439 1198 489 lauto
1213 435 1377 502 saeipiantlaa

337 519 488 587 sit-[Bell.
500 521 575 586 Apol.
587 536 633 585 pro
644 520 829 585 Resp.]p.136.
846 520 914 587 [oa
925 524 986 570 torn
995 520 1040 569 rii
1050 519 1098 569 ool.
1109 518 1165 573 781.
1173 516 1219 584 A]

109 646 247 714 [Quamdiu
319 629 371 694 De
393 631 567 709 duratione,
588 635 752 693 certamen
771 629 841 713 jam
863 649 994 705 novum,
1008 626 1066 691 nbi
1087 627 1375 708 tremsapataa,

109 717 259 829 {ffffiff'
275 738 307 797 et
319 734 476 797 semestris
490 732 630 816 ponitur.
664 731 756 796 Dixit
770 731 817 795 ibi
832 733 912 809 Rex,
927 751 1086 795 summm
1093 731 1173 813 poni
1186 735 1306 793 certam
1312 749 1376 811 pro

109 839 238 906 mnsam]
274 844 404 923 incerto,
420 845 508 928 qnod
522 851 571 908 est
587 843 673 928 apud
687 843 865 927 Prophetas
879 864 947 907 non
961 841 1159 926 infrequens.
1197 841 1277 906 Non
1290 839 1376 924 apud

276 948 465 1030 Prophetas.
510 948 582 1011 Neo
604 947 690 1030 apud
714 947 875 1010 loannem
895 945 1015 1029 ipsum.
1062 944 1160 1011 Quod
1180 944 1304 1009 fatetur
1323 943 1377 1008 hic

276 1051 503 1128 Bellarminns‚
522 1051 594 1132 (nee
618 1050 753 1114 lesuitae
777 1050 911 1132 negant)
929 1049 986 1113 ubi
1008 1049 1203 1111 millenarias
1225 1068 1377 1113 annornm

279 1155 366 1238 (post
392 1174 489 1237 quem
513 1153 683 1218 solvendus
709 1153 838 1218 Draoo⁰
854 1154 874 1236 z)
914 1151 972 1216 ubi
999 1154 1140 1230 144‚000
1170 1152 1296 1234 (eoram
1322 1149 1378 1234 qui

275 1257 396 1341 signati
421 1257 456 1320 in
481 1256 599 1338 fronte)
628 1262 732 1320 ceras
756 1256 793 1321 in
822 1255 961 1339 speeiem
989 1276 1155 1333 numerus,
1177 1275 1215 1319 re
1239 1255 1378 1318 laamas

276 1368 417 1425 tamenn.
463 1361 569 1444 AEque
585 1367 695 1424 autem
708 1359 827 1423 horum
841 1366 978 1442 uterque
995 1358 1127 1423 definite
1141 1357 1267 1442 positus
1281 1363 1378 1442 atque

275 1464 341 1529 ille.
387 1464 453 1528 Cur
464 1484 540 1547 ergo
554 1463 590 1526 hi
603 1463 717 1526 incerti
731 1462 807 1540 sint,
822 1461 877 1526 ille
890 1483 933 1526 ne
947 1462 1018 1525 sit?

308 1599 359 1652 aad
375 1599 402 1649 ld
419 1600 484 1650 solet
498 1599 590 1650 habere
607 1600 699 1659 loenrn,
711 1614 768 1648 enm
786 1613 852 1648 unus
867 1598 960 1662 aliquis
976 1612 1103 1658 numerus,
1115 1598 1188 1663 isque
1203 1597 1329 1662 perlaetus
1338 1596 1380 1647 ad·

340 1682 467 1732 scribitur.
484 1718 491 1731 .
510 1718 517 1732 .
533 1717 540 1731 .
558 1682 595 1731 At
610 1680 658 1731 hoo
673 1680 729 1730 loeo
745 1695 803 1730 earn
814 1685 915 1745 tempas
926 1679 1080 1730 antichristi
1090 1679 1279 1730 maixime
1288 1677 1379 1729 deeri-

341 1763 423 1819 batur.
434 1777 480 1827 per
489 1776 576 1822 annos,
583 1776 629 1826 per
639 1776 744 1820 menses.
753 1766 781 1812 et
790 1776 836 1825 per
846 1761 908 1822 dias,
917 1761 1010 1810 miram
1023 1764 1071 1823 eat,
1082 1761 1104 1810 si
1115 1760 1155 1810 sai
1167 1775 1287 1810 numerus
1296 1764 1380 1809 serlus

341 1858 388 1907 pro
403 1844 500 1893 incerto
510 1844 571 1907 poni
582 1841 813 1907 videatne-[Bell.
827 1841 904 1906 Apol.
915 1857 962 1907 pro
972 1840 1058 1906 Besa]
1074 1855 1100 1906 p.
1112 1843 1167 1892 lat.
1187 1841 1255 1906 [01a,
1265 1840 1379 1891 tamaii.

341 1926 389 1976 ool.
401 1927 457 1977 781.
466 1925 498 1975 A.
506 1925 550 1990 Β.]

321 2027 481 2108 Magnum
495 2046 570 2088 vero
593 2024 776 2101 discrimen,
799 2023 844 2087 ait
861 2025 1050 2090 cardinalis.
1096 2024 1277 2087 Maiam
1297 2024 1380 2086 esim

277 2131 344 2203 hoo,
360 2134 391 2191 et
405 2129 497 2192 emis
511 2127 713 2205 Antiatem,
736 2128 831 2190 etiam
844 2149 907 2210 per
928 2128 1141 2211 quadraginta
1163 2127 1241 2190 daos
1262 2147 1381 2190 messes

275 2232 454 2314 explicatur
483 2232 611 2313 magis:
646 2251 745 2313 quare
770 2230 824 2294 hio
855 2231 925 2295 aine
951 2231 1049 2295 dubio
1078 2238 1195 2294 oertus.
1241 2229 1382 2313 Colligat

278 2356 353 2399 vero
368 2357 400 2398 se
416 2334 591 2417 paululum,
606 2354 721 2416 parurn
735 2333 789 2396 hio
803 2333 958 2398 interesse
973 2334 1100 2398 sentiet.
1145 2335 1267 2398 Nonne
1282 2334 1381 2396 etiam

279 2444 312 2501 et
327 2438 526 2520 signatorum
540 2458 706 2514 numerus,
722 2444 893 2519 postquam
915 2437 1104 2500 summatim
1124 2435 1259 2519 positus,
1276 2435 1382 2520 quoad

278 2540 382 2603 tribus
404 2540 578 2617 universas,
595 2541 723 2617 iterum,
745 2548 827 2623 post,
850 2560 908 2623 per
930 2546 1036 2622 partes
1059 2539 1225 2621 sigillatim
1247 2559 1381 2602 enume-

280 2650 380 2720 ratur,
410 2642 516 2725 quoad
545 2642 719 2725 singulas?
772 2642 917 2706 Nomina
947 2651 1055 2705 autem
1083 2642 1154 2725 ipsa
1182 2642 1381 2724 singularum

279 2745 425 2808 tribuam
447 2766 595 2829 expresse
617 2754 782 2827 ponuntur
801 2745 857 2823 ibi,
875 2754 907 2808 et
929 2744 969 2809 ad
991 2746 1125 2808 nomina
1146 2745 1273 2828 singula
1293 2745 1382 2828 sigil-

279 2848 371 2911 latim
386 2850 514 2926 12,000‚
526 2859 600 2931 post
615 2856 733 2927 autem,
750 2849 884 2912 summis
899 2849 1080 2933 conjunctis
1095 2848 1212 2925 denuo,
1230 2850 1381 2925 lsa,000.

279 2952 360 3015 Tam
388 2972 462 3014 vero
491 2958 640 3015 accurate
669 2952 740 3029 hoo,
767 2958 800 3014 et
831 2953 921 3036 quasi
946 2973 1004 3034 per
1030 2951 1194 3029 minutias,
1221 2951 1322 3014 cuivis
1344 2960 1383 3014 ut

280 3054 485 3137 perspicuum
500 3055 551 3133 sit,
567 3076 634 3117 non
655 3055 762 3119 minus
785 3064 895 3119 exacte
917 3056 1116 3138 signatorum
1139 3075 1310 3131 summam,
1326 3076 1384 3137 per

282 3164 389 3241 partes
415 3179 498 3235 suas,
525 3179 621 3241 quam
644 3159 837 3222 Antichristi
860 3180 973 3233 annos,
1000 3180 1058 3243 per
1081 3179 1207 3222 menses
1227 3179 1302 3221 suos
1329 3179 1384 3221 ex·

282 3260 400 3341 plicari.
447 3261 543 3327 Quod
567 3269 675 3324 autem
703 3262 740 3323 id
762 3264 861 3324 soleat
888 3262 1000 3324 labem
1030 3263 1138 3339 locum,
1166 3268 1203 3324 ut
1228 3282 1386 3324 numerus

281 3363 408 3446 integer
430 3385 488 3428 seu
509 3365 670 3447 perfectus
690 3365 859 3428 habendus
881 3365 923 3429 sit
944 3386 1003 3448 pro
1025 3367 1157 3442 incerto,
1176 3366 1225 3445 (ut
1247 3364 1385 3446 quadra-

282 3466 374 3549 ginta
398 3488 536 3546 menses,
559 3474 597 3530 ut
622 3468 811 3550 triennium)
839 3468 960 3531 fractus
987 3476 1093 3532 autem
1124 3489 1183 3550 pro
1208 3476 1306 3543 certo,
1336 3469 1385 3548 (ut

280 3569 495 3652 quadraginta
511 3571 575 3634 duo
589 3592 725 3648 menses,
741 3580 779 3634 ut
795 3571 974 3634 triennium
996 3593 1070 3634 cum
1093 3571 1256 3651 semestre)
1276 3570 1386 3633 minus

282 3671 370 3734 enim
399 3670 435 3734 in
463 3673 602 3754 speciem
628 3674 709 3737 certi
737 3675 873 3750 numeri,
904 3675 960 3757 qui
988 3674 1107 3737 fracti:
1142 3673 1303 3751 certiores,
1330 3673 1385 3756 qui

281 3773 417 3855 integri:
441 3775 541 3856 gratis
556 3775 590 3838 id
603 3775 720 3839 dicitur
732 3798 750 3838 a
760 3777 947 3840 Cardinale:
971 3798 1031 3840 neo
1046 3776 1127 3840 solet
1141 3776 1259 3840 habere
1273 3775 1384 3853 fidem,

281 3875 346 3939 nisi
366 3875 422 3940 ubi
438 3877 617 3941 cardinalis
635 3901 693 3962 pro
708 3881 902 3963 Pythagora.
948 3882 995 3943 At
1016 3880 1073 3943 illa
1094 3880 1197 3963 magis
1212 3879 1384 3943 Lectorem

282 4031 397 4090 tempora
407 4032 434 4077 el
448 4028 585 4079 dimidium
603 4031 738 4093 temporis’
754 4067 760 4081 .
778 4068 784 4080 .
802 4067 809 4079 .
853 4031 951 4093 goricos
959 4031 1079 4095 quosdam
1088 4046 1175 4081 sensus
1186 4031 1214 4080 in
1225 4030 1270 4080 illo
1279 4045 1385 4080 numero

283 4091 393 4156 'lampas
409 4108 518 4157 namque
534 4102 560 4144 et
576 4100 691 4158 tempora
701 4100 727 4143 et
738 4095 811 4143 dimi·
854 4096 932 4144 latare
943 4097 1092 4160 contendit]

284 4155 355 4206 (lium
375 4160 497 4221 umporis
519 4164 569 4209 tres
590 4168 617 4210 at
638 4162 714 4209 semis
732 4174 811 4209 annos
888 4158 1336 4224 ο[(ἳοιιΐ.131ιιιι.ι1ιιΥἰεςλῖοιιιιιι.
1356 4159 1384 4207 in

284 4221 510 4285 inlelligimna’'-
519 4223 581 4286 Rup.
599 4224 667 4272 'ruia
688 4225 715 4272 in
732 4225 810 4285 Apoc.
855 4225 933 4287 Apoe.
956 4240 1009 4288 eap.
1027 4241 1069 4273 xx.
1091 4225 1139 4289 §L
1160 4240 1229 4274 num.
1243 4228 1265 4274 1.
1290 4238 1316 4288 p.
1328 4227 1383 4274 851.

285 4286 348 4349 (rap.
360 4288 406 4345 xi.)
419 4287 559 4337 Commeat
572 4287 615 4337 lib.
628 4289 662 4338 ri.
681 4289 737 4351 0p.,
749 4297 810 4337 tom.
857 4289 936 4351 Lugd.
951 4289 1035 4352 1602]

284 4349 421 4464 5¹31).erss
439 4352 521 4400 coll.
554 4352 729 4465 ΙΡιιιῑοιιιιιδᾚιιι
748 4357 813 4465 noa&
856 4417 871 4471 ε
883 4362 899 4468 ἕ
916 4353 1250 4467 [ldomlinlgoefigapsii.
1275 4354 1382 4404 Coma.

400 4430 446 4464 one
480 4430 606 4465 menarum
662 4431 678 4463 u
758 4431 785 4465 ιιι
900 4433 987 4467 .num.
1017 4456 1023 4467 .
1059 4456 1064 4465 .
1094 4431 1132 4467 o.

283 4476 392 4528 duomm
419 4479 538 4529 subtilius
562 4432 684 4544 dispulit.
707 4432 813 4531 gigalle
858 4467 866 4480 ⁸
1040 4433 1057 4481 p
1138 4462 1147 4481 ⁴
