2880 4928
260 264 326 328 296
572 279 615 326 nn
638 279 829 328 cunnmffls
850 274 1051 326 nummurur

294 433 379 496 Atque
390 431 438 483 hoo
453 431 590 482 udremnrii
605 432 740 484 admittere
750 432 878 496 deberent,
891 434 934 497 qui
951 435 979 483 in
992 431 1120 483 omnibus·
1126 429 1311 482 controversiis
1326 444 1368 495 ⁰¹⁰.

328 528 441 577 pressum
453 514 557 564 verbum
569 515 708 578 requirunt.
726 515 791 574 Quid
804 517 874 566 enim
886 516 970 579 potuit
981 515 1122 579 expressius
1132 513 1192 574 diei,
1203 526 1280 577 qmm
1292 509 1367 570 illud,

329 596 436 646 ‘Beatus
446 611 473 646 es
484 596 573 646 Simon
584 595 709 665 Buriom:
719 597 875 661 tia-[Bell.
888 596 962 660 Apol.
975 611 1021 660 pro
1032 595 1105 660 Besp.
1123 595 1179 660 Op,
1190 601 1252 645 tom.
1264 595 1309 644 vii.
1320 593 1367 643 ool.

329 681 384 731 rm.
399 679 440 744 u]

103 794 231 910 promni-
308 780 379 843 Nos
397 800 482 858 vero,
499 779 585 862 quod
607 801 750 861 expresse
770 780 817 844 ibi
838 780 966 857 dicitur,
990 780 1193 862 agnoscimus
1215 777 1364 853 libenter,

103 863 247 988 gffiiff
265 904 326 946 nee
341 882 495 967 syllabam
510 881 622 945 abesse
638 884 793 960 volumus,
813 883 881 945 libi
896 883 975 944 dabo
992 883 1102 960 claves,
1117 882 1242 945 dietum
1258 882 1365 957 Petro,

103 986 189 1051 decu]
267 987 370 1050 eterni
387 986 426 1067 (si
441 984 551 1066 volet),
568 1006 634 1048 non
653 987 813 1050 tamenin
828 1007 965 1070 persona
986 1006 1053 1048 sua.
1100 985 1188 1051 Quid
1202 993 1253 1048 est
1267 983 1365 1055 enim,

270 1089 339 1151 libi
363 1089 442 1151 dabo
466 1089 594 1150 claves?
620 1089 776 1172 Quicquid
789 1090 944 1172 liqoveris,
961 1095 1012 1172 tqc.
1060 1087 1226 1152 Habemus
1241 1106 1367 1168 cepres-

266 1213 334 1255 sam
349 1190 425 1254 alibi
441 1189 575 1268 verbum,
597 1191 682 1274 quod
701 1193 826 1255 eertum
847 1193 909 1256 hoo
929 1211 1105 1273 eapressum
1124 1190 1365 1273 interpretetur.

269 1295 424 1376 Quicquid
437 1294 603 1375 liqaueris:
631 1295 786 1379 Quicquid
799 1296 980 1379 liqaoerttis.
1023 1294 1081 1372 Ut,
1098 1294 1159 1357 etsi
1173 1294 1228 1356 uni
1243 1292 1367 1356 dietum

269 1399 337 1460 libi
349 1397 427 1460 dabo
444 1397 565 1460 claves:
593 1405 626 1460 at
643 1405 676 1461 et
691 1400 765 1462 aliis
779 1405 890 1463 tamen
906 1397 1030 1475 dandae,
1046 1397 1120 1459 eliis
1135 1396 1219 1460 datae
1233 1395 1366 1459 fuerint.

266 1503 366 1563 Pasce
380 1520 459 1576 oves,
472 1519 614 1581 supreme
628 1501 777 1580 fatemur,
793 1504 847 1565 nni
863 1502 995 1580 dictum,
1011 1501 1065 1562 uni
1079 1508 1130 1563 ter
1144 1499 1286 1575 diotum3
1310 1499 1368 1563 sed

266 1604 341 1688 quis
362 1622 441 1665 nnus
464 1610 515 1664 ter
539 1611 698 1686 negarat;
730 1613 827 1687 atque
854 1626 892 1667 oa
916 1624 993 1667 voce
1018 1602 1206 1666 restitutum
1228 1603 1366 1681 muner-l,

264 1727 331 1769 non
359 1726 456 1790 supra
479 1706 620 1790 reliquos
643 1707 678 1770 in
702 1728 835 1771 munere
859 1707 1081 1771 constitutum.
1127 1706 1236 1789 Atque
1259 1705 1316 1785 ita,
1339 1706 1368 1769 si

263 1818 459 1894 praeceptum
483 1810 631 1893 respiciat
659 1811 739 1894 quis,
756 1811 918 1894 porrigere
945 1831 978 1873 se
1001 1810 1042 1872 ad
1068 1830 1171 1872 onmes
1196 1810 1368 1893 Apostolos

265 1921 298 1976 et
330 1911 559 1997 Apostolorum
595 1934 804 1991 successores,
839 1915 922 1977 Oves
957 1913 1043 1976 enim
1075 1911 1196 1976 Christi
1228 1913 1369 1977 omnibus

264 2017 440 2098 pascendae.
487 2016 522 2078 Si
536 2017 688 2099 praeeepti
711 2017 946 2094 solennitatem,
968 2017 1099 2099 (trinum
1115 2015 1235 2094 scilicet
1250 2016 1369 2098 repeti·

263 2119 409 2202 tionem)
442 2123 497 2181 uni
536 2119 749 2202 peculiarem3
784 2121 840 2183 sed
870 2142 909 2183 ex
944 2141 1049 2199 eausa,
1081 2139 1152 2203 quae
1184 2140 1251 2183 non
1276 2118 1370 2183 raldo

265 2221 492 2285 Monarchiam
503 2222 605 2305 juvet.

298 2374 322 2421 N
325 2390 358 2423 on
369 2412 375 2422 .
388 2412 394 2425 .
407 2411 414 2424 .
425 2391 556 2438 negamus,
575 2375 637 2439 quin
654 2377 773 2438 Apostoli
790 2379 874 2427 centeri
892 2378 994 2441 plenum
1014 2377 1149 2427 habuerint
1163 2380 1315 2441 potestatem
1328 2377 1369 2440 [in

331 2456 473 2520 Ecclesium]
492 2456 535 2506 sed
553 2457 627 2519 longe
638 2458 713 2506 aliter
730 2474 805 2521 quum
818 2496 823 2507 .
837 2496 842 2507 .
856 2495 862 2507 .
875 2459 901 2507 S.
914 2458 1008 2508 Petrus
1044 2458 1095 2507 Hic
1108 2457 1177 2507 enim
1197 2457 1287 2507 hebuit
1304 2456 1370 2507 ordi·

330 2538 434 2593 nerium,
448 2552 523 2600 qumn
536 2538 720 2588 transmitteret
732 2540 936 2600 adsuceessores;
952 2541 991 2589 illi
1000 2539 1233 2600 extraordinarium,
1244 2554 1369 2601 quoeeum

331 2618 392 2680 ipsis
408 2618 540 2677 finiretur3
559 2619 601 2668 hie
614 2624 639 2668 et
656 2634 731 2682 supro
742 2621 876 2683 Apostolos
892 2627 1041 2686 potestatem
1054 2622 1151 2679 habuit,
1163 2621 1202 2669 illi
1215 2656 1221 2668 .
1234 2658 1240 2669 .
1252 2658 1258 2670 .
1270 2621 1370 2670 nullum

331 2698 507 2747 babuerunt—
513 2699 586 2763 [Bell.
600 2702 673 2764 Apol.
686 2716 731 2763 pro
744 2701 827 2766 Resp]
839 2717 862 2766 p.
875 2705 929 2753 123.
942 2703 1008 2767 [Op.,
1020 2708 1080 2751 tom.
1092 2704 1135 2752 rii.
1148 2703 1194 2751 ool.
1206 2703 1262 2754 774.
1273 2703 1337 2765 A.];

103 2819 219 2883 [Nullam
309 2805 451 2868 'landem
476 2815 583 2869 autem
608 2808 736 2886 fatetur,
754 2817 787 2871 et
801 2813 927 2891 plenam
960 2813 1089 2892 reliquis
1104 2812 1264 2891 Apostolis
1279 2818 1370 2892 pote·

102 2899 205 2996 {ffioss
265 2914 376 2970 statem
388 2909 495 2970 datam
506 2911 540 2971 in
552 2910 721 2974 Ecclesiae
750 2913 815 2976 Ubi
832 2915 964 2977 datam?
992 2915 1075 2977 Cum
1092 2915 1172 2977 dixit
1187 2914 1262 2992 illis,
1280 2916 1370 2977 Sicut

103 3014 253 3139 {iiiiii
265 3012 349 3072 misit
366 3012 421 3072 Me
437 3013 544 3090 Pater,
566 3020 595 3076 et
611 3014 681 3096 qu
702 3017 869 3079 mitteres.
916 3018 978 3079 Pur
993 3018 1036 3080 ibi
1051 3024 1193 3100 potestas
1209 3017 1369 3095 omnibus,

104 3142 193 3190 tabuit
267 3114 362 3196 plena
391 3115 549 3178 omnibus.
607 3118 672 3180 Sed
705 3120 791 3201 lonqe
822 3126 923 3182 tarreen
953 3122 1046 3182 aliter
1074 3126 1261 3201 potestatem
1291 3122 1371 3184 banc

104 3204 128 3254 ⁸·
142 3205 162 3254 P
163 3205 252 3270 erma]
267 3217 375 3280 babuit
398 3219 521 3282 Pet-rus.
570 3221 679 3283 Gratis
700 3222 760 3285 hoo
779 3244 860 3305 saepo
880 3223 1001 3286 dietum
1021 3245 1040 3285 a
1059 3223 1246 3299 Cardinsle3
1271 3225 1370 3305 gratis

267 3319 320 3382 bio
335 3320 461 3386 dieitur.
509 3323 600 3385 Petri
608 3330 752 3405 potestus
762 3327 925 3388 ordinaria
933 3326 1011 3406 fait,
1029 3329 1215 3408 reliquorum
1227 3333 1371 3389 entraor-

269 3424 404 3486 dinaria.
452 3427 568 3489 Petrus
584 3436 778 3508 potestatem
794 3450 884 3490 suum
900 3432 1113 3493 transmittere
1127 3432 1242 3513 potuit,
1255 3432 1371 3515 reliqui

267 3548 333 3589 non
363 3536 547 3609 potuerunt.
594 3531 709 3593 Petrus
740 3532 837 3594 etiam
872 3554 964 3613 super
993 3535 1159 3615 Apostolos
1181 3541 1370 3615 potestatem

268 3631 395 3693 naban:
421 3632 548 3714 Reliqui
571 3635 687 3695 nullam
707 3636 888 3698 babuerunt.
935 3637 1000 3700 Ubi
1020 3638 1142 3699 verbnm.
1166 3641 1370 3718 conpressum?

269 3732 335 3795 Ubi
351 3734 482 3795 Petrum
498 3736 583 3798 vox?
600 3736 656 3799 ubi
674 3738 804 3800 Concilii
817 3741 927 3803 Canon
945 3740 1054 3803 ullus?
1079 3741 1118 3804 dc
1132 3743 1226 3803 Petro
1242 3743 1369 3804 ordi-na-

267 3836 325 3910 rio,
351 3834 388 3897 de
405 3839 574 3916 potestatis
598 3840 831 3904 transmissione
853 3842 899 3903 illi
923 3844 981 3905 soli
1001 3844 1137 3927 propria,
1158 3845 1197 3906 de
1214 3851 1371 3925 potestate

266 3957 358 4017 super
373 3940 567 4018 Apostolos?
612 3943 844 4006 Phantasmatu
859 3946 927 4008 liceo
943 3968 1031 4008 mera
1047 3954 1133 4009 suut.
1179 3949 1267 4010 Dicit
1282 3945 1320 4010 eu
1334 3948 1371 4011 in

271 4039 527 4120 Controversiisb,
544 4047 654 4126 repetit
669 4047 722 4108 hic
737 4048 925 4126 Cardinalis,
936 4049 1052 4129 probat
1068 4072 1236 4132 nusquam.

298 4175 452 4238 Apostolus.
465 4215 471 4226 .
485 4215 490 4227 .
505 4179 605 4241 Paulus,
617 4183 716 4232 etiamsi
728 4183 864 4245 Apostolus
881 4200 931 4234 non
944 4187 1036 4245 luisset,
1049 4185 1092 4236 sed
1103 4187 1212 4249 simplex
1224 4186 1371 4250 Episcopus,

330 4257 402 4308 focile
414 4264 512 4324 poterat
524 4261 647 4311 incestum
658 4262 818 4313 Corinthium
828 4280 872 4328 por
884 4266 1017 4316 Ecclesiam
1027 4267 1215 4317 Corinthiorum
1225 4269 1316 4331 spiritu
1327 4283 1372 4318 suo

296 4468 307 4502 δ
325 4472 397 4537 [Bou.
405 4475 436 4526 do
446 4474 516 4527 Rom.
527 4477 599 4527 Pout
611 4477 656 4529 lib.
664 4479 695 4529 iv.
708 4496 761 4544 esp.
771 4485 809 4532 25.
823 4487 834 4544 ᾗ
846 4483 1021 4549 ‘Respondco'
1033 4485 1087 4548 Op,
1101 4487 1188 4536 tomi.
1201 4502 1224 4550 p.
1234 4486 1338 4552 231.G.]

69 4554 146 4632 'X
