2910 4926
453 810 505 870 An
529 810 638 872 Canon
661 810 849 873 Sneunuun.

131 1022 203 1080 Quod
214 1038 265 1073 non
277 1025 311 1073 sit
320 1027 461 1076 communis
472 1043 545 1078 causa
557 1027 854 1092 BagisAuglorum,cum
867 1027 983 1091 Regibus,
996 1033 1022 1078 et
1034 1027 1201 1092 Principibus.
1255 1053 1261 1059 -

165 1103 327 1167 Orthodoxis,
344 1111 370 1155 et
387 1107 641 1173 Catholicis—[Bell.
655 1111 729 1174 Apol.
746 1125 792 1174 pro
808 1109 892 1173 Resp]
909 1124 934 1172 p.
944 1113 983 1160 21.
1002 1110 1068 1175 [Op.‚
1085 1115 1146 1160 tom.
1158 1110 1202 1159 vii.

164 1187 219 1236 716.
233 1187 275 1251 Ι).]

101 1302 192 1374 Quod
212 1305 379 1366 commanis
401 1305 443 1367 sit
468 1326 563 1368 consa
587 1305 684 1388 Rapis
707 1308 890 1389 Anptornna,
913 1328 981 1370 corn
1002 1307 1148 1389 chibaa,
1172 1311 1202 1369 et

315 1408 526 1488 Principibus,
546 1410 745 1489 orthodoxis,
761 1417 791 1473 et
810 1412 988 1474 Catholicis.

131 1772 180 1822 Sed
198 1773 289 1824 frustra
305 1775 402 1825 laborat
418 1775 479 1838 Rex,
493 1781 522 1827 ut
539 1793 637 1829 causam
655 1779 730 1828 istam
748 1794 907 1829 communem
919 1777 1114 1843 saciat—[Bell.
1129 1776 1202 1842 Apol.

164 1869 209 1917 pro
221 1855 309 1920 Besa]
323 1871 347 1919 p.
357 1859 396 1906 21.
416 1859 486 1922 [Op.‚
498 1865 560 1908 tom.
570 1860 613 1908 vii.
625 1860 671 1909 col.
684 1860 739 1911 717.
752 1860 798 1922 Α.]

100 1954 244 2018 Samonu
265 1978 339 2020 vero
361 1957 455 2021 haec?
504 1961 636 2022 Fraastro
660 1960 783 2023 loborat
806 1961 885 2037 Rea,
906 1965 941 2022 nt
965 1980 1091 2022 canaam
1115 1979 1204 2035 mona
1219 1977 1313 2043 [eausa

99 2078 285 2122 commanem
300 2061 416 2141 faciat,
433 2062 511 2125 dum
532 2086 589 2146 pro
604 2065 786 2127 Jnrannento
808 2069 943 2146 pugnat,
960 2062 1045 2145 quod
1061 2063 1203 2146 Regibus
1217 2038 1368 2169 fflffi

98 2160 134 2222 in
148 2162 335 2226 uuiversum
355 2166 499 2247 praestari
522 2165 640 2229 debet?
673 2167 745 2229 Imo
766 2188 849 2243 vero,
866 2166 995 2246 frastra
1012 2166 1201 2244 Cardinatis,
1215 2171 1321 2236 agitne]

98 2269 134 2325 nt
142 2267 315 2345 propriam.
362 2268 472 2346 Quasi,
490 2268 575 2351 quod
589 2270 732 2351 praestari
748 2269 843 2333 debet
859 2268 1018 2345 omnibus,
1037 2270 1201 2350 propriam
1393 2263 1396 2267 ’

100 2366 134 2429 id
153 2368 258 2446 unius,
275 2391 342 2433 non
366 2372 499 2434 omninno
522 2392 685 2450 commane,
702 2371 886 2436 habendum
910 2373 963 2435 sit.
1010 2372 1111 2438 Quasi
1125 2393 1201 2436 vero

100 2469 199 2533 etiam
222 2472 399 2536 Jnrornenti
422 2476 519 2537 salins
541 2475 587 2538 ibi
610 2497 660 2538 res
682 2475 775 2538 foret.
821 2477 864 2538 Et
885 2474 1082 2558 estquidam
1103 2476 1201 2538 Jnra·

100 2576 204 2651 menti,
220 2595 287 2638 uon
301 2581 411 2640 tamen
425 2580 530 2640 sotios.
577 2578 642 2642 Sed
656 2579 706 2641 fac
721 2599 799 2642 esse.
845 2579 973 2655 Nonne,
990 2577 1031 2640 ad
1048 2577 1152 2660 Reges
1165 2578 1200 2640 id

99 2676 134 2738 in
158 2698 312 2741 commone
336 2686 468 2762 spectat,
493 2681 548 2744 ubi
570 2683 660 2765 justa
683 2681 795 2745 incidit
815 2681 948 2759 occasio,
969 2703 1021 2759 au,
1039 2680 1075 2743 in
1097 2681 1201 2744 officio

99 2788 283 2845 constantes
309 2804 379 2846 esse
402 2784 503 2847 velint
528 2785 658 2863 subditi,
685 2806 742 2868 per
765 2806 891 2861 novam,
918 2792 950 2847 et
976 2805 994 2846 e
1023 2805 1058 2848 re
1087 2792 1200 2847 natum

99 2884 276 2948 Jnrorncnti
304 2887 476 2950 formulam
506 2888 716 2971 explorandi3
755 2908 825 2951 eam
856 2887 1016 2951 condendi
1049 2888 1103 2970 jus
1132 2908 1200 2951 uon

100 2991 195 3052 esse?
241 2991 312 3053 Nee
336 2991 556 3074 inposterum
580 2993 696 3070 Caesar,
718 2993 884 3075 Regumve
905 2991 985 3074 quis,
1009 3012 1199 3075 quacunque

100 3090 230 3155 demum
257 3093 431 3170 occasione,
455 3093 519 3156 suis
546 3095 771 3158 iuramentum
799 3094 930 3171 deferat,
960 3094 1023 3157 nisi
1052 3095 1199 3157 consulto

99 3194 249 3277 primum,
274 3204 307 3259 et
329 3205 404 3260 ente
428 3197 545 3275 omnia,
569 3197 740 3260 Pontifice:
766 3196 828 3259 nisi
849 3197 897 3259 vel
921 3197 1063 3260 dictante
1085 3218 1133 3274 eo,
1149 3196 1199 3259 vel

99 3307 282 3363 aunuente:
305 3301 368 3363 nisi
381 3302 492 3364 Romae
503 3301 640 3383 denique
657 3322 784 3364 eausam
799 3300 933 3383 probare
947 3300 1067 3382 possit:
1092 3321 1198 3381 quam,

98 3402 162 3463 nisi
185 3402 308 3485 probet,
333 3404 442 3467 statim
467 3404 562 3467 Brevi
586 3403 692 3485 aliquo
716 3403 836 3484 Papali,
853 3401 893 3465 de
909 3402 1101 3465 Christianis
1126 3402 1199 3465 suti

99 3505 185 3583 ditis,
201 3507 377 3570 Pharisaeos
400 3507 479 3585 fieri,
496 3507 535 3570 de
559 3506 674 3589 quibus
690 3506 869 3588 Josephuss
890 3505 1010 3583 scribit,
1034 3505 1119 3588 quod
1139 3505 1199 3569 soli

100 3607 198 3671 fidem
214 3631 305 3672 suam
317 3610 526 3694 jurejurando
542 3610 661 3673 Caesari
676 3609 817 3691 obligare
833 3609 1008 3672 renuerint.

133 3726 183 3775 Cur
199 3732 284 3777 antem
301 3729 442 3778 communis
458 3744 531 3778 causa
542 3734 638 3791 agatur,
656 3729 731 3778 unico
742 3728 818 3778 verbo
828 3727 1054 3791 attingit-[Bell.
1067 3729 1141 3793 Apol.
1153 3743 1199 3792 pro

165 3807 252 3872 Resp]
266 3824 289 3872 p.
300 3812 338 3859 21.
352 3810 421 3874 [Op.‚
432 3814 494 3859 tom.
503 3811 546 3859 vii.
561 3811 606 3859 col.
620 3812 674 3861 716.
687 3809 733 3872 Ι).]

144 3910 347 3992 Quamquam
371 3931 445 3972 vero
469 3910 547 3987 Rex,
571 3910 616 3972 sie
640 3911 729 3972 unico
752 3909 843 3972 verbo
864 3930 989 3972 cansam
1012 3910 1120 3991 attipit
1130 3935 1141 3982 ;
1165 3916 1199 3971 at

98 4011 194 4074 unico
218 4012 283 4090 illo,
310 4034 379 4094 quae
400 4013 436 4075 in
458 4014 640 4075 iuramento
664 4013 776 4076 insunt
798 4013 912 4095 capitu,
933 4012 1115 4095 complexus
1138 4019 1197 4074 est.

100 4118 130 4179 l.
157 4116 257 4197 Renes
281 4117 319 4178 de
342 4117 430 4178 sotiis
453 4117 612 4197 deponere,
637 4124 693 4179 aut
714 4124 762 4197 (ut
787 4138 860 4180 eum
883 4116 1052 4180 Cardinale
1072 4115 1195 4196 loquar)

98 4221 181 4282 omni
201 4225 358 4301 potestate
384 4240 505 4283 cnunc.
550 4224 580 4284 2.
611 4221 660 4283 De
683 4221 799 4301 Repnis
825 4222 962 4302 ipsoram
981 4240 1042 4300 pro
1067 4217 1198 4280 arbitrio

97 4328 245 4386 statuere.
290 4325 322 4386 3.
353 4325 496 4387 Ditiones
526 4345 630 4387 eornm
656 4324 823 4386 invadendi
852 4323 989 4385 nostibus
1011 4325 1199 4404 potestatem

196 4458 206 4480 ¹
224 4450 353 4515 [Joseph.]
370 4451 456 4515 Antiq.
469 4452 484 4500 J
488 4450 527 4500 ud.
540 4452 584 4501 lib.
596 4452 658 4502 xvii.
671 4452 752 4516 [cap]
765 4454 787 4501 3.
802 4451 847 4514 [al.
860 4454 883 4500 2.
896 4455 956 4500 tom.
967 4451 983 4500 i.
996 4463 1020 4513 p.
1029 4448 1099 4511 830]
