2910 4926
256 261 301 323 40
569 271 612 318 m
634 270 825 319 cluanuama
846 271 1044 319 animuum

258 429 414 513 quaedam,
430 428 528 510 longo
543 434 615 510 post
629 427 808 506 intervallo,
824 449 844 491 a
858 428 973 492 vostris
988 427 1243 512 superseminata
1263 448 1359 490 eruu-

258 542 392 598 carunt:
417 554 601 617 quanquam
616 541 649 595 et
671 532 727 595 illa
745 533 815 616 ipsa
836 533 957 596 zizania
979 540 1054 596 ante
1077 532 1205 596 illorum
1223 532 1288 596 hue
1303 532 1360 594 ad·

257 645 391 703 ventum
418 658 537 720 magna
562 657 601 699 ex
624 644 714 719 parte
737 644 771 700 et
796 635 939 700 indicata
967 644 1070 713 erant,
1093 643 1126 699 et
1150 636 1266 699 evulsa
1313 635 1359 697 lli

258 751 368 808 autem
386 744 421 805 ia
435 741 556 804 labores
571 742 705 803 aliorum
719 740 909 820 intrarant,
925 749 967 819 et,
985 750 1023 805 ut
1040 741 1110 804 illis
1129 742 1164 804 in
1184 762 1219 804 re
1235 740 1359 804 Acade-

257 846 342 910 mica
363 845 459 909 modo
483 843 646 928 suppetias
668 844 800 923 ferrent,
823 867 953 928 operam
976 846 1029 909 hic
1055 867 1145 908 suam
1171 851 1358 927 posueruut.

252 949 442 1015 'Cardinalis
455 955 574 1025 autem,
591 948 683 1031 quasi
704 949 757 1012 hic
778 949 899 1012 Christi
917 969 958 1012 ne
978 970 1098 1012 nomen
1118 948 1248 1031 quidem
1271 948 1360 1010 audi-

258 1061 340 1132 tum,
357 1051 510 1116 Ecclesiae
524 1050 621 1114 facies
643 1052 742 1130 nulla,
758 1053 837 1116 fides
859 1074 927 1115 non
947 1053 1009 1115 alia
1031 1074 1128 1135 quam
1150 1072 1253 1134 nuper
1275 1051 1360 1132 apud

259 1160 412 1241 depones,
429 1156 486 1219 sed
504 1157 711 1239 paganismus
732 1178 840 1220 merus
860 1157 1046 1240 priusquam
1067 1157 1131 1220 huc
1152 1156 1200 1219 illi
1222 1156 1359 1239 appelle-

257 1271 351 1340 rent3
374 1262 421 1326 ita
435 1269 590 1343 tanquam
605 1261 777 1343 Apostolos
792 1261 856 1324 hue
871 1260 1058 1324 adventasse
1074 1259 1221 1323 somniat.
1258 1259 1360 1341 Atqui

263 1367 338 1450 (Dei
361 1365 475 1450 gratia)
502 1364 565 1443 Illi,
588 1375 626 1427 ut
649 1365 712 1428 hue
734 1373 903 1443 venerunt,
923 1364 1118 1429 invenerunt
1141 1364 1360 1447 Apostolicaru

259 1470 312 1534 bic
341 1470 449 1548 fidem,
480 1489 554 1532 cum
592 1468 756 1552 Symbolo,
788 1491 862 1533 eum
900 1469 1026 1552 scriptis
1056 1469 1295 1552 Apostolorum,
1327 1467 1360 1527 in

259 1595 378 1657 magno
404 1581 437 1636 et
465 1572 586 1636 honore
615 1578 648 1634 et
678 1572 800 1654 pretio;
840 1581 936 1657 atquc
971 1572 1079 1656 (audi)
1112 1571 1234 1655 majore
1265 1592 1359 1653 quarn

261 1678 382 1754 Romae,
398 1675 454 1739 ubi
469 1682 550 1754 tum,
572 1673 655 1757 (vide
670 1696 755 1753 vero,
771 1672 817 1739 ne'
836 1684 868 1739 et
887 1678 956 1761 jam
971 1677 1091 1757 etiam)
1109 1695 1250 1736 raeeraus
1274 1675 1293 1736 J
1296 1673 1361 1736 nris

260 1778 415 1844 Canonici
424 1779 539 1859 pluris,
553 1799 650 1860 quam
664 1778 836 1841 vindemia¹
850 1779 1041 1862 'l'heologiae
1075 1779 1216 1860 Recepta
1232 1777 1361 1860 quidem

260 1882 338 1945 olim
360 1880 395 1943 in
418 1880 589 1944 Britannia
610 1879 737 1963 publice
752 1882 841 1960 fides,
857 1882 1053 1965 priusquam,
1069 1881 1120 1943 vel
1144 1880 1264 1956 Romae,
1287 1879 1361 1960 (sive

260 1984 488 2049 Arimathius¹11
503 1983 557 2047 ille
573 1983 603 2047 ei
617 1983 665 2047 rei
680 1985 873 2068 Apostolum
889 2007 922 2048 se
938 1984 1083 2066 praebuit,
1095 2004 1151 2045 seu
1167 1982 1238 2064 quis
1254 1982 1357 2062 alius)

259 2086 332 2167 nec,
345 2088 419 2152 crin
433 2110 578 2171 unquam
594 2089 733 2152 exulavit
748 2089 825 2152 hiric
839 2088 986 2171 penitus3
1009 2096 1046 2150 ut
1061 2108 1122 2150 nec
1134 2085 1361 2149 Eleutheriusn

260 2199 367 2256 vester
382 2192 553 2275 quicquam
568 2191 661 2255 nobis
676 2193 858 2271 contulerit,
874 2200 1085 2276 praeterquam
1102 2189 1186 2274 quod
1202 2188 1361 2272 operarios

260 2296 297 2359 in
322 2295 500 2359 subsidium
526 2293 609 2357 forte
639 2294 874 2373 commodarit,
909 2295 965 2358 sed
993 2295 1134 2376 riqaadce
1162 2293 1215 2355 hie
1244 2293 1361 2375 potius,

262 2419 360 2480 quam
373 2397 578 2479 plantaadce⁰
600 2397 684 2476 fidei,
701 2398 786 2481 quod
806 2399 1035 2482 Apostolorum
1054 2405 1112 2461 est.
1157 2395 1361 2478 Augustinus

262 2508 370 2564 aritem
394 2499 577 2563 Monachus
599 2499 687 2563 idem
708 2499 790 2563 illud
809 2500 1007 2567 Britannicis
1026 2500 1080 2563 hic
1098 2497 1263 2582 Episcopis
1282 2518 1361 2580 pne·

262 2613 347 2668 stare
363 2603 528 2681 debuerat,
540 2611 573 2666 et
588 2603 652 2666 illis
668 2605 812 2667 deutrum
826 2606 1003 2667 roderetur
1019 2605 1111 2667 dare:
1136 2602 1314 2666 debuerant
1329 2609 1362 2662 et

262 2709 316 2792 qui
332 2707 435 2771 secuti
458 2714 553 2783 suut3
576 2706 640 2769 nisi
659 2707 827 2791 praeripere
850 2708 980 2785 nostris,
1004 2706 1157 2790 sibiipsis
1178 2705 1362 2768 Monacbis-

262 2833 324 2894 que
341 2811 416 2887 suiS,
433 2832 471 2874 co
490 2811 586 2889 facto,
603 2812 770 2895 gloriolam
785 2813 904 2890 venari,
928 2835 1024 2896 quam
1047 2812 1095 2889 iis,
1115 2810 1169 2894 qui
1191 2811 1286 2872 fidem
1309 2808 1362 2870 bic

262 2913 384 2979 Christi
420 2921 506 2977 totos
544 2914 699 2978 ducentos
736 2937 838 2978 annos
875 2922 1111 2992 conservarant,
1147 2935 1240 2997 opem
1278 2913 1361 2975 ferre

261 3018 460 3082 maluissent.

305 3121 388 3183 Tum
417 3119 497 3183 illud
524 3122 561 3184 de
590 3122 756 3203 Apostutis
787 3124 950 3188 Cardinuli
980 3123 1106 3209 parcius
1145 3117 1361 3204 objiciendum

262 3224 377 3286 fuerat.
411 3224 657 3289 Renunciarunt
670 3227 784 3289 Ordini
800 3249 874 3292 suo:
900 3227 1113 3293 Renuncian't
1128 3234 1161 3290 et
1176 3225 1252 3307 ipse.
1284 3222 1361 3284 Pee-

262 3333 377 3390 carunt
392 3325 440 3390 illi
455 3326 489 3390 in
502 3327 706 3391 Dominieum
721 3330 770 3393 vel
782 3331 1022 3413 Augustinum:
1047 3330 1109 3393 llle
1120 3329 1155 3392 in
1167 3325 1360 3410 Ignatiuma

262 3430 304 3495 Id
327 3439 457 3495 tantum
482 3432 636 3497 interest:
669 3433 753 3516 quod
777 3435 817 3499 ab
841 3434 904 3497 illis
930 3436 991 3499 hoc
1015 3434 1136 3497 factum
1163 3440 1212 3495 est
1237 3430 1363 3513 injussu

262 3534 447 3599 Pontifieis:
483 3556 543 3598 nec
570 3536 608 3599 de
632 3536 813 3600 fraterculis
841 3545 879 3601 ut
909 3539 1023 3602 fierent
1049 3536 1245 3602 Cardinales.
1292 3533 1362 3595 Illis

262 3660 336 3701 cum
353 3639 479 3721 Religio
494 3647 579 3703 esset
594 3661 705 3704 curare
721 3642 822 3705 cutim
836 3643 870 3705 in
883 3643 1042 3721 Claustro,
1058 3652 1091 3706 et
1106 3643 1142 3705 in
1156 3642 1222 3704 otio
1238 3647 1361 3722 putres-

262 3760 343 3818 cere,
367 3740 558 3803 abdicarunt
580 3763 614 3805 se
631 3743 857 3807 Monachismo
880 3766 948 3823 suo,
974 3753 1010 3808 ut
1033 3746 1068 3808 in
1091 3742 1219 3826 legendi
1241 3741 1361 3824 preses-

150 3838 193 3900 32
262 3843 351 3906 sione
380 3843 517 3925 publica,
543 3852 577 3907 et
606 3847 776 3924 scribendi,
808 3856 937 3912 setatem
967 3854 1109 3931 agerent,
1134 3867 1171 3908 ac
1197 3866 1270 3908 eum
1297 3844 1363 3907 vita

260 3946 420 4010 laboriosa
442 3955 475 4011 et
497 3970 636 4031 paupere
659 3951 831 4029 cucullum,
854 3973 920 4015 non
944 3973 1018 4015 cum
1040 3952 1119 4013 luxu
1143 3956 1175 4013 et
1195 3948 1362 4032 splendore

259 4057 507 4115 commutarent.
554 4052 734 4116 Cardinalis
760 4055 845 4117 idem
871 4055 932 4118 hoc
958 4054 1073 4136 etipse
1097 4052 1173 4115 feeit
1201 4052 1361 4133 (scilicet):

292 4206 303 4240 ¹¹
333 4209 350 4258 J
351 4226 406 4261 oan
417 4213 450 4261 ir.
460 4213 511 4275 38.]
860 4223 871 4245 ⁰
881 4211 958 4279 [Vide
966 4213 1123 4262 mundun.
1133 4210 1199 4259 llecl.
1207 4210 1238 4259 ad
1246 4213 1317 4259 sunl
1324 4214 1362 4259 83.

291 4271 299 4305 ¹
335 4274 531 4326 casamenti.
544 4279 566 4326 ‘A
580 4278 667 4342 Vulgi
829 4278 907 4328 Num.
918 4280 954 4326 iii.
967 4284 1027 4327 torn.
1040 4278 1066 4325 ii.
1079 4276 1125 4326 rol.
1139 4278 1208 4339 300.]

292 4346 310 4369 ¹¹
323 4339 375 4403 [Ut
391 4342 466 4391 refert
483 4342 611 4392 Wilbelm.
624 4343 741 4394 Mulursb.
754 4342 786 4392 dc
862 4352 874 4374 ⁰
893 4345 918 4405 [l
933 4343 988 4391 Gor.
1000 4344 1038 4390 iii.
1054 4341 1089 4404 6.]

259 4402 415 4467 Antiquitat.
429 4406 541 4456 (llaston.
552 4408 618 4470 apud
632 4409 710 4458 (lalui
731 4408 786 4456 lter.
864 4417 875 4447 Ρ
894 4405 962 4470 [Gal.
974 4408 994 4456 ii
1013 4408 1047 4468 a]

81 4506 158 4636 h
256 4468 429 4533 Anglrtcript
439 4472 788 4536 lomi.p.292.0xon1691.]
864 4480 875 4513 t
894 4471 975 4537 [Vide
987 4487 1069 4535 supra,
1083 4486 1106 4533 p.
1115 4474 1138 4519 6.
1150 4476 1209 4520 note
1221 4468 1255 4531 1.]
