2910 4926
203 246 247 308 42
516 263 559 311 11
582 263 775 315 cincinnus
796 265 996 314 1111111111

204 439 302 501 quam
326 417 469 482 lecturus
495 418 548 498 sit,
573 420 600 483 si
625 420 794 484 nationum
824 422 967 485 omnium
993 427 1090 504 atque
1117 423 1305 486 saeculorum

204 523 373 587 historiam
388 524 494 588 volvat
510 531 543 588 et
557 525 710 589 revolvat.
754 525 928 606 Manifesta
944 528 1001 589 boc
1016 526 1138 607 quidem
1153 529 1306 590 conctact-

205 633 267 706 tar,
282 628 319 691 in
333 627 408 691 fidei
422 628 510 691 illius
526 636 680 707 semente,
698 649 769 712 quae
782 650 871 692 nune
894 629 979 712 apud
1001 629 1102 693 Indos
1123 630 1218 713 viget,
1235 653 1306 714 quae

207 731 424 796 Seminatores
447 731 562 795 habuit
588 731 740 810 lesuitas,
765 732 837 815 plus
866 732 1045 810 turbamm‚
1069 740 1102 796 et
1127 733 1304 813 turbinum,

204 836 276 919 plus
301 835 437 899 feritatis
463 843 560 919 atque
582 834 793 900 immanitatis
815 835 969 914 barbarae,
992 837 1064 921 plus
1090 839 1304 922 lacrymarum

204 947 301 1023 atque
316 939 481 1022 sanguinis
495 940 713 1019 intervenisse,
729 940 801 1024 plus
821 941 976 1025 (inquam)
993 943 1130 1006 infinitis
1150 944 1306 1026 partibuS,

204 1065 302 1127 quam
316 1045 367 1108 vel
378 1043 418 1107 de
429 1043 537 1108 Scotia
548 1043 621 1122 dici,
637 1045 754 1128 tingive
768 1046 880 1129 possit,
889 1047 940 1110 vel
952 1054 1048 1130 gente
1062 1048 1129 1110 ulla
1140 1048 1304 1126 Gentium,

202 1148 238 1211 in
253 1170 317 1233 qua
332 1148 531 1212 Reformatio
550 1157 661 1212 nostra
674 1148 789 1231 pedem
803 1149 919 1232 posuit.
964 1151 1036 1214 Nec
1050 1150 1084 1213 id
1101 1152 1183 1214 dicit
1201 1153 1304 1229 chl',

203 1274 264 1318 nec
288 1254 404 1316 dictum
427 1254 545 1316 voluit:
580 1251 634 1335 qni
660 1252 860 1336 Religionem
885 1253 921 1317 in
947 1255 1055 1319 Scotia
1078 1257 1303 1333 reformarunt,

202 1357 352 1421 factiosos
365 1357 465 1420 fuisse
480 1377 602 1420 omma.-
625 1356 659 1419 id
675 1364 707 1419 et
721 1357 832 1436 voluit,
848 1365 881 1422 et
894 1359 985 1435 dicit,
1001 1366 1172 1443 postquam
1186 1361 1305 1443 prodiit

198 1463 328 1547 jamin
353 1461 519 1547 publicum
550 1461 759 1541 Reformatio,
786 1469 819 1525 et
848 1462 965 1546 plebeii
984 1464 1068 1547 juris
1097 1465 1182 1528 facta
1202 1472 1305 1527 esset:

202 1568 363 1632 exstitisse
386 1568 516 1631 demum
538 1566 692 1650 quosdam
722 1566 881 1648 (quosdam
902 1567 1002 1649 mode)
1030 1568 1113 1632 male
1136 1568 1305 1645 animatos,

203 1673 319 1758 quibus
335 1674 370 1737 in
384 1673 516 1758 proclivi
536 1681 608 1736 tum
629 1671 691 1735 fuit
709 1671 909 1736 occasionem
926 1673 1066 1755 arripere
1080 1673 1115 1735 in
1130 1673 1223 1756 plebe
1238 1681 1306 1737 tarn

202 1780 307 1843 multa
329 1787 397 1843 tam
419 1776 600 1861 promiscua
622 1775 782 1839 tumultus
805 1774 973 1838 excitandi.
1019 1778 1064 1839 At
1080 1777 1194 1840 Divino
1217 1780 1306 1859 quasi

201 1884 352 1946 miracala
363 1882 565 1965 reformatam
576 1881 620 1943 ibi
630 1881 664 1943 ia
676 1881 784 1943 Scotia
794 1881 972 1963 reliyionem
984 1880 1107 1945 dixerat
1120 1883 1198 1960 Rex,
1215 1904 1253 1946 ex
1268 1905 1306 1947 eo

202 1987 298 2071 quod,
318 1987 373 2069 (1.)
385 1988 483 2049 malta
495 1984 804 2065 tumtemerefiercnt
815 1987 999 2049 acaecitate
1009 1987 1218 2049 multitudine:
1236 1996 1306 2050 turn

202 2088 299 2172 quod,
318 2088 373 2171 (2.)
394 2088 520 2170 quidam
538 2086 743 2168 cupiditatum
763 2107 891 2148 eamcam
913 2087 1034 2150 turbine
1052 2088 1307 2168 mammotrepti

202 2194 306 2256 divino
317 2214 382 2256 sese
394 2194 479 2275 operi
489 2192 713 2255 immiscerent:
731 2189 806 2253 dein
824 2191 878 2271 (3.)
897 2191 941 2272 (et
953 2191 1014 2255 hoc
1027 2191 1111 2254 mala
1121 2191 1184 2254 title
1196 2193 1304 2255 omisit

202 2297 393 2377 Cardinalis)
410 2296 493 2378 qaod
505 2296 591 2358 11111
603 2295 647 2357 ad
659 2296 724 2358 lcaec
734 2295 894 2375 Principia
908 2296 1079 2358 auctoritas
1094 2296 1306 2360 intervenisset

206 2402 252 2482 (at
262 2402 295 2462 ia
306 2399 561 2481 Anytia,Daaia,
572 2403 664 2479 atquc
679 2397 789 2478 111111)
816 2403 988 2478 postremo,
1009 2397 1063 2480 (4.)
1079 2397 1164 2481 quod
1179 2400 1306 2461 Coacta-

200 2511 325 2568 aatores
347 2503 473 2585 quidam
489 2501 606 2583 plebeii
622 2507 688 2563 tam
706 2499 857 2562 llibaaor
876 2502 1017 2583 aperiat:
1042 2501 1128 2584 quod
1147 2502 1301 2586 (inquam)

200 2629 269 2672 non
291 2606 495 2671 obstantibus
518 2610 652 2687 quotuor
672 2604 734 2682 his,
756 2624 828 2687 quae
849 2604 953 2667 obniti
976 2605 1176 2684 videbantur,
1192 2607 1305 2688 religio

200 2717 312 2773 tamen
331 2708 377 2772 ibi
398 2708 572 2772 reformata
587 2707 649 2771 Dei
669 2707 788 2770 virtute
807 2706 993 2771 obtinuerit.
1040 2709 1113 2772 Iloc
1128 2709 1176 2772 ita
1190 2709 1305 2791 accipit

201 2811 391 2890 Cardinalis,
407 2811 454 2874 ita
477 2810 577 2893 accipi
599 2810 669 2874 vult
692 2832 712 2873 a
733 2811 879 2890 Lectore,
896 2833 933 2875 ae
955 2813 982 2875 si
1006 2813 1085 2891 Rex,
1099 2811 1254 2893 factiosos
1273 2821 1305 2875 et

202 2915 395 2979 turbulentos
413 2914 486 2977 illos
501 2914 693 2995 Retiptoaem
714 2935 753 2977 eo
772 2916 940 2994 invexisse,
959 2916 1029 2999 ejus
1053 2922 1173 2978 satores
1189 2914 1303 2996 faisse,

202 3018 353 3082 dixisset:
377 3038 452 3081 cum
466 3016 500 3079 id
514 3017 627 3100 procul
641 3039 660 3080 a
674 3024 785 3081 mento
801 3018 900 3101 Regis
913 3024 952 3081 ut
967 3018 1130 3096 scriberet,
1145 3018 1211 3081 imo
1227 3039 1303 3081 con-

201 3121 338 3185 trarium
353 3120 447 3204 plane
462 3118 581 3184 diserte
596 3120 757 3202 scripserit
762 3145 772 3198 ς
795 3120 972 3184 admiratus
984 3121 1020 3184 in
1036 3143 1084 3199 eo,
1101 3142 1174 3184 cum
1189 3129 1304 3205 poten-

200 3223 292 3302 tiam,
308 3230 380 3287 tum
401 3222 637 3307 providentiam
661 3224 733 3302 Dei,
750 3223 836 3307 quod
858 3244 931 3287 cum
955 3223 990 3287 hi
1011 3231 1062 3287 tot
1084 3224 1189 3288 obices
1209 3226 1304 3308 positi

202 3327 403 3411 oppositique
428 3326 560 3405 fuerint,
585 3326 711 3409 Religio
734 3336 854 3406 tamen,
882 3326 974 3411 quasi
997 3326 1115 3391 Divino
1139 3327 1303 3406 miraculo,

200 3433 308 3497 locum
327 3432 363 3496 in
380 3431 488 3496 Scotia
510 3454 604 3495 suum
625 3440 798 3496 consecuta
819 3432 870 3495 sit.
917 3434 1059 3496 'lantum
1080 3432 1181 3516 igitur
1202 3433 1302 3512 abest,

200 3541 239 3599 ut
261 3535 383 3600 diceret
405 3557 462 3619 per
487 3536 545 3598 hos
569 3535 798 3614 introductam,
813 3543 851 3598 ut
875 3556 932 3619 per
954 3556 1007 3599 cos
1029 3557 1143 3619 parum
1165 3535 1303 3599 abfuisse

201 3638 328 3718 dixerit,
343 3661 386 3703 nc
408 3639 539 3702 omnino
556 3646 664 3722 posset
682 3637 863 3702 introduci:
888 3637 977 3716 adeo,
994 3660 1060 3702 non
1080 3646 1200 3702 satores
1219 3639 1302 3715 illos,

201 3748 239 3804 nt
255 3741 346 3824 quasi
360 3740 401 3803 ad
416 3740 608 3803 miraculum
623 3738 837 3823 obstupescat,
855 3741 940 3825 quod
954 3741 989 3804 in
1004 3740 1073 3824 ipsa
1087 3749 1241 3818 semente,
1258 3741 1303 3803 sic

201 3865 259 3926 per
280 3865 335 3907 eos
358 3849 497 3928 accepta,
513 3864 580 3907 non
603 3844 744 3928 perierit.
798 3845 860 3908 Per
883 3866 938 3909 eos
962 3845 1048 3908 enim
1073 3866 1140 3909 nou
1166 3845 1301 3922 stetisse,

233 4045 250 4068 v
263 4031 293 4096 [‘'
300 4032 441 4096 Religionis
452 4034 480 4082 in
491 4032 575 4083 Scotia
584 4031 730 4082 reformatio
773 4036 799 4083 et
817 4032 900 4083 Daaia
920 4032 1014 4083 tactum
1037 4035 1083 4093 est,
1101 4031 1226 4093 variisque
1245 4030 1303 4079 Ger·

201 4099 318 4153 nonsine
335 4097 660 4148 11111111111111111111111
677 4112 730 4160 per·
773 4098 866 4147 manias
887 4097 1009 4161 partibus.
1043 4096 1095 4146 llic
1122 4112 1136 4147 e
1159 4097 1302 4145 ministerio

201 4173 258 4219 acts
279 4162 336 4212 suit
381 4163 443 4213 'lam
463 4164 545 4213 multa
566 4164 594 4212 in
613 4162 729 4227 populari
773 4162 889 4212 homines
910 4162 1028 4212 nonnulli
1052 4162 1201 4225 praecipites,
1225 4162 1302 4222 ignei,

200 4230 352 4281 tumultuet
368 4227 505 4278 rebellione
522 4228 618 4277 civium
635 4231 730 4290 pertur-
773 4227 887 4288 audaces,
904 4228 932 4276 11
950 4227 996 4276 hac
1015 4226 1184 4276 humanamm
1206 4225 1301 4274 divina-

201 4297 259 4347 batc
271 4293 422 4352 foemineis,
433 4294 465 4343 ab
476 4293 516 4351 iis,
528 4292 572 4356 qui
583 4293 636 4341 suis
647 4291 729 4341 indui·
771 4306 877 4354 rumque
894 4306 977 4341 rerum
989 4292 1142 4350 contusione,
1155 4291 1210 4352 jam
1223 4296 1303 4353 potcs-

199 4365 289 4426 gentes
299 4357 429 4408 affectibus
445 4357 493 4408 Dei
512 4371 574 4421 opus
590 4357 729 4406 nescientes
772 4362 851 4406 tatem
868 4357 1029 4406 tribunitiam
1041 4371 1084 4419 spo
1096 4366 1163 4405 certa
1173 4356 1302 4405 devorare·

220 4423 396 4481 remorabant;
414 4427 441 4472 ct
460 4422 514 4472 baec
531 4422 617 4471 omnia
636 4421 729 4483 absque
772 4420 960 4472 rant.”-Basil.
974 4422 1032 4471 Dor.
1044 4422 1124 4471 libii.
1135 4436 1159 4487 p.
1171 4421 1225 4483 ta]

200 4441 403 4554 l'rincipisjnsan
411 4505 418 4550 ς
427 4492 514 4538 contra
520 4501 596 4550 qaam
601 4487 629 4535 in
634 4487 730 4548 Augila
