2910 4926
443 302 626 351 erosoorsu
648 303 829 352 ursrousro.
1121 286 1186 347 453

134 454 217 518 Vide
232 475 316 534 vere,
332 476 373 520 nc
392 457 419 519 si
440 460 555 521 mulum
576 459 681 522 Mmae
695 458 887 522 vaticinatus
908 457 950 520 sit
972 457 1011 519 ab
1033 457 1187 538 Aquilone

90 565 123 619 et
139 557 302 636 Luthero;
325 580 367 623 ne
381 560 514 643 impleta
524 562 593 644 jam
612 560 779 644 prophetia
800 560 851 624 sit.
898 561 980 623 Cum
1000 559 1087 623 enim
1102 557 1186 640 apud

90 657 220 737 Jobum,
247 660 346 723 Elihu
374 661 470 739 dicat,
500 662 551 724 Ab
573 663 728 743 Aquilone
751 682 861 723 aarum
886 658 1012 723 versire1¹
1034 658 1083 745 (et
1097 659 1185 723 venit

88 768 174 823 certe
200 762 324 845 copiose
350 764 391 826 ad
416 785 481 841 vos,
506 772 581 827 aute
607 765 789 828 Lutherum
814 784 888 827 eum
910 763 1044 826 tenebris
1066 762 1141 840 suis,
1168 783 1186 825 e

94 865 263 928 Germania
278 872 403 948 totaque
418 868 608 949 Aquilonem·
621 867 738 951 playa)
755 888 815 930 nee
836 873 903 929 tam
922 887 993 929 care
1007 866 1076 949 jam
1091 886 1187 929 venc-

90 975 148 1030 ant
162 968 387 1051 ludolpemtie:
411 992 452 1033 ne
475 970 557 1033 illud
572 973 687 1033 malum
709 970 761 1048 sit,
778 969 862 1052 quod
877 990 916 1032 ex
930 969 1084 1050 Aquilone
1098 968 1188 1032 vobis

92 1077 263 1135 venturum
288 1072 444 1136 Jeramias
469 1073 632 1136 indicavit.
679 1072 744 1136 Sed
769 1094 828 1135 nos
851 1071 985 1135 abduxit
1008 1072 1188 1137 Cardinalis

91 1174 215 1255 Aquilo.
261 1175 376 1257 Anglis
402 1156 519 1253 autem,
535 1197 602 1238 non
624 1175 711 1238 aliud
734 1176 834 1249 lumem
849 1174 979 1256 affislsit,
995 1196 1091 1257 quam
1107 1176 1189 1239 Ger·

92 1277 204 1354 manis,
220 1284 253 1340 et
268 1279 386 1360 Belgis,
412 1279 523 1355 Derris,
547 1288 579 1340 et
603 1278 722 1355 Suecis,
746 1285 779 1340 et
802 1277 940 1354 Polonis,
957 1286 989 1340 ct
1013 1278 1188 1360 Hungaris,

90 1386 123 1441 et
138 1379 271 1461 populis,
286 1381 341 1463 qui
356 1381 391 1442 in
406 1381 541 1443 circuitu
556 1388 631 1442 sunt
644 1380 778 1463 uspiam,
795 1379 951 1443 omnibus.
995 1379 1066 1443 Nec
1080 1401 1190 1444 mosam

90 1483 180 1560 illud,
209 1483 287 1564 quin
313 1483 490 1565 antiquum,
515 1483 663 1565 quodque
688 1482 776 1565 prius
798 1481 912 1559 fuerat,
939 1481 1190 1567 (interveniente

91 1591 220 1646 tantum
235 1585 427 1668 crepusculo,
440 1592 472 1648 et
486 1584 647 1647 noctiluca
659 1584 779 1666 vestra)
788 1584 1016 1667 aliquantisper
1027 1584 1062 1646 in
1076 1584 1191 1648 umbra

92 1696 185 1750 terrae
201 1687 378 1751 detentum.
423 1688 537 1770 Neque
552 1686 592 1749 ab
607 1687 761 1767 Aquilone
782 1693 891 1749 tamen
914 1687 1024 1764 lumem,
1047 1693 1104 1750 aut
1125 1688 1192 1750 ulla

93 1791 206 1854 mundi
215 1791 316 1873 plaga.
341 1791 419 1854 Non
433 1790 494 1853 hoc
508 1789 645 1872 reperies
660 1787 744 1872 apud
754 1788 775 1849 J
777 1788 930 1851 eremiam
938 1814 947 1864 3
965 1788 1050 1871 apud
1060 1789 1192 1852 Esaiam

93 1902 201 1957 autem
212 1894 359 1976 reperies,
375 1914 442 1975 cap.
458 1892 524 1955 viii.
540 1894 591 1956 20.
606 1893 638 1953 Α
649 1891 732 1972 Lepe
747 1896 778 1953 et
796 1892 990 1970 Testimonio,
1007 1891 1089 1954 Inde
1104 1891 1191 1955 enim

95 1999 144 2080 (ut
159 1998 320 2080 Propheta
334 1997 395 2079 ait)
409 1997 550 2059 emoritur
565 1995 703 2058 ommibus
713 1996 868 2057 matutina
878 1993 961 2058 Iam.
996 1995 1097 2058 Vobis
1107 2017 1191 2075 vero,

94 2099 149 2182 qui
160 2101 254 2182 juxta
267 2099 399 2162 verbum
414 2099 475 2162 hoc
489 2119 555 2161 non
566 2097 727 2181 judicatis,
744 2096 831 2159 hunc
845 2097 988 2160 Jodieem
1003 2119 1070 2161 non
1085 2099 1191 2176 vultis,

96 2202 200 2265 videto
230 2223 271 2265 ne
301 2201 437 2282 defectus
458 2200 564 2278 Lucis,
595 2200 736 2282 adeoque
763 2200 893 2263 tenebre
922 2200 997 2283 ipsae
1023 2201 1193 2264 Cimmerio

95 2304 274 2368 metuendae
289 2304 364 2367 sint.

126 2456 241 2506 Christus
251 2457 279 2505 in
288 2457 432 2507 novissimis
443 2456 598 2520 temporibus
609 2454 839 2519 Pseudoprophetas
850 2458 1003 2505 surrecturos
1014 2454 1135 2519 praedixit
1146 2493 1152 2504 .
1166 2493 1172 2506 .
1185 2491 1191 2504 .

161 2537 250 2586 Petrus
263 2573 287 2586 ..
299 2537 430 2586 illusores.
443 2573 449 2586 .
463 2574 468 2585 .
480 2535 561 2586 Judas
577 2572 583 2585 .
601 2572 608 2584 .
626 2534 708 2585 sidera
726 2535 837 2584 errantia
853 2535 1011 2595 ...Paulus
1024 2573 1030 2584 .
1043 2572 1049 2585 .
1063 2535 1193 2600 ‚cupidos

160 2619 245 2678 elatos,
265 2619 392 2682 superbos,
470 2623 497 2668 et
513 2655 519 2666 .
537 2655 543 2668 .
561 2618 605 2681 qui
622 2654 629 2666 .
646 2653 653 2666 .
671 2616 807 2666 intendant
827 2616 965 2680 spiritibus
991 2616 1193 2668 Damoniorum.

162 2700 227 2761 Ergo
242 2700 264 2749 si
281 2700 423 2763 Scripturas
437 2700 542 2748 serutari
560 2697 614 2747 Rex
632 2697 747 2753 voluerit,
766 2697 895 2760 intelliget
911 2698 1023 2757 omnino,
1036 2712 1113 2748 novos
1130 2699 1193 2748 istos

161 2779 221 2829 fidei
240 2780 406 2841 Architeetos,
429 2794 480 2829 non
500 2779 690 2838 Reformatoree,
709 2777 752 2828 sed
774 2778 896 2839 illusores,
915 2793 967 2828 non
987 2778 1132 2843 Prophetas,
1149 2779 1194 2829 sed

162 2860 401 2924 Pseudoprophetas,
420 2875 471 2910 non
491 2861 576 2910 stollas
597 2859 693 2910 lucidae
711 2863 737 2909 et
754 2861 899 2918 matutinas,
922 2859 965 2908 scd
986 2861 1097 2909 errantia
1112 2860 1195 2910 sidera

161 2941 329 3007 essa-[Bell.
342 2942 417 3005 Apol.
429 2956 475 3005 pro
483 2939 568 3005 Beep.]
575 2955 617 3005 pp.
628 2944 675 2990 186
688 2940 978 3005 ct186.[0p.,tom.rii
990 2941 1037 2989 col.
1046 2943 1102 2990 8⁰8.
1115 2940 1143 2991 0.
1151 2940 1194 3005 D.]

140 3058 229 3123 Quos
254 3064 362 3120 autern
387 3065 615 3120 commemorat
639 3054 695 3134 ibi,
716 3076 755 3117 ex
778 3054 954 3137 Evangelio
975 3064 1009 3118 et
1031 3056 1344 3185 Epistolis,p.=1therus

94 3168 244 3222 venturos
259 3159 557 3240 Pseudoprophetas,
570 3159 720 3234 illusores,
735 3157 842 3219 sidera
857 3158 1019 3221 mentio:
1037 3159 1192 3242 intellige,
1207 3202 1221 3248 d

89 3281 300 3342 praecursores
324 3269 357 3323 ot
379 3261 464 3323 viam
494 3267 672 3322 sternentes
701 3258 901 3321 Antichristo
930 3267 1051 3322 vestro:
1085 3281 1224 3343 quareo

95 3374 201 3428 vestro
223 3364 262 3427 de
285 3365 391 3445 Grege
415 3383 537 3426 omnes.
582 3362 628 3424 At
645 3361 682 3438 is,
697 3368 735 3423 ut
750 3367 892 3442 tempore
916 3380 974 3422 suo
996 3351 1194 3440 revelandus,

96 3469 143 3531 ita
166 3467 207 3532 ab
226 3467 401 3550 aliquibus:
426 3466 450 3528 ii
464 3486 539 3529 vcro
554 3485 596 3526 an
611 3463 778 3546 Prophetae
792 3464 843 3526 vel
859 3462 1094 3527 Reformatores
1115 3463 1196 3550 (sive

98 3573 203 3633 Stella
225 3568 349 3653 lucide)
371 3569 498 3632 dicendi
517 3567 592 3645 sint,
608 3566 647 3630 de
662 3587 739 3630 voce
757 3587 824 3628 non
845 3565 1078 3630 contendimus.
1124 3569 1197 3632 Viri

98 3674 227 3757 quidem
241 3674 319 3737 boni
334 3673 399 3735 sint
414 3677 549 3755 oportet,
565 3677 609 3747 et,
621 3669 649 3733 si
664 3669 708 3731 od
726 3668 840 3750 Lepsia
859 3675 890 3731 et
908 3670 1124 3733 Testimonium
1140 3694 1197 3736 sua

97 3785 257 3855 revocent,
280 3774 435 3859 speranda
457 3773 496 3837 ab
515 3774 590 3852 illis,
606 3781 759 3856 tanquam
776 3773 883 3835 Stellis
903 3774 1025 3852 lucidis,
1042 3777 1197 3838 matutine

1225 3138 1274 3187 aud
1287 3138 1357 3188 Pseu-

1224 3216 1293 3264 opro

1225 3267 1304 3331 bota]

97 3881 180 3943 Lus.
227 3879 349 3945 Quodsi
375 3878 415 3941 ad
445 3877 591 3960 Apostoli
617 3877 709 3959 signa
734 3875 800 3938 sint
825 3875 983 3959 erigendi,
1003 3877 1059 3960 qui
1080 3880 1195 3959 capidi,
1271 3961 1273 3966 ,

99 3984 183 4060 cleti,
199 3983 333 4064 superbi,
349 3981 538 4062 blasphemi.-
562 3978 719 4043 Pontifice
733 3987 838 4042 vestro
858 3979 927 4062 quis
941 3981 1043 4063 magis
1058 3982 1197 4062 cupidus,

100 4093 155 4148 aut
179 4088 251 4148 uari
272 4087 390 4164 sitiens,
406 4107 444 4148 ex
459 4083 684 4167 Indulgentiis,
701 4082 950 4161 submissam
967 4083 1198 4147 Cancellariae?

102 4189 183 4253 Quis
198 4191 298 4251 elatus
311 4189 423 4270 magis,
440 4187 494 4270 qui
509 4207 575 4250 non
590 4187 734 4249 lamento
749 4186 865 4270 aliquo,
881 4188 1016 4249 dammis
1030 4188 1198 4250 Hominum

102 4292 277 4355 ederetur?
323 4292 404 4359 Quis
429 4290 531 4374 magis
553 4289 710 4371 superbas,
727 4289 783 4373 qui
809 4292 945 4353 Caesares
965 4290 1053 4373 quasi
1076 4292 1198 4373 asprides

301 4458 312 4490 ¹¹
328 4458 395 4524 [Job.
408 4462 504 4510 xxxvii.
517 4463 556 4509 ⁵22.
583 4459 654 4521 Vulg.
665 4463 690 4509 et
702 4474 762 4508 vers.
775 4466 852 4508 nostr.
865 4459 892 4507 in
903 4459 997 4523 usare]
