2910 4926
251 252 296 317 44
567 270 610 318 nn
632 270 824 319 canonius
845 270 1044 319 smnaanrsr

251 426 375 509 aliquas
409 425 444 488 in
474 428 559 490 cultu
589 428 652 491 Dei
687 429 871 512 repurgavit
907 430 1013 508 modo,
1044 436 1077 492 et
1111 429 1209 493 nitori
1225 433 1355 499 ,callum

252 530 411 593 restituit:
446 531 559 613 Lepem
582 531 684 614 ipsam
710 553 777 595 non
800 533 952 612 restituit,
979 534 1100 597 nedum
1130 535 1354 617 promulgavit.

252 634 309 711 At,
321 654 394 696 eum
406 635 493 697 Mosi
504 643 537 698 et
547 636 708 717 Apostolis
723 657 871 700 aceenses
881 637 1082 700 Fratereulos
1096 639 1176 713 illos,
1193 640 1353 716 Ordinem,

252 740 514 822 quos-relipiosos
536 760 631 803 vocas
658 741 788 822 (rectius
815 748 923 804 autem
950 749 1076 824 poteras
1103 743 1350 824 superstitiosos)

252 842 496 921 adinventores;
521 845 593 926 quis
610 843 718 907 ferat?
763 846 942 908 Excellenli
964 854 1050 909 certe
1073 846 1211 909 stultitia
1232 848 1284 924 sit,
1301 848 1355 929 qui

252 948 435 1010 excellentes
460 969 480 1010 a
505 946 594 1010 vobis
621 946 837 1030 blasphemias
861 949 984 1031 vulgari
1008 950 1046 1013 cle
1068 952 1230 1014 excellenti
1252 973 1356 1013 eoram

252 1053 367 1115 virtute
390 1074 456 1115 non
480 1052 609 1115 sentiat.
654 1053 726 1116 Nee
753 1053 846 1116 aliter
870 1075 948 1117 saue
969 1055 1096 1131 sentiet,
1120 1055 1171 1117 eui
1194 1056 1356 1119 Dominiei

251 1158 360 1236 sitam,
377 1159 428 1221 cui
444 1157 605 1221 Fraueisei
621 1157 902 1236 Conformitates²,
919 1160 1025 1242 legere
1040 1160 1142 1223 otium
1159 1160 1209 1223 sit.

285 1294 358 1344 Nova
375 1295 424 1344 ists
439 1293 568 1353 miracula,
581 1294 673 1356 quibus
684 1294 837 1357 colligantur
849 1294 880 1344 do
891 1296 973 1358 spinis
985 1311 1040 1344 urae
1052 1301 1078 1344 et
1091 1295 1122 1344 de
1134 1296 1235 1344 tribulis
1248 1295 1316 1353 sicus,
1329 1295 1356 1344 id

317 1382 363 1436 est,
379 1391 395 1425 a
411 1374 558 1425 deformatis
574 1375 725 1435 reformatio,
738 1380 764 1425 et
775 1376 807 1425 ab
819 1376 950 1439 Apostat-is
964 1377 1110 1439 apostolica
1127 1376 1234 1438 Religio,
1246 1375 1356 1424 Feelesiu

318 1471 375 1506 rere
388 1455 533 1505 Christiana
548 1469 601 1505 non
619 1455 809 1521 norit—[Bell.
823 1456 898 1520 Apol.
912 1471 958 1519 pro
970 1456 1059 1521 Respl
1071 1471 1095 1520 p.
1105 1459 1143 1504 11.
1157 1456 1225 1520 [Op.,
1237 1461 1298 1505 torn.
1311 1456 1356 1502 rii.

316 1538 362 1588 eol.
375 1538 431 1589 711.
443 1536 488 1600 A]

296 1647 367 1710 Nee
392 1645 428 1724 si,
449 1666 506 1729 per
531 1645 614 1709 viros
639 1668 705 1711 non
730 1668 959 1731 usquequaque
984 1645 1163 1709 sanctitatis
1187 1643 1289 1721 laude,
1306 1645 1356 1707 vel

252 1750 380 1813 virtutis
400 1750 503 1813 forma
522 1751 682 1833 praeditos,
703 1751 891 1835 religionem
910 1751 1074 1815 interdurn
1094 1750 1260 1814 reformari
1281 1772 1355 1813 con-

250 1854 375 1938 tingat:
399 1855 432 1918 id
447 1863 532 1918 esset
547 1855 585 1916 de
599 1857 699 1937 spinis
718 1877 815 1919 avae·
839 1876 900 1919 nee
922 1857 961 1933 ei,
977 1864 1133 1938 tanquam
1155 1876 1238 1917 novo
1260 1855 1355 1917 mira-

251 1960 335 2037 culo,
357 1959 452 2023 illudi
472 1958 577 2023 debet.
623 1960 684 2023 Vir
703 1982 769 2024 uon
792 1961 942 2043 optimus,
969 1961 1065 2038 Jehu,
1091 1981 1150 2023 nee
1178 1961 1247 2023 Rex
1271 1981 1354 2038 vere,

251 2083 347 2146 quem
370 2062 477 2125 videre
500 2063 606 2139 velles,
627 2061 780 2147 (furiosus
804 2063 901 2141 enim,
923 2062 1199 2146 sanguinolentus,
1221 2083 1280 2126 nec
1301 2063 1356 2145 qui

250 2167 390 2230 multum
415 2166 558 2230 differret
574 2189 593 2229 a
607 2167 769 2250 Tyranno)
789 2167 841 2230 eui
864 2176 974 2230 tamen
991 2166 1137 2230 Historia
1156 2188 1246 2229 saera
1263 2167 1354 2228 testi-

250 2271 394 2335 monium
410 2270 483 2347 sert,
499 2269 709 2333 reformatum
725 2271 765 2333 alr
781 2292 819 2334 eo
835 2270 959 2333 cultum
975 2270 1118 2333 (livinum
1135 2270 1353 2346 nihilominus,

166 2387 180 2401 ”
251 2383 284 2440 et
299 2374 475 2440 sinceritati
496 2375 640 2457 pristinae
663 2375 857 2437 restitutum.
903 2375 975 2438 Nec
992 2374 1043 2438 vel
1062 2376 1161 2456 sprinis
1183 2383 1354 2436 carnerunt

251 2481 326 2559 suis,
338 2479 389 2542 vel
403 2478 527 2541 tribulis
543 2480 713 2541 Persarum
727 2481 841 2562 Reges,
857 2501 876 2541 a
892 2478 1008 2563 quibus
1023 2486 1056 2541 et
1065 2479 1234 2562 Templum
1248 2478 1354 2560 ipsum

251 2582 313 2646 Dei
338 2582 453 2658 denuo,
481 2588 513 2643 et
543 2601 617 2644 vero
646 2581 744 2644 ctiam
775 2582 876 2643 Socra
902 2602 977 2644 eum
1004 2580 1136 2663 Templo
1166 2579 1352 2642 instaurata.

250 2684 407 2767 Apposite
422 2683 696 2764 hieliugustinus.
742 2684 815 2745 Nou
827 2688 969 2745 creseunt
984 2684 1022 2745 de
1036 2685 1144 2765 spinis,
1160 2704 1238 2763 sepe
1253 2689 1355 2744 toiiiea

244 2788 382 2870 pendent
405 2788 443 2851 de
457 2787 578 2868 sepibus
593 2808 677 2850 avoe:
701 2808 757 2850 nee
772 2793 874 2850 taurea
888 2809 953 2850 aee
971 2808 1036 2851 esse
1052 2788 1204 2862 desinunt,
1222 2788 1295 2868 puio
1312 2787 1355 2847 ibi

245 2894 393 2974 pendeat,
408 2912 464 2954 aee
479 2912 513 2954 eo
535 2893 637 2953 minus
660 2892 847 2973 eollipeadee,
864 2892 937 2953 dura
952 2898 1042 2955 caule
1062 2894 1199 2973 eollipas,
1219 2913 1256 2952 ae
1274 2893 1353 2952 laee-

251 3001 361 3057 realnr
374 3003 511 3056 errantem.
556 2994 647 3055 Fidei
664 3014 740 3075 ergo
755 2992 910 3075 Defensor
930 2994 1009 3070 Rex,
1028 3015 1047 3056 a
1067 2992 1195 3056 nemine
1212 2992 1274 3069 lrie,
1291 2993 1353 3054 nisi

253 3096 417 3180 Apostolis
438 3095 516 3178 ipsis
539 3096 713 3178 plantatae:
737 3097 829 3179 eujus
849 3096 1013 3179 professio,
1029 3097 1120 3179 siqua
1140 3103 1230 3180 parte
1250 3095 1355 3159 ‹lefor-

252 3209 350 3277 mata,
366 3197 588 3281 reformatione
607 3220 688 3282 opus
708 3199 822 3262 habuit
841 3201 885 3283 (et
909 3199 1033 3277 habuit,
1048 3207 1149 3262 testor
1170 3200 1221 3262 vel
1245 3199 1354 3262 Brevi-

285 3331 722 3397 ¹[luBibl.Bodl.doselrujuslibri
733 3330 783 3379 edi·
826 3345 876 3380 non
894 3331 977 3392 surgit
994 3329 1025 3379 de
1046 3329 1128 3379 radice
1144 3330 1282 3393 spinarum.
1317 3329 1354 3377 'l'u

254 3398 335 3446 tiones
351 3401 538 3453 conservantun
554 3398 602 3445 via
616 3396 708 3445 ‘hiber
721 3395 783 3446 Gon·
826 3396 983 3455 siesurieris,
996 3400 1022 3444 et
1038 3394 1107 3444 aliud
1126 3410 1177 3444 non
1195 3394 1272 3445 habes
1289 3395 1355 3442 unde

253 3463 413 3511 formitatum
424 3461 528 3511 Mediol.
540 3462 633 3519 1510;'
648 3466 676 3510 et
690 3460 784 3509 ‘Liber
826 3475 919 3519 sumas,
939 3466 1011 3509 eante
1028 3475 1133 3508 manum
1150 3460 1225 3508 mitte
1245 3474 1276 3509 ne
1294 3459 1355 3508 laee-

255 3528 354 3576 Aureus
363 3526 783 3590 inscriptusliberConiormitutum
815 3526 890 3589 ‘reris
900 3525 932 3574 ab
943 3524 1104 3587 spinis.”-S.
1114 3527 1179 3587 Aug.
1200 3526 1279 3574 Serm.
1292 3525 1354 3572 xlvi.

255 3590 325 3640 Vitae
341 3591 411 3640 Beati
424 3606 453 3639 ae
466 3591 595 3654 Seraphiei
612 3591 694 3640 Patris
708 3589 783 3638 Fran·
828 3591 888 3650 522.
899 3594 954 3652 (lp,
967 3595 1025 3638 tom.
1036 3604 1060 3638 r.
1072 3590 1118 3638 eol.
1131 3592 1186 3639 340.
1196 3588 1223 3637 C.
1233 3589 1264 3638 Ι).
1277 3592 1292 3614 “
1302 3589 1355 3636 rili-

254 3657 315 3705 cisei
331 3654 363 3705 ad
385 3655 472 3704 Vitam
486 3654 546 3703 Jesu
563 3654 658 3704 Christi
678 3654 783 3702 Domini
827 3653 928 3716 quando
944 3654 1088 3703 invenimus
1099 3654 1172 3710 illud,
1189 3654 1278 3702 iratres
1296 3654 1355 3711 mei,

254 3719 627 3779 nostri,&e.Bononioe,1590.’
644 3717 784 3768 Hiehiber
828 3721 905 3767 vitem
927 3719 1037 3781 positam
1060 3732 1135 3781 super
1157 3718 1273 3772 caricem,
1296 3719 1355 3779 qnia

255 3786 391 3833 Arretorem
425 3798 498 3832 suum
532 3783 621 3832 habuit
655 3782 783 3832 Bartholo·
827 3783 863 3831 ibi
881 3782 958 3832 habet
974 3797 1059 3846 sepem
1081 3783 1217 3845 spinosam,
1237 3781 1355 3829 extendit

254 3862 347 3897 meeum
356 3847 486 3897 Albieium
494 3847 627 3903 Pisanum
639 3847 698 3896 vido
708 3847 783 3896 Casei
827 3848 945 3911 palmites
959 3862 1025 3907 suos,
1036 3852 1062 3896 et
1073 3847 1162 3895 inserit
1172 3847 1200 3894 in
1211 3860 1295 3908 sepem
1308 3846 1355 3907 spi-

255 3912 324 3961 Hist.
339 3912 397 3972 Lit,
408 3917 472 3960 torn.
484 3911 510 3959 ii.
523 3926 548 3974 p.
557 3912 596 3962 75.
609 3910 741 3974 Append]
826 3925 923 3973 nesam,
935 3917 961 3961 et
972 3910 1065 3975 pendet
1076 3911 1144 3959 inter
1154 3910 1239 3972 spinas
1251 3910 1355 3965 botrus:

287 3984 298 4007 ¹
315 3976 384 4041 [ipsa
403 3976 542 4037 Augustini
562 3976 638 4025 rerba
658 3975 726 4025 haud
747 3977 784 4025 iu·
827 3981 853 4026 et
864 3977 908 4040 qui
919 3976 990 4025 videt
1000 3976 1101 4024 botmm
1112 3976 1200 4038 carpit,
1209 3989 1260 4023 non
1270 3981 1354 4023 taurea

254 4042 321 4090 veui.
355 4042 417 4097 Quae
436 4055 495 4088 vero
516 4046 663 4103 sequuntur,
680 4041 712 4090 ad
730 4056 782 4090 rem
827 4040 858 4090 de
875 4041 962 4104 spinis,
984 4039 1028 4089 sed
1048 4039 1079 4089 de
1096 4039 1156 4098 rite,
1175 4053 1231 4102 qum
1251 4041 1355 4087 circurn-

255 4106 392 4168 pertinent.
426 4108 441 4131 “
454 4104 523 4153 Mala
549 4106 668 4154 facientes
696 4107 783 4168 utiquo
826 4106 902 4169 plexa
918 4109 957 4154 est
973 4104 1061 4168 spinis.
1142 4103 1179 4152 'l'u
1200 4103 1255 4164 lege
1271 4119 1355 4162 ursui,

253 4171 413 4233 spinoesunt.
448 4169 579 4227 Quomodo
598 4170 637 4219 vis
654 4169 686 4218 de
703 4171 784 4233 spinis
826 4184 877 4219 nou
899 4174 925 4218 te
947 4169 1041 4232 pungit
1062 4169 1142 4232 spina,
1161 4167 1261 4230 quando
1284 4168 1355 4229 legis,

255 4249 296 4284 me
318 4234 436 4296 colligere
461 4249 537 4283 uram
558 4234 629 4284 serbi
652 4235 706 4283 tui'l
740 4234 784 4283 lte
827 4234 891 4295 Quor
903 4231 1143 4294 dieuntsoeite,&e.
1163 4233 1355 4294 Pangitauteur

254 4298 435 4363 spondebitur;
453 4313 505 4348 uon
522 4303 561 4348 est
576 4299 622 4348 illa
640 4314 688 4348 nra
702 4299 783 4361 spina
827 4304 852 4348 te
877 4299 958 4361 spine,
986 4299 1007 4346 si
1030 4297 1096 4361 quod
1122 4297 1224 4354 faciunt,
1241 4297 1355 4346 iaeis”-

255 4379 326 4423 rum3
352 4363 395 4413 sed
416 4363 552 4427 aliquando
574 4365 714 4413 increscens
735 4378 784 4413 sar-
827 4363 905 4413 Serm.
919 4362 1030 4412 cxxxvii.
1050 4366 1116 4423 §1³-
1128 4361 1189 4412 ibid.
1202 4362 1312 4410 collido.
1327 4362 1354 4410 B.

253 4432 369 4478 mentum
391 4428 508 4492 implicat
531 4443 557 4477 se
586 4428 612 4477 iu
637 4443 730 4491 sepem,
757 4433 785 4477 ot
827 4428 866 4492 C.]

252 4492 348 4558 pendet
359 4509 408 4544 urs
418 4494 487 4543 inter
497 4492 574 4543 densa
592 4493 729 4556 spinarum,
740 4493 784 4542 sed
