2910 4926
614 872 667 937 An
689 873 799 938 cunr
821 872 993 937 Orsinen.

286 1130 348 1185 lion
364 1148 417 1186 esse
437 1136 548 1186 recentis
563 1134 691 1199 dogmata,
709 1135 754 1188 sed
767 1136 952 1201 antiquissima,
972 1134 1178 1185 intercessionem
1197 1131 1357 1192 Sanctorum,

319 1216 426 1268 Missam
438 1218 571 1281 privatam,
583 1218 894 1279 Transnbstcntistionem,
905 1222 932 1268 et
941 1217 1000 1277 olis,
1011 1231 1069 1280 qne
1081 1215 1136 1266 Rex
1147 1214 1250 1278 Angliso
1260 1214 1361 1265 noritis

319 1303 346 1349 ot
357 1314 452 1364 nupera
462 1298 650 1365 vocat-[Bell.
664 1300 738 1365 ApoL
755 1315 802 1365 pro
812 1300 886 1364 Bcsp.
909 1299 965 1362 Op,
975 1304 1037 1349 tom.
1046 1299 1090 1348 rii.
1101 1297 1148 1348 col.
1160 1296 1215 1351 557.
1227 1295 1271 1361 L]

254 1422 329 1487 Non
353 1445 419 1488 erse
444 1425 590 1508 dopmoto
619 1426 848 1508 antiquissimo,
873 1425 1128 1489 Interceosiooem
1158 1423 1358 1500 dandorum,

301 1527 434 1591 Missam
447 1529 619 1609 privatam,
639 1528 1022 1608 Tiomuhrtoutiotioocn
1045 1533 1075 1590 et
1101 1528 1176 1605 olio,
1201 1546 1269 1607 que
1285 1525 1360 1587 Rea·

297 1633 418 1696 novitio
432 1639 462 1696 et
477 1654 595 1714 nupero
610 1638 710 1697 vocat.

665 1848 937 1859 ——-———-

288 2004 327 2058 Do
340 2006 368 2058 B.
381 2004 507 2071 Virgine.
520 2043 525 2056 .
538 2043 545 2056 .
556 2007 646 2059 scribit
662 2009 751 2069 multo,
763 2022 821 2073 queo
839 2022 872 2057 ex
891 2006 1031 2071 Colloquiis
1044 2006 1144 2058 Erasini
1159 2005 1358 2073 potita-[Bell.

321 2088 399 2153 Apol.
409 2104 456 2154 pro
467 2087 552 2154 Rcsp]
562 2103 587 2153 p.
596 2092 634 2140 93,
646 2088 717 2154 [Op.,
727 2093 788 2139 tom.
798 2088 841 2138 vil.
853 2089 898 2139 eol.
909 2089 964 2141 757.
974 2087 1018 2155 a]

91 2212 243 2345 Qffigli
258 2215 355 2282 QUOD
378 2214 417 2278 do
433 2216 472 2280 B.
483 2214 627 2298 Virgine,
643 2237 663 2278 a
676 2215 775 2294 vobis,
793 2215 918 2299 (parum
931 2214 1060 2299 quidem
1070 2213 1106 2276 in
1120 2234 1158 2277 eo
1170 2211 1357 2298 Catholicis)

92 2344 148 2397 Μ
157 2347 234 2412 scrip·
257 2317 358 2398 Divae,
375 2319 517 2401 Dooeqne
531 2318 636 2381 titulis
650 2317 833 2401 indigitatio,
848 2317 900 2402 pie
914 2318 1118 2401 ingenueque
1134 2318 1203 2381 Rex
1217 2315 1360 2401 subjicit,

91 2410 198 2471 ΝΜ
255 2420 291 2484 id
305 2441 410 2501 omne,
427 2442 467 2484 ec
481 2421 642 2503 colloquiis
660 2420 785 2484 Erasmi
793 2422 929 2503 petitum
944 2419 1124 2485 Cardinolis
1137 2418 1362 2483 indubitanter

92 2479 197 2591 duddi}
256 2523 380 2588 asserit.
423 2523 543 2587 Putide
564 2544 640 2588 vero
661 2524 732 2588 hoc.
778 2523 876 2588 Unde
896 2523 992 2602 enim,
1017 2543 1057 2586 eo
1074 2522 1241 2604 colloquiis
1254 2523 1361 2603 petito

92 2602 192 2670 ΡΜ]
256 2627 426 2691 resciscere
441 2627 589 2710 potuit⁸?
621 2628 675 2690 An
691 2626 818 2690 velleri
832 2627 865 2690 id
881 2626 973 2709 signo
987 2626 1166 2689 iudicavit?
1198 2624 1360 2689 Inhones-

256 2738 310 2794 tus
325 2751 399 2794 voro
414 2751 494 2807 mos,
509 2750 570 2793 nec
587 2729 757 2794 Cardinnle
774 2730 901 2814 dignus,
917 2730 1024 2812 (quem
1039 2749 1144 2812 neque
1159 2728 1210 2792 vel
1224 2728 1260 2791 in
1273 2748 1361 2790 mar-

256 2834 333 2917 gine
356 2833 402 2896 sic
425 2832 615 2915 annotavit,)
634 2853 708 2897 eum
726 2833 818 2917 Regi,
841 2855 900 2916 pro
915 2835 1057 2897 Auctore
1079 2854 1147 2911 suo,
1162 2832 1249 2911 velit,
1265 2832 1359 2909 nolit,
1410 2908 1413 2914 Ι

256 2937 440 3001 obtrudere.
484 2939 531 3000 At
552 2938 726 3000 Erasmum
749 2938 819 3001 Rex
842 2937 877 3000 in
899 2943 969 3001 tota
992 2936 1052 2999 hac
1075 2935 1268 3011 narratione,
1288 2931 1361 2999 οὐδὲ

256 3035 326 3103 κατ’
345 3037 440 3125 dropb
455 3039 616 3123 cogitavit,
639 3060 744 3124 neque
763 3061 838 3104 vero
860 3040 996 3103 Erasmo
1018 3038 1163 3102 devehis
1187 3038 1360 3122 quicquam

257 3141 368 3220 crodit,
385 3143 448 3205 nisi
467 3143 555 3226 legat
570 3143 655 3226 apud
670 3164 736 3207 vos.
782 3143 810 3206 E
825 3143 940 3206 vostris
954 3148 1065 3225 petere
1080 3142 1171 3221 solet,
1187 3163 1248 3206 nec
1262 3141 1326 3205 nisi
1341 3162 1361 3205 c

257 3244 381 3323 vostris,
398 3266 469 3328 quse
484 3246 519 3309 in
533 3244 622 3309 vobis
637 3245 852 3329 reprehendit
899 3244 996 3312 Quod
1011 3246 1038 3308 si
1055 3244 1176 3324 liceret,
1191 3246 1228 3309 in
1243 3244 1358 3310 Cardi-

257 3347 341 3411 nalis
365 3348 609 3427 Controversiis,
631 3370 723 3432 pares
747 3347 885 3413 subinde
908 3349 1113 3437 conjecturas
1136 3348 1251 3425 facere,
1274 3369 1360 3411 nun·

258 3472 354 3535 quem
369 3451 483 3537 mojori
499 3451 674 3515 deridiculo
688 3450 801 3535 AEsopi
816 3450 987 3530 cornicula,
996 3449 1130 3532 fitrtiois
1143 3450 1263 3514 nudato
1278 3451 1328 3513 col
1347 3490 1360 3502 -

256 3555 370 3632 aanor,
382 3576 478 3637 quam
493 3554 549 3617 illa
562 3554 741 3637 rhapsodia.
774 3554 839 3618 Sed
852 3575 974 3618 morem
990 3554 1077 3618 hunc
1092 3560 1160 3617 tom
1176 3552 1360 3630 barbarum,

257 3656 353 3735 absit,
374 3663 411 3720 ut
426 3657 595 3740 permittat
610 3656 671 3720 sibi
690 3656 838 3720 cordatus
858 3657 1034 3740 quispiam:
1058 3656 1152 3736 absit,
1168 3663 1206 3719 ut
1224 3678 1292 3719 non
1306 3677 1361 3719 cx-

256 3759 367 3843 plodat
381 3759 417 3822 in
434 3756 607 3824 Cordinale
623 3758 743 3823 candor
757 3759 924 3823 doctorum
939 3759 1118 3823 hominum.

136 3873 202 3938 174
301 3861 398 3927 Quod
416 3862 571 3925 Erasmus
593 3861 638 3925 ibi
657 3869 766 3926 tamon
787 3861 922 3946 scripsit,
937 3884 1005 3926 non
1024 3870 1146 3925 temere
1166 3861 1239 3940 suit,
1253 3861 1304 3925 vel
1319 3860 1362 3924 de

92 3980 176 4048 [vers
256 3961 378 4042 nihilo;
401 3970 434 4028 et
456 3963 495 4028 dc
518 3986 582 4048 quo
602 3950 698 4029 nemo
720 3965 824 4029 adhuc
840 3965 989 4029 convenit
1004 3965 1177 4028 Erosmum
1196 3963 1279 4028 falsi.
1324 3964 1361 4028 Is

92 4053 179 4097 “mm
256 4065 344 4130 illius
364 4066 471 4130 sacculi
483 4088 562 4146 mos,
579 4075 675 4152 atque
690 4067 770 4133 adeo
789 4067 886 4151 hujus
903 4087 1039 4150 quoque,
1056 4067 1175 4151 dequo
1192 4064 1361 4130 conscien-

91 4109 216 4239 Erflupppps]
256 4169 336 4232 tiam
357 4169 535 4234 Cordinolis
556 4171 728 4248 oonvcnio;
752 4192 871 4248 annon,
887 4190 945 4253 per
966 4170 1098 4233 Italiam
1119 4168 1225 4248 hodie,
1242 4169 1360 4252 saepius

288 4311 385 4397 ⁸[Vid.
399 4312 494 4376 Colloq.
513 4314 682 4377 ‘Peregriuat
701 4314 783 4378 Relig.
860 4311 966 4378 b[Vide
988 4313 1052 4363 rac
1075 4313 1172 4364 Philet).
1197 4318 1209 4374 i
1231 4314 1270 4367 75.
1301 4314 1358 4378 Op,

254 4376 461 4439 orgo-Erosmi
480 4378 536 4442 Op,
556 4383 618 4429 tom.
630 4380 646 4429 i.
666 4380 722 4430 coil.
735 4380 781 4432 774
828 4383 887 4428 tom.
900 4394 923 4427 v.
940 4394 964 4442 p.
978 4382 1032 4428 509.
1051 4378 1130 4428 hond.
1144 4377 1226 4442 1826]

254 4440 343 4495 -787,
356 4441 436 4505 hugo.
449 4442 504 4493 Boo
516 4442 599 4507 170³]
860 4452 870 4475 ⁰
887 4443 988 4507 [Horat.
1002 4443 1047 4507 Ep.
1060 4443 1080 4492 Ι.
1092 4447 1114 4494 3.
1128 4442 1178 4507 20]
