2910 4926
364 289 369 293 ·
458 285 639 333 morosum
661 286 841 335 nmmusro.
1138 275 1199 339 491

150 438 214 501 Sed
236 458 342 520 neque
363 459 402 501 ex
423 438 509 502 fecto
529 438 608 502 fides
629 439 696 501 ulla
717 441 764 503 fit.
809 440 878 503 Nec
893 440 938 502 ad
951 440 1116 523 Pontificio
1131 463 1202 505 con-

103 547 251 621 spectum,
266 561 322 604 nec
343 541 388 603 od
408 541 512 604 urbem
534 543 635 622 ipsam
657 542 811 606 admisero
833 549 889 621 cot,
905 545 967 606 otei
983 564 1112 606 cessuro
1130 546 1203 625 pri·

103 663 186 704 mom
207 645 352 706 solutus&
400 644 492 707 Nihil
510 664 583 726 erqo
606 647 725 724 metent,
744 648 806 708 niet
829 646 1201 710 Eoeoommoniootiooem.

105 745 188 823 Imo,
211 743 245 807 id
273 745 391 828 potius,
423 745 509 829 quod
537 747 871 810 Excommunicationi
898 768 1098 831 consequens
1124 757 1202 827 erat,

109 849 157 929 (ut
179 855 249 910 tum
267 848 315 910 illi
334 869 385 911 res
406 850 508 931 erunt)
527 850 656 930 Inperti
675 851 881 913 cmmmoncm.
925 849 1059 933 Absque
1072 850 1138 928 illu,
1153 852 1205 914 vel

103 948 219 1011 urbem
232 950 365 1031 improdi,
381 951 432 1014 vel
447 951 636 1016 Pontificem
651 952 800 1029 soluturo,
817 951 867 1015 vel
881 952 959 1014 solvi
975 971 1116 1030 censoru,
1132 974 1203 1016 sus·

105 1072 166 1134 que
181 1051 283 1135 deque
297 1051 478 1116 habuisset:
515 1053 580 1118 Sed
600 1054 670 1118 haec
685 1052 850 1134 Pontificio
863 1053 915 1117 lex
930 1060 1017 1118 eret:
1040 1053 1089 1117 illi
1103 1053 1199 1133 dicta,

103 1175 171 1217 non
193 1154 398 1236 Imperatoris
420 1165 526 1220 metus
549 1157 725 1240 genuinus:
759 1156 865 1239 legem
889 1156 974 1220 hano
999 1163 1128 1220 coactus
1151 1165 1200 1220 est

104 1256 264 1340 suscipere
293 1258 464 1339 (quotum
490 1259 526 1322 in
551 1260 805 1342 permulceret),
828 1259 923 1322 aliam
949 1279 1076 1342 quoque
1102 1259 1201 1323 ullam

104 1368 316 1442 suscepturus,
333 1382 396 1445 quo
419 1361 464 1425 sic
485 1368 518 1424 et
540 1361 607 1425 filio
629 1362 794 1438 incolumi,
810 1369 843 1425 et
865 1360 1008 1444 Imperio
1029 1361 1117 1424 selvo
1137 1361 1202 1425 frui

103 1461 225 1526 liceret.

136 1595 226 1658 Neque
242 1632 248 1644 .
266 1631 272 1644 .
287 1595 402 1647 historici
420 1596 524 1658 allegati
541 1597 695 1647 eontmrium
713 1599 846 1647 testentur.
880 1595 944 1646 (lum
956 1597 1026 1646 onim
1037 1595 1131 1656 dicent,
1142 1612 1200 1647 oum

169 1678 292 1737 timuisse,
303 1692 335 1727 ne
350 1678 382 1727 ab
393 1677 504 1741 Imperio
521 1678 628 1737 caderet,
644 1677 691 1728 hoc
708 1679 764 1742 ipso
781 1681 914 1728 censentur
931 1676 1021 1738 dicere,
1035 1678 1150 1728 tlmuisse
1161 1694 1202 1729 ex-

169 1757 551 1821 communicationem-[Bell.
570 1759 644 1822 Apol
665 1774 710 1823 pro
727 1757 812 1825 Resp]
825 1774 850 1823 p.
864 1760 919 1810 218.
943 1758 1085 1824 [Op.,t01m
1097 1760 1140 1809 vii.
1155 1760 1203 1810 col.

170 1841 224 1889 824.
237 1838 278 1902 Β.]

146 1937 241 2000 Corte
257 1936 387 2019 quidem
397 1936 552 2000 Historioi
568 1938 696 2018 ellepoti
712 1938 904 2000 contrarium
918 1943 1090 2001 testentur.
1128 1938 1204 2000 Cum

104 2041 184 2102 enim
207 2041 315 2103 dicant
334 2038 470 2125 (fatente
493 2040 674 2122 Cardinale)
693 2061 760 2103 eum
782 2041 930 2118 timuisse,
953 2060 992 2102 ne
1014 2040 1053 2103 ab
1074 2041 1203 2122 imperio

104 2141 260 2222 cartereth,
276 2143 334 2205 loc
354 2143 421 2223 ipso
445 2147 607 2205 comentur
629 2143 740 2221 dicere,
758 2142 896 2204 timuisse
914 2143 1205 2205 eocommonicotio-

103 2268 181 2310 nem.
227 2250 274 2311 At
297 2248 362 2311 duo
382 2247 450 2312 haec
474 2247 626 2310 distincta
647 2254 732 2324 sunt,
748 2247 877 2327 imperio
898 2246 1019 2323 cadere,
1036 2252 1069 2309 et
1083 2267 1204 2309 cocom-

103 2351 267 2413 mum'cori.
314 2349 436 2413 Metuit
451 2349 827 2426 excommunicationem,
843 2369 885 2412 ne
907 2348 1043 2431 imperio
1065 2348 1203 2426 cederet,

105 2474 212 2535 quam,
228 2452 291 2515 nisi
313 2453 448 2535 imperio
470 2473 612 2530 casurus,
629 2473 695 2514 non
709 2451 887 2514 metuisset.
933 2451 1009 2513 Post
1023 2449 1140 2514 fractas
1154 2471 1205 2514 res

105 2575 191 2632 suas,
215 2562 248 2617 et
269 2555 338 2637 jam
359 2575 441 2636 pene
463 2574 595 2631 eversos,
611 2559 682 2636 post
697 2553 800 2616 filium
814 2552 919 2615 novoli
941 2552 1050 2633 praelio
1064 2562 1217 2650 captum,-

104 2663 176 2738 post
198 2657 371 2720 Procerum
392 2656 604 2720 defectionem
621 2677 640 2718 a
655 2676 691 2718 se
705 2655 747 2718 ud
761 2655 961 2732 Pontificem,
978 2661 1048 2718 tum
1071 2655 1202 2719 demum

105 2760 215 2821 notuit
243 2760 621 2823 Eeoommuoicotionem:
655 2759 705 2821 vel
734 2758 850 2841 potius,
880 2759 975 2840 plene
1004 2779 1072 2822 non
1097 2759 1206 2822 metuit

105 2861 205 2940 illam,
221 2862 277 2924 sed
291 2862 355 2940 illa,
373 2883 444 2945 quae
460 2869 547 2926 certo
562 2861 623 2926 sibi
638 2861 719 2925 vidit
733 2868 897 2939 eventius,
913 2860 948 2924 ni
963 2867 1076 2923 melum
1090 2882 1157 2945 pree
1171 2883 1205 2925 se

106 2964 215 3043 ferret,
232 2964 323 3047 quasi
338 2971 485 3028 metueret
497 2965 685 3042 Censuram,
699 2970 742 3041 et,
754 2964 790 3026 ni
805 2963 884 3027 solvi
898 2984 931 3026 se
946 2984 985 3027 eu
999 2963 1203 3046 quaesivisset.

112 3067 230 3146 Quare,
256 3088 340 3149 oegre
363 3068 496 3131 tandem
517 3067 700 3150 impetravit
725 3086 744 3127 a
765 3085 809 3142 se,
832 3063 873 3127 ed
894 3063 950 3126 illa
971 3071 1040 3128 tam
1062 3066 1149 3129 foeda
1171 3088 1206 3130 se

108 3168 295 3246 demittere;
318 3169 354 3231 ni
376 3170 505 3246 faceret,
520 3169 588 3231 filio
610 3167 769 3231 cariturus
791 3173 824 3228 et
847 3165 1001 3248 imperio:
1025 3167 1052 3230 si
1074 3167 1205 3247 faceret,

108 3277 246 3353 utroque
259 3271 424 3334 fruiturum

140 3452 343 3517 cuspinieuum.
360 3489 366 3503 .
383 3454 492 3505 eliorum
509 3453 656 3503 testimonio
671 3452 775 3502 destitui
776 3487 873 3501 .....
888 3450 1046 3516 Onuphrius¹
1060 3454 1207 3504 ...scribit

172 3534 260 3583 'l'urcoe
276 3534 379 3584 tratrem
396 3534 506 3585 noturuli
523 3535 610 3585 morbo
623 3533 716 3597 cipue
733 3533 955 3598 periisse-[Bell.
969 3533 1044 3597 Apol.
1059 3548 1105 3598 pro
1120 3534 1205 3600 llesp]

171 3631 195 3679 p.
208 3617 264 3664 214.
280 3614 347 3679 [Op.,
357 3621 418 3665 tom
425 3616 470 3666 vii.
484 3617 530 3666 col.
543 3618 598 3666 824.
610 3614 639 3665 Β.
648 3614 686 3679 u]

150 3713 204 3777 Ad
220 3714 376 3778 Quintam
385 3714 410 3778 ¹1.
455 3714 670 3796 Cuspiniauus
688 3713 715 3775 si
736 3711 835 3777 habet
851 3711 913 3776 sibi
929 3711 1203 3794 Guicciardinum,
1219 3726 1276 3792 [(5.)
1295 3728 1335 3781 De

109 3816 247 3895 lovium,
272 3817 476 3895 Subellicum,
508 3816 659 3881 Pulmerii
689 3813 974 3881 Continuetorem¹
1003 3822 1204 3898 attestantes,
1216 3798 1335 3923 {ffi'}

138 3950 244 4065 ‘JVide
258 3951 388 4002 Romuuld
402 3952 518 4015 Archiep.
536 3951 631 4001 Selom.
708 3949 719 3981 ¹¹
736 3949 814 4014 [Vide
826 3949 944 4012 Respons
955 3949 1026 3999 'Porti
1044 3965 1069 4013 p.
1079 3952 1118 4001 88.
1135 3951 1204 4006 lldit.

106 4030 155 4079 opu
187 4015 275 4066 Boron.
288 4018 356 4066 Anu
368 4016 433 4066 llccl.
446 4016 547 4066 adanu.
560 4016 630 4067 1177.
676 4015 768 4072 Polit3
796 4020 822 4063 et
845 4014 907 4063 Bell.
937 4013 992 4077 Op„
1016 4015 1133 4066 tomuli.
1158 4019 1204 4068 col.

108 4094 176 4128 uum.
190 4080 251 4130 lxxi
266 4086 326 4131 tom.
339 4081 384 4130 xii.
401 4082 448 4130 col.
458 4080 526 4143 7211]
675 4080 732 4130 679.
743 4077 787 4141 Β.]

141 4142 247 4207 h[llide
263 4144 378 4196 lmziurdi
392 4146 460 4208 lipit.
473 4145 540 4194 illst
555 4142 630 4193 Unir.
713 4141 719 4174 ¹
748 4144 775 4220 [“
788 4141 934 4192 Alexander
967 4143 1065 4206 Zizymi
1101 4143 1204 4195 fratrem

108 4223 161 4270 esp.
171 4211 226 4258 212.
244 4210 284 4259 fol.
297 4210 354 4259 cliv.
364 4210 403 4270 b.;
421 4215 447 4259 et
458 4208 532 4258 ldsrt.
546 4208 632 4258 Polou.
676 4221 763 4268 magur
775 4206 850 4256 'Purci
861 4206 964 4256 dederet
975 4208 1028 4270 rogi
1040 4207 1143 4264 Cereio:
1161 4210 1204 4259 scd

109 4272 200 4321 Chrou
219 4273 291 4323 Rom.
315 4273 380 4337 Imp.
403 4274 449 4324 sub
469 4273 538 4322 Frid.
558 4273 578 4324 l.
600 4271 633 4322 ed
677 4271 755 4335 prius,
775 4275 803 4319 ut
823 4272 977 4334 suspicatum
997 4276 1043 4330 est,
1056 4279 1205 4324 venenatum

108 4351 166 4385 aun.
178 4339 248 4387 1162.
266 4337 535 4401 GolAgripp.1616.]
678 4335 897 4385 toxico.’'-Pelm.
920 4335 1003 4385 Pisou.
1022 4337 1050 4385 in
1063 4335 1154 4386 Chron
1172 4339 1205 4388 ed

141 4399 147 4429 ¹
169 4402 292 4463 [Ouuphr.
310 4402 415 4453 Pouvin
434 4403 462 4452 in
480 4402 542 4452 viu
559 4402 633 4452 Alex.
677 4415 735 4451 eun.
748 4400 819 4449 1494.
830 4399 871 4449 lol.
882 4399 984 4464 lton]

110 4463 164 4524 Vl,
177 4480 200 4527 p.
210 4469 264 4517 356.
276 4467 307 4517 od
318 4467 377 4518 cele.
390 4465 465 4531 Flet]
