2910 4926
271 271 337 335 302
587 290 630 337 su
652 289 842 339 cmomsms
864 288 1064 337 ammaum

272 442 407 523 reliquos
431 442 492 507 hoc
516 465 578 507 ιιοιι
600 446 706 527 iniquo
729 448 832 509 ammo
854 446 976 510 tulisse.
1023 445 1110 512 Quid
1132 446 1185 510 hic
1206 445 1242 509 in
1266 447 1376 524 Petro,

273 546 358 627 quod
382 568 448 611 non
472 556 506 612 et
528 548 563 611 in
586 550 713 613 Joanne
736 550 849 615 itidem
872 551 1058 632 siapatare?
1088 551 1139 614 vel
1163 549 1274 614 nullus
1297 571 1377 634 ergo

272 648 334 727 hic,
350 651 401 713 vel
415 651 530 734 duplex
548 652 721 717 Primatus.

305 786 358 850 [S.]
380 786 557 838 Maximus..
576 788 689 848 ‘Quanti
711 789 845 839 ..meriti
864 788 941 853 [apud
962 788 1044 838 Deum
1068 787 1153 853 suum]
1178 787 1269 839 Petrus
1292 788 1376 855 [crat]

336 874 366 917 ut
388 869 411 917 ei
435 869 502 934 [post
527 870 652 921 naviculae
677 886 761 934 parra
785 868 932 933 remigium]
958 871 1037 919 totius
1060 869 1179 920 Ecclesiae
1205 870 1376 933 gerberracum

337 949 496 1000 traderentur
504 951 652 1017 »r-[aeu.
664 953 740 1017 Apol.
752 968 797 1017 pro
809 952 897 1016 Resp]
915 967 958 1016 pp.
972 954 1028 1014 126,
1040 954 1095 1002 126.
1112 951 1179 1018 [Op.,
1197 958 1259 1003 tom.
1272 953 1317 1004 vii.
1328 953 1375 1004 col.

337 1030 393 1082 tat.
407 1031 449 1097 rh]

107 1133 259 1248 [tssdtpximi
315 1131 343 1193 E
368 1131 514 1195 Maximo
541 1132 581 1215 (si
609 1140 721 1197 tamen
749 1133 914 1197 Maximus
943 1132 971 1196 is
1000 1133 1215 1212 Taurincnsis,
1247 1139 1280 1197 et
1308 1155 1374 1199 nou

130 1199 225 1264 mm]
271 1235 428 1317 posterior
457 1256 495 1298 eo
525 1235 616 1315 alius,
647 1237 675 1299 si
710 1237 847 1300 Maximi
884 1245 990 1313 aetate,
1022 1235 1062 1299 de
1092 1237 1254 1318 Apostolis
1287 1237 1375 1319 (data

271 1341 378 1421 opera)
406 1339 569 1403 Sermones
596 1348 672 1403 suut
698 1340 812 1420 habiti,
839 1341 949 1424 quales
976 1348 1104 1423 poste-ra
1128 1347 1224 1404 aetate
1246 1339 1374 1405 habitos

271 1442 423 1523 constat),
448 1443 543 1506 Petro
567 1445 663 1507 totius
680 1444 830 1507 Ecclesia
847 1444 1058 1526 paberaacula
1078 1443 1208 1506 tradita.
1253 1443 1373 1527 Ecquis

271 1545 359 1608 euim
389 1547 602 1627 particularis
635 1549 731 1610 attiae
759 1549 910 1611 Ecclesia
944 1547 974 1611 ei
1009 1547 1130 1610 tradita
1162 1547 1374 1630 padermacata

270 1648 406 1732 putavit,
422 1657 538 1732 praetcr
552 1672 617 1728 vos,
635 1651 689 1734 qui
704 1651 852 1714 Romana
866 1657 976 1714 vestra
991 1651 1141 1713 traditis?
1160 1649 1263 1734 (quasi
1278 1652 1374 1714 totius

180 1793 183 1797 -
271 1774 309 1817 ea
323 1775 405 1835 pars
424 1776 491 1817 non
506 1757 601 1838 essct)
620 1762 788 1838 postquam
804 1755 833 1818 ei
850 1757 945 1818 totius
957 1754 1167 1849 pobermacata
1182 1755 1372 1818 tradidistis.

303 1898 339 1963 [S.
349 1898 470 1962 Joannes]
483 1898 675 1962 chrysostomus
685 1936 707 1949 ..
721 1937 727 1949 .
740 1937 746 1948 .
760 1899 879 1949 ‘Petrum
891 1936 897 1949 .
911 1935 917 1948 .
930 1898 1049 1949 Ecclesiae
1066 1898 1158 1948 tuturae
1175 1902 1303 1962 pastorem
1318 1913 1374 1949 cou-

333 1981 435 2030 stituit’
467 1981 501 2030 m
517 1982 592 2045 paulo
609 1987 667 2045 post
682 2017 689 2030 .
707 2018 713 2031 .
732 2018 739 2030 .
758 1981 850 2046 ‘Cujus
862 1985 947 2046 pastor
961 1986 987 2031 et
1004 1985 1088 2045 caput,
1104 1980 1180 2030 homo
1197 1980 1374 2031 Piscator⁸.’—

293 2064 299 2071 '
335 2061 397 2111 Beli.
409 2061 483 2124 Apol.
495 2077 541 2125 pro
552 2061 637 2126 Resp]
653 2077 678 2126 p.
690 2064 743 2112 tao.
761 2062 827 2127 [Op.,
844 2067 905 2112 tom.
917 2062 961 2112 vii.
978 2061 1025 2112 col.
1038 2062 1093 2113 tat.
1105 2060 1133 2110 Β.
1144 2058 1183 2124 Q]

108 2171 146 2237 [⁸-
159 2172 234 2236 01115·
314 2171 342 2232 Ε
358 2169 604 2254 chrysostomo:
632 2171 726 2251 Cujus
741 2170 868 2246 Pastor,
884 2175 915 2232 et
933 2170 1034 2250 Caput
1048 2170 1136 2231 homo
1148 2170 1315 2250 piscator:
1339 2175 1373 2232 at

106 2240 210 2288 sostomi
220 2237 230 2303 ]

212 2276 219 2298 '
270 2272 340 2336 haec
354 2272 460 2352 verba,
480 2274 574 2354 Cujus
589 2273 708 2335 Pastor
729 2279 759 2335 et
777 2273 887 2353 Caput,
904 2272 1064 2356 irreptitia
1086 2279 1172 2350 sunt,
1186 2273 1304 2335 Latiae
1318 2272 1374 2335 ad·

270 2375 348 2454 dita,
364 2376 399 2438 in
414 2376 550 2459 gratiam
566 2374 732 2454 Λοτείιιου,
747 2377 852 2438 Graece
867 2375 954 2439 euim
970 2397 1037 2439 nou
1052 2375 1223 2439 habentur.
1262 2376 1373 2439 Groeca

270 2475 441 2563 ἄνθρωπον
463 2475 559 2541 ἁλιέα
580 2478 712 2556 habent,
729 2479 881 2541 homiaem
898 2480 1099 2559 piscatorem,
1118 2478 1219 2559 Caput
1233 2477 1278 2541 ibi
1295 2499 1374 2541 nus·

271 2603 368 2665 quam
395 2589 568 2665 comparet,
594 2589 626 2643 et
653 2602 691 2645 co
715 2581 784 2645 loco
807 2603 848 2645 uc
873 2582 989 2645 Pastor
1015 2581 1162 2664 quidem:
1187 2604 1373 2666 quanquam

177 2738 179 2743 .
271 2684 424 2747 Ecclesia,¹
449 2685 614 2746 Pastorem
639 2684 772 2746 Petrum
800 2705 895 2747 acmo
921 2683 1086 2767 negaverit
1101 2678 1145 2747 'et
1168 2685 1372 2763 primariam,

271 2786 326 2849 sed
342 2808 415 2849 cum
432 2787 501 2849 aliis
517 2787 683 2848 Pastorem
698 2787 897 2870 Coapostolis
914 2787 989 2865 suis,
1005 2808 1071 2849 non
1087 2787 1189 2849 solum
1206 2787 1274 2850 sine
1290 2788 1372 2851 aliis.

305 2931 357 2996 [S.]
371 2931 541 2994 Hieronymus
554 2969 559 2980 .
574 2935 616 2981 ..‘
623 2932 693 2982 Inter
704 2932 837 2983 duodecim
848 2971 854 2982 .
867 2970 872 2982 .
886 2948 951 2982 unus
965 2933 1076 2994 cligitur,
1088 2939 1117 2983 ut
1134 2935 1216 2997 capite
1232 2937 1372 2985 constituto

335 3013 484 3063 Schismatis
495 3014 589 3063 occasio
600 3012 871 3079 tolleretuer—[Bell.
884 3015 957 3079 Apol.
970 3029 1015 3078 pro
1027 3015 1115 3079 Resp]
1128 3018 1214 3078 plat.
1231 3016 1299 3081 [Op.,
1311 3022 1373 3067 tom.

334 3095 378 3143 vii.
396 3096 441 3143 col.
454 3095 510 3146 775.
522 3094 563 3159 0.]

110 3212 221 3276 [sihe-
316 3194 534 3279 Hieronymus
565 3195 649 3258 idcm
680 3195 733 3257 hic
763 3218 782 3258 a
811 3195 982 3259 Cardinalc
1015 3196 1147 3279 putitiu,
1176 3196 1264 3279 quod
1295 3206 1371 3262 ante

109 3277 229 3341 ”mid
271 3298 476 3383 Cyprianus;
510 3299 680 3381 utrobique
704 3299 871 3362 mutilatus
894 3299 991 3361 locus.
1038 3299 1188 3382 Namque
1214 3299 1261 3362 ita
1291 3300 1372 3364 Hie-

270 3423 436 3486 ronymus,
460 3402 506 3463 At
530 3403 614 3465 dices
635 3402 711 3485 [leg.
734 3402 827 3485 dicis]
857 3403 905 3483 (tu
930 3401 1048 3464 scilicet
1072 3402 1251 3483 Joviniane)
1277 3424 1373 3485 suaper
1403 3412 1406 3417 '

270 3506 400 3568 Petmam
408 3505 713 3585 saadatarEcclesr'a
727 3504 823 3587 (quod
837 3505 933 3568 toties
944 3506 1013 3588 jam
1025 3504 1118 3568 nobis
1131 3505 1213 3569 sen‘o
1229 3505 1371 3570 inculcat

303 3724 371 3787 ¹[S.
384 3724 452 3773 Max.
465 3723 541 3772 Hom.
555 3723 603 3772 Ill.
620 3725 648 3773 in
666 3724 725 3773 Nat.
740 3724 798 3773 Bea·
841 3726 920 3783 λῦσαι,
948 3725 987 3773 καί
1015 3726 1044 3772 τὸ
1073 3724 1243 3787 ἀπερίτρεπτον
1264 3727 1313 3783 τὴν
1335 3728 1372 3776 ἐκ·

270 3789 323 3837 tiss.
347 3789 400 3836 Pet.
418 3795 444 3838 ct
461 3788 618 3837 Pani-Bib.
641 3789 707 3837 Patr.
729 3789 796 3837 Max.
841 3790 945 3847 κλησίαν
967 3791 1063 3846 ποιῆσαι
1087 3789 1113 3837 ἑν
1135 3791 1241 3853 τοσαύτῃ
1258 3793 1371 3850 κνμιίτιον

271 3859 331 3901 tom.
345 3853 377 3900 vt.
396 3868 419 3914 p.
432 3855 470 3903 35.
484 3851 521 3916 R]
842 3855 942 3918 ἐμβολῇ,
970 3855 1009 3902 καί
1037 3853 1155 3916 ἄνθρωπον
1182 3854 1253 3904 ahala
1281 3855 1371 3921 τίτρας

303 3919 401 3979 Ι[Καί
429 3915 490 3977 lyei
515 3936 566 3966 σοι
591 3916 683 3977 λίγα,
708 3918 748 3968 Σὺ
772 3917 801 3966 εί
840 3917 919 3976 πάσης
935 3919 1054 3980 ἀποφῆναι
1066 3917 1230 3980 στερρότερον,
1241 3923 1284 3978 τῆς
1295 3922 1370 3970 οἷκον

270 3980 399 4042 Πέτρος,
417 3984 466 4031 καί
484 3983 530 4030 ἐπὶ
547 3983 638 4047 ταύτῃ
655 3985 689 4046 τῇ
706 3982 798 4046 πέτρᾳ
839 3982 912 4042 μένης
927 3982 1077 4041 πολεμούσης
1094 3983 1195 4042 ιίπιίσης,
1214 3987 1290 4033 ταῦτα
1306 3989 1370 4050 αὐτῷ

270 4045 454 4106 οἰκοδομήσω
476 4066 529 4105 μου
551 4048 606 4105 τὴν
627 4047 796 4104 ἐκκλησίαν·
841 4046 1020 4108 ἐπαγγέλλεται
1036 4046 1241 4109 δαίσεινκαθιίτφ
1260 4054 1272 4099 ὁ
1290 4054 1370 4114 πατὴρ

270 4110 390 4170 rumdam,
419 4114 450 4168 τῆ
478 4112 558 4160 πίστει
590 4115 633 4170 τῆς
660 4113 796 4172 ὁμολογίας·
839 4111 897 4175 τριίς
907 4113 951 4160 τὸν
962 4113 1074 4174 Ἱερεμίαν
1089 4111 1258 4173 διαλεγόμενος
1275 4114 1370 4177 ἔλεγον·

270 4177 378 4226 ἐντεῦθεν
405 4163 507 4226 δείκνυσι
534 4178 638 4226 πολλοὺς
662 4178 797 4237 μέλλοντας
837 4181 887 4226 Ὠς
909 4178 1032 4226 στῦλον
1051 4180 1207 4237 χαλκοῦν,
1228 4181 1280 4228 καί
1298 4182 1369 4231 ὡσεί

270 4244 315 4299 ἤδη
333 4242 460 4301 πιστεύειν,
479 4242 518 4290 καί
536 4241 660 4298 ἀνίστησιν
676 4243 750 4290 αὐτοῦ
768 4242 796 4290 τὸ
840 4245 956 4302 τεῖχος
994 4242 1128 4299 τίθησιν
1166 4242 1272 4292 αὐτόν·
1313 4246 1369 4294 ἀλλ’

270 4304 385 4369 φρόνημα,
403 4308 442 4355 καί
460 4304 560 4365 ποιμένα
582 4306 706 4355 acrei—S.
722 4305 797 4367 Chry·
841 4307 932 4355 ἐκεῖνον
955 4305 1000 4364 μὲν
1019 4306 1053 4354 tat
1075 4313 1141 4365 αθνει,
1162 4310 1248 4355 τοῦτον
1268 4309 1294 4358 δὲ
1314 4329 1369 4358 ταν

269 4376 328 4420 sost.
353 4371 429 4421 Hom.
448 4371 514 4419 mv.
544 4371 571 4419 iu
596 4371 620 4420 S.
639 4370 712 4419 hiatu
741 4371 796 4434 Op..
840 4374 918 4431 ταχοῦ
929 4373 972 4429 τῆς
983 4370 1197 4430 οἰκουμένης-11).
1210 4371 1254 4420 lin
1268 4374 1318 4439 32]

269 4437 331 4484 tom.
344 4436 370 4484 ii.
389 4451 413 4499 p.
426 4437 481 4485 844.
505 4437 549 4485 lin.
563 4437 601 4485 18.
630 4433 720 4499 *Λγᾶρ
736 4437 797 4484 Θεοῦ
872 4434 938 4499 h[S.
958 4435 1030 4484 Hier.
1056 4435 1099 4484 lib.
1120 4436 1136 4484 i.
1160 4435 1215 4484 adv.
1239 4436 1368 4489 Joviuiau.

270 4497 342 4549 udror
362 4501 431 4550 darer
454 4501 508 4560 toa,
533 4501 562 4548 τὸ
584 4499 615 4550 ad
639 4502 797 4564 ιίιιαρτηματα
841 4502 904 4559 §aa
923 4500 978 4563 Op„
989 4503 1049 4549 tom.
1061 4501 1089 4549 ii.
1101 4500 1147 4550 col.
1159 4502 1214 4554 279.
1228 4500 1268 4566 Β.]
