2910 4926
466 270 649 320 asamona
670 270 852 320 ausaausio.
1150 257 1210 321 161

140 415 171 465 ld
181 419 266 467 autam
277 418 315 468 lta
325 432 385 477 essa,
395 431 448 467 nou
458 416 572 468 absolute
590 416 773 483 pronuntiavit,
784 415 828 466 scd
846 414 956 477 addidit,
969 416 991 467 si
1003 431 1063 467 vera
1074 420 1143 479 sunt,
1156 432 1212 482 quaa

174 505 309 550 narrantur
322 501 354 550 ab
369 502 409 557 iis,
421 501 465 564 qui
476 515 534 550 eum
545 501 638 550 intime
655 502 796 550 noverunt:
812 497 902 563 Itaque
918 498 950 549 dc
966 498 1041 550 rebus
1056 498 1106 550 albi
1118 501 1213 563 ignotis

174 580 233 631 aliis
243 581 359 643 credidit,
371 565 415 645 qul
426 582 477 633 fide
488 581 562 646 dlgni
573 582 622 632 visi
633 586 701 632 sunt
734 581 762 633 si
774 582 836 632 salsa
844 586 986 640 narrarunt,
999 582 1049 646 ipsl
1060 582 1212 633 vider-lnt-

175 662 250 728 [Bell.
261 664 336 728 Apol.
348 679 393 728 pro
405 663 489 728 Resp]
502 678 526 728 p.
538 665 577 715 48.
596 664 662 729 [Op.‚
674 668 735 714 tom.
748 663 791 713 rii.
803 663 859 713 coll.
869 663 925 715 731.
935 663 967 714 D.
978 664 1034 716 732.
1043 663 1086 729 A.]

152 766 202 829 Ac
226 787 260 830 se
284 765 414 849 quidem
430 766 497 849 ipse
518 765 697 830 cardinalis
716 765 906 829 mendacem
928 765 965 829 in
987 785 1025 830 eo
1039 771 1209 844 monstrat,
1241 777 1343 856 Iniqua·

109 870 196 953 quod
214 870 336 934 dixerat
352 871 390 934 de
404 871 548 934 historia.
595 869 734 954 Subjicit
749 869 837 933 enim
851 870 948 952 paulo
962 875 1045 953 post,
1062 890 1210 965 navasse
1222 843 1374 958 wlff&

107 975 254 1053 bacilli,
278 976 385 1039 nescio
402 996 491 1059 quos,
507 975 567 1039 sibi
586 975 669 1039 uisos
685 973 753 1055 fide
777 975 896 1056 dianas,
925 995 959 1038 se
985 981 1094 1037 autem
1121 976 1208 1057 (uam
1221 972 1282 1038 ta²⁵]

107 1077 187 1158 quid
210 1076 298 1141 aliud
317 1077 448 1159 faceret)
474 1078 654 1142 credidisse.
699 1078 762 1156 Ita,
782 1076 962 1142 Cardiualis
985 1078 1119 1140 latoria
1140 1078 1211 1161 jam

98 1177 216 1259 sabula
242 1202 332 1246 mera
354 1188 413 1245 est.
459 1182 682 1245 Narrauerunt
705 1181 794 1262 impii
813 1179 1061 1263 fabulationes⁶,
1083 1180 1138 1244 ille
1152 1203 1211 1264 pro

107 1281 262 1346 Historiis
276 1283 398 1348 habuit.
445 1284 571 1348 Siccine
595 1304 670 1348 vero
690 1283 860 1367 Majestati
878 1283 997 1366 Rapum
1013 1282 1117 1346 defert
1132 1284 1210 1349 Car·

108 1384 233 1464 dinalis,
249 1393 286 1449 ut
301 1387 503 1470 quorundam
518 1387 686 1451 hominum
702 1386 848 1464 susurris,
865 1408 944 1470 quos
960 1408 1021 1450 nec
1042 1387 1211 1451 nominare

108 1488 218 1571 possit,
234 1488 280 1553 ita
300 1490 342 1553 sit
357 1490 517 1569 credulus,
534 1498 572 1553 ut
587 1490 705 1554 referre
719 1489 836 1553 audeat
850 1490 886 1553 in
902 1490 1029 1573 scripta,
1051 1490 1091 1554 de
1113 1491 1211 1574 Regi·

107 1590 179 1667 bus,
196 1613 267 1675 quae
282 1592 426 1675 Regibus
444 1592 604 1675 indigna?
649 1593 742 1670 'lum
760 1593 838 1655 satis
853 1614 888 1657 sc
903 1599 1091 1658 excusatum
1106 1601 1210 1677 putat,

109 1693 136 1756 si
148 1695 262 1778 jejuna
284 1695 354 1759 haee
376 1695 527 1779 proferat,
543 1696 617 1758 Non
632 1695 770 1758 absolute
781 1696 860 1774 diri,
876 1696 933 1759 sed
944 1697 974 1758 si
987 1717 1062 1759 vera
1076 1717 1212 1760 narran-

109 1802 172 1876 tur,
189 1798 226 1861 de
240 1798 332 1862 redeas
345 1800 461 1881 ipnotis
476 1800 549 1862 aliis
561 1799 690 1862 credidi.
735 1799 921 1861 Narraruat
934 1800 992 1862 boe
1007 1800 1073 1879 atii,
1084 1801 1137 1882 qui
1143 1800 1212 1882 fide

110 1900 270 1983 dipnivuisi
283 1909 365 1966 sum.
397 1902 491 1981 Tum,
506 1902 628 1983 sisalsa
642 1902 815 1979 narrarint,
831 1903 893 1982 ipsi
907 1901 1053 1965 uiderint.
1087 1903 1213 1967 Siccine

110 2004 209 2067 etiam
224 2005 376 2069 audacter
390 2005 579 2069 calumniari
599 2004 656 2083 fas,
673 2012 711 2067 ut
725 2003 857 2067 cicatrix
871 2004 1001 2082 haereat,
1018 2004 1096 2068 dum
1115 2005 1214 2070 addas

110 2106 216 2187 modo,
232 2109 261 2170 si
275 2129 350 2171 uera
364 2110 563 2171 narrantur?
585 2115 628 2186 et,
644 2107 701 2171 ubi
716 2107 934 2190 deprehensus
954 2107 1027 2170 falsi
1043 2108 1095 2186 sis,
1115 2129 1157 2172 ne
1178 2108 1214 2172 id

109 2209 240 2294 quidem
255 2231 377 2289 mirare,
388 2212 467 2275 dum
481 2211 621 2295 adjicias,
637 2212 665 2273 si
671 2210 762 2291 salsa
777 2216 961 2288 narrarunt,
976 2211 1038 2292 ipsi
1052 2211 1214 2275 uiderim

109 2313 154 2377 Et
168 2313 293 2378 nihilne
308 2314 402 2379 nobis
421 2321 575 2377 narratur
589 2314 629 2378 de
641 2313 839 2379 cardinale?
883 2314 974 2377 Eane
995 2327 1046 2377 sat
1061 2315 1124 2378 erit
1138 2336 1212 2397 pro-

108 2415 216 2499 palare
231 2417 366 2501 scriptis,
382 2416 492 2482 addito
507 2418 689 2496 tantum,si
711 2438 785 2480 uera
805 2419 1007 2481 narrantur?
1029 2425 1086 2482 aut
1104 2418 1132 2481 si
1146 2440 1214 2482 non

109 2526 292 2598 narrentur,
315 2521 344 2582 si
362 2519 451 2600 falsa
478 2526 662 2598 narrarunt,
686 2521 748 2602 ipsi
772 2521 942 2583 viderint?
995 2521 1116 2584 Viderit
1138 2542 1215 2586 vero

111 2621 300 2700 Cardinalis,
318 2643 360 2685 aa
381 2625 438 2686 boc
457 2625 510 2700 eit,
532 2622 805 2687 existimationem
821 2625 949 2707 Regum
964 2644 1086 2687 sacram
1102 2632 1136 2688 et
1150 2623 1212 2687 illi·

109 2723 220 2788 batam
236 2727 384 2789 servare?

143 2843 292 2908 Quanquam
302 2860 354 2895 non
365 2844 456 2896 desunt
468 2845 618 2909 conjecturae
630 2862 662 2897 ex
675 2846 783 2898 Basilica
796 2848 863 2898 Doro
870 2864 877 2908 ;
888 2885 895 2898 .
908 2885 914 2898 .
927 2863 1010 2899 .nam.
1018 2847 1063 2897 lib.
1075 2848 1092 2897 i.
1105 2861 1130 2912 p.
1143 2851 1165 2898 6.
1177 2848 1214 2897 sic

174 2928 281 2990 legitur:
296 2929 467 2992 ‘Religionem
476 2945 551 2992 quam
561 2931 589 2979 in
597 2930 981 2995 Scotiaprofitcmurscrlpturae
989 2930 1073 2980 verbis
1081 2931 1215 2980 fundatam

175 3023 228 3059 esse
235 3009 251 3069 ;'
267 3013 293 3058 ct
304 3010 349 3059 lib.
361 3011 387 3059 li.
400 3025 424 3073 p.
434 3013 477 3059 lo:
497 3010 655 3061 ‘Reformata
665 3012 755 3074 religio
767 3013 794 3060 in
806 3012 870 3062 hanc
881 3018 993 3062 nostram
1005 3012 1116 3062 Scotiam
1126 3010 1215 3061 divino

175 3089 249 3153 plane
260 3091 381 3140 miraculo
393 3091 537 3142 introducta
547 3093 708 3158 cst.’-[Bell.
721 3093 795 3158 Apol.
808 3108 854 3157 pro
866 3093 956 3158 Resp]
975 3108 1000 3158 p.
1011 3095 1051 3143 49.
1070 3092 1141 3157 [Op.,
1152 3097 1213 3142 tom.

174 3171 218 3219 vii.
235 3171 281 3220 col.
294 3171 349 3223 732.
362 3172 407 3237 l]

153 3260 295 3341 Veritus,
318 3284 361 3326 ne
376 3262 496 3344 sabula
518 3263 594 3327 huic
617 3285 682 3327 suae
704 3263 828 3327 deesset
850 3263 939 3342 fides,
956 3284 1018 3326 nan
1034 3264 1138 3326 deesse
1153 3262 1214 3325 sibi
1229 3282 1369 3348 [uentor-

109 3370 188 3432 dicit
212 3370 416 3451 conjecturas,
438 3370 554 3452 quibus
570 3368 691 3449 sabula
711 3368 808 3432 fidem
830 3368 938 3431 faciat.
985 3366 1105 3430 Scribit
1132 3368 1212 3445 Rex,
1226 3349 1358 3462 ζζζξῗζξῢ

109 3473 310 3555 Relipionena,
327 3494 418 3554 quam
438 3475 472 3535 in
495 3474 602 3536 Seotia
616 3475 816 3554 profitentur,
833 3473 911 3553 ipsis
927 3471 1099 3552 Scriptura
1112 3470 1340 3542 enuntiatone]

101 3576 272 3658 firndatam
288 3575 377 3641 esses.
409 3577 532 3642 Quidni
548 3576 694 3640 scribat?
727 3576 953 3638 Puritanarum
968 3595 1006 3637 ca
1020 3573 1132 3656 religio
1146 3596 1214 3639 non

110 3687 169 3760 est,
195 3703 331 3765 quorum
355 3682 444 3745 nulla
464 3688 514 3745 cst
537 3681 650 3763 religio
674 3702 733 3743 sua
755 3688 852 3764 atquc
876 3679 1020 3763 propria:
1044 3678 1214 3762 disciplina

110 3791 169 3847 est.
209 3785 305 3851 Quod
319 3785 424 3868 ipsum
440 3791 550 3847 tamen
566 3783 607 3847 de
618 3784 783 3847 Puritanis
798 3783 976 3866 generatim
992 3782 1115 3845 dictum
1130 3782 1212 3861 volo,

110 3887 213 3971 deque
241 3889 281 3951 iis
309 3888 396 3951 inter
419 3909 482 3965 eos,
510 3888 566 3970 qui
589 3895 803 3970 praeterquam
827 3887 911 3970 quod
936 3887 1120 3968 Disciplina
1146 3908 1213 3950 suae

108 3992 205 4076 paulo
226 3992 327 4076 magis
347 3991 465 4055 addicti
489 3999 575 4069 sunt,
599 4000 714 4055 caetera
737 3992 840 4056 sobrie
864 3993 940 4056 satis
963 3992 1110 4076 sapiunt3
1135 3991 1211 4069 Qui,

110 4094 314 4178 quantumvis
331 4094 472 4175 sannam
486 4094 575 4157 illam
591 4115 682 4157 suam
698 4094 823 4178 perdite
839 4095 1023 4177 depereant,
1039 4094 1074 4157 in
1089 4093 1212 4176 reliqua

108 4208 220 4262 tamen
249 4197 395 4262 doctrina
421 4197 498 4260 satis
523 4197 703 4261 Orthodoxi
733 4205 820 4261 sunt.
866 4199 937 4262 Nec
968 4198 1054 4261 enim
1083 4198 1212 4261 nescius

142 4342 153 4367 ⁰
182 4334 222 4383 Pa.
233 4333 320 4382 cxviii.
334 4331 430 4395 (Vulg.)
444 4331 494 4396 db]
679 4336 766 4389 tatem,
779 4335 807 4382 iu
824 4335 900 4384 saeris
912 4334 994 4384 literis
1004 4332 1110 4383 tundata
1120 4333 1212 4382 est.”-

143 4334 202 4461 ¹l“
215 4397 314 4461 Religio
336 4402 430 4456 nostra,
449 4413 507 4460 quaa
528 4402 567 4448 est
588 4397 636 4448 Dei
681 4398 737 4447 Bas.
761 4399 821 4448 Dor.
848 4399 933 4459 libi,
958 4399 1020 4462 Reg.
1043 4397 1130 4447 Jacob.
1155 4395 1211 4460 Op,

109 4462 192 4512 cultus
215 4461 291 4526 juxta
313 4462 449 4511 revelatam
471 4461 533 4525 ujus
551 4463 637 4513 volun·
680 4460 763 4526 p.68.]

153 4558 323 4594 aunum·
330 4557 397 4594 ΜΡ·
926 4560 952 4607 Μ
