2910 4926
467 288 650 339 sronoann
670 290 853 340 nnsrorsro.
1149 279 1211 342 lae

105 445 206 528 seria,
232 444 470 529 proferendum.
515 448 563 511 At
583 448 619 511 in
639 447 777 514 Martini
799 456 909 513 tamen
931 449 1017 514 sacto
1039 448 1109 533 ipso
1129 448 1211 513 nibil

110 548 325 627 incommodi3
349 549 499 633 quicquid
525 560 584 630 est,
614 551 649 615 id
678 574 717 617 ex
743 554 851 618 Severi
881 554 987 638 glossa
1011 560 1119 618 totum
1149 561 1208 619 est.

113 652 210 719 Quod
223 653 310 716 enim
325 652 401 716 fecit
415 653 479 732 ille,
494 663 602 738 posset
618 655 688 739 quis
703 657 908 741 interpretari
921 656 1006 722 forte
1021 656 1209 736 commode;

110 776 222 819 verum
238 755 324 839 quod
338 756 536 821 existimasse
552 779 625 821 eum
642 758 719 823 dicit
743 762 889 840 Severus,
908 760 1036 844 (nempe
1055 762 1211 844 intepram

110 858 172 921 sibi
185 880 247 922 aaa
257 855 340 940 sore,
356 861 386 922 si
399 860 514 942 Repem
529 861 713 943 presbytero
721 863 927 946 pretulisset)
952 863 987 927 id
1008 863 1050 927 ad
1067 864 1211 928 Glossam

114 961 222 1025 Severi
235 962 386 1045 pertinet,
403 984 468 1026 non
476 962 602 1044 sactum
617 964 762 1030 Martini.
810 966 898 1030 Nam
918 966 952 1029 id
966 966 1131 1030 Martinus
1147 967 1210 1031 alio

111 1065 244 1129 consilio
264 1064 376 1129 fecisse
400 1073 544 1148 poterat:
568 1088 694 1152 nempe,
715 1089 757 1132 ne
776 1069 867 1134 rudis
880 1075 977 1148 esset,
998 1077 1031 1134 et
1052 1070 1088 1133 in
1109 1070 1210 1135 bonos

111 1188 217 1231 mores
240 1176 397 1251 peccaret,
422 1169 448 1232 si
471 1182 642 1254 postquam
665 1171 806 1255 (quando
823 1172 870 1237 ita
884 1171 986 1237 voluit
1010 1173 1204 1257 Imperator)

110 1269 244 1335 bibisset
255 1271 324 1355 ipse
334 1271 414 1356 jam,
425 1274 614 1355 Imperatori
624 1280 768 1357 pateram
776 1275 990 1359 porrexisset:
1010 1282 1076 1355 ant,
1087 1275 1210 1360 siquem

111 1381 256 1457 putasset
276 1375 322 1438 ibi
339 1382 457 1458 praeter
471 1376 700 1462 Presbyterum
719 1399 824 1459 sunm,
840 1379 896 1463 qui
916 1399 950 1442 se
965 1377 1097 1443 inferior
1112 1386 1208 1458 esset,

111 1477 164 1541 cui
177 1483 249 1541 turn
263 1484 406 1560 pateram
420 1479 581 1562 porrigere
595 1480 762 1564 potuisset.

153 1583 210 1660 At,
226 1603 297 1665 quae
318 1583 464 1647 Martino
482 1584 518 1647 in
538 1605 577 1650 eo
596 1606 697 1665 mens,
715 1585 770 1669 qui
791 1584 898 1669 potuit
918 1586 1036 1650 Severo
1053 1593 1210 1664 constare,

111 1685 173 1749 nisi
194 1686 340 1751 Martino
359 1687 543 1752 referente?
582 1690 717 1753 Severus
732 1687 880 1753 retulisse
899 1710 967 1754 non
985 1688 1063 1753 dicit
1071 1715 1081 1766 3
1106 1688 1162 1753 sed
1182 1687 1211 1752 si

111 1789 158 1853 ita
171 1789 292 1869 retulit,
308 1797 341 1853 et
358 1797 513 1874 tanquam
532 1790 573 1856 dc
595 1791 681 1856 bono
702 1791 788 1856 facto
810 1791 966 1875 gloriatus
989 1798 1048 1868 est,
1060 1792 1210 1874 prataria

110 1892 180 1975 ipsa
194 1913 256 1956 aaa
270 1893 374 1971 boam,
391 1914 451 1957 nec
468 1915 539 1977 quae
556 1896 713 1960 Sanctum
729 1895 841 1959 decere
855 1901 976 1979 posset.
1007 1894 1082 1959 Nisi
1097 1893 1123 1957 si
1138 1894 1210 1959 ideo

110 1995 198 2075 fecit,
219 1995 305 2080 quod
327 1996 519 2075 Maximum,
540 2019 614 2062 cum
637 1998 833 2082 proditorem
857 1996 1017 2081 perfidum
1043 1997 1151 2076 sciret,
1176 2004 1210 2062 et

110 2099 301 2182 parricidam
327 2099 460 2164 Domini
484 2101 560 2180 sui',
581 2101 738 2165 honorem
760 2100 802 2179 ei,
825 2107 982 2184 tanquam
1006 2100 1209 2184 Imperatori,

111 2201 229 2266 habere
243 2203 357 2268 noluit.
405 2203 479 2287 Sed,
495 2203 521 2266 si
535 2203 583 2268 ita
595 2205 683 2269 inter
702 2204 848 2290 scyphos,
864 2204 1094 2289 Presbyterum
1114 2225 1210 2268 snum

111 2306 266 2389 majorem
280 2306 427 2371 Maximo
447 2307 640 2373 existimavit
647 2331 657 2385 3
681 2329 738 2372 cur
753 2307 847 2371 initio
864 2312 939 2389 post
953 2308 1099 2370 matrem
1112 2306 1210 2388 Rapis

110 2430 223 2491 passus
245 2416 295 2475 est
312 2409 524 2475 accumbere?
569 2411 637 2475 Cur
659 2432 726 2474 non
746 2409 808 2474 sibi
828 2409 1033 2492 proximum?
1063 2409 1129 2474 imo
1152 2429 1211 2473 cur

110 2513 274 2577 Martinus
288 2512 357 2597 ipse
368 2513 520 2596 dignatus
534 2515 644 2577 saltata
658 2512 867 2594 sederejaata
881 2513 1131 2595 Imperatorem?
1152 2532 1211 2576 cur

111 2636 178 2679 non
193 2622 338 2700 uterque,
362 2617 528 2681 Martinus
544 2624 577 2681 et
592 2616 775 2700 Presbyter,
791 2614 913 2679 sellulis
937 2636 1004 2679 non
1018 2617 1128 2697 jacta,
1154 2614 1211 2680 sed

109 2739 205 2801 supra
232 2719 465 2804 Imperatorem
488 2720 595 2803 ipsum
621 2719 744 2802 positis,
767 2717 1011 2782 accubuerunt?
1057 2719 1124 2783 Cur
1143 2738 1211 2782 non

111 2823 235 2905 Regem
249 2823 291 2886 ad
305 2824 439 2887 tertium
450 2823 668 2907 usquelocum
682 2822 748 2906 (qui
760 2843 837 2885 suus
849 2822 928 2904 erat)
945 2821 1209 2885 summoverunt?

111 2926 160 2989 vel
177 2927 227 3009 (ut
242 2924 421 2990 Cardinalis
436 2947 512 2991 voce
526 2926 611 3009 utar)
631 2946 688 2989 eur
703 2946 770 2989 non
791 2925 891 2988 locum
904 2923 1038 2987 tertium
1053 2943 1211 3005 capessere

106 3030 300 3114 jusserunt?
344 3029 469 3097 Quodsi
484 3032 718 3114 Imperatorem
736 3027 915 3111 digniorem
931 3026 1137 3103 existimavit,
1156 3026 1210 3109 qui

109 3139 186 3197 ante
201 3134 378 3211 secederet,
395 3155 452 3198 cur
473 3156 538 3198 non
559 3133 613 3217 qui
631 3133 773 3196 biberet?
818 3130 957 3197 Quando
975 3131 1130 3214 intepram
1151 3129 1212 3192 sibi

110 3257 172 3299 noa
190 3239 318 3318 pmtcoit
330 3236 415 3319 sore,
433 3237 459 3300 si
474 3237 508 3300 in
524 3237 646 3299 bibendi
666 3235 779 3300 ordine
793 3235 909 3317 Repem
922 3234 1109 3316 Presbytero
1127 3253 1210 3315 prc-

110 3341 252 3413 tutisset;
269 3347 371 3404 curet
386 3340 469 3404 illud
480 3359 605 3423 qnoque
617 3360 678 3402 aaa
692 3339 855 3419 iatepmm,
872 3337 899 3399 si
910 3343 943 3399 et
958 3336 1085 3399 sedendi
1099 3335 1211 3398 ordine

111 3442 193 3525 Regi
216 3443 445 3528 Presbyterum
469 3440 735 3526 posthabuisset?
790 3439 846 3502 An
872 3445 921 3501 est
945 3437 1084 3501 Martini
1107 3437 1211 3501 honor
1241 3492 1244 3496 ,

109 3546 213 3609 omnis
239 3546 274 3609 in
299 3546 449 3610 Poculis?
478 3554 511 3608 at
535 3544 659 3609 solebat
684 3543 720 3607 in
745 3542 825 3605 Sede
850 3538 956 3625 potius
980 3540 1085 3624 prima
1109 3540 1212 3604 honor

110 3668 199 3727 esse;
230 3657 262 3712 et
292 3648 328 3712 in
357 3645 620 3735 πρωτοκλισίαις,
650 3667 717 3710 non
746 3640 996 3731 πρωτοποσίαις.
1044 3642 1101 3707 Lis
1132 3663 1209 3725 crgo

108 3750 202 3815 nobis
225 3773 264 3814 ex
288 3772 380 3835 aequo
401 3750 530 3835 pendet,
555 3757 624 3813 tam
646 3747 812 3813 Maximus
835 3746 980 3812 Martino
1002 3747 1115 3831 major,
1135 3745 1211 3830 quia

109 3862 185 3917 ante
200 3875 274 3918 eum
289 3854 382 3933 sedit,
407 3875 503 3937 quam
518 3853 623 3916 minor
638 3850 794 3930 Mar-tino,
811 3850 896 3934 qnod
911 3855 984 3934 post
999 3870 1074 3913 eum
1090 3849 1177 3912 bibit.

154 3957 228 4035 Sed,
245 3958 296 4022 dic
318 3959 416 4023 etiam
434 3957 475 4021 de
489 3958 633 4020 Patere:
655 3955 691 4018 in
711 3976 749 4018 ca
768 3975 826 4018 cur
841 3952 1005 4017 Martinus
1025 3952 1211 4016 ministrum

109 4082 176 4123 non
192 4061 381 4145 praevortit?
405 4082 462 4125 cur
487 4083 554 4124 non
576 4059 741 4143 praeripuit
765 4057 848 4140 Regi
873 4056 1041 4140 pateram?
1064 4076 1122 4119 cur
1143 4077 1211 4120 non

109 4163 294 4227 ministrum
319 4163 482 4248 corripuit,
502 4163 588 4246 quod
611 4163 693 4246 Regi
716 4169 860 4246 pateram
884 4160 987 4243 primo
1008 4159 1210 4242 porrexisset,

111 4289 177 4330 non
203 4267 273 4348 sibi,
298 4289 415 4351 nempe
439 4289 502 4351 quo
527 4266 655 4351 dignior
678 4271 762 4329 esset
785 4286 852 4327 non
876 4262 945 4346 ipse
969 4262 1075 4340 modo,
1100 4262 1155 4326 scd
1178 4269 1211 4325 et

143 4445 152 4467 ¹
170 4437 192 4501 [1
207 4438 263 4487 Cor.
276 4451 298 4485 r.
311 4435 345 4500 6.]
716 4440 724 4463 ¹
741 4431 819 4496 [vide
831 4431 899 4480 Socr.
912 4431 979 4481 Hist.
992 4430 1058 4481 Eccl.
1070 4431 1114 4480 lib.
1124 4447 1146 4481 v.
1158 4447 1210 4495 cap.

684 4500 722 4546 11.
735 4512 776 4560 pp.
789 4499 845 4558 276,
857 4495 924 4559 art]
