2910 4926
249 259 312 325 132
562 279 606 325 ur>
627 279 817 327 cummunis
838 278 1037 327 ammarum

247 431 380 494 renodi?
421 435 476 497 An
499 443 538 498 ut
564 435 686 514 doceat,
710 436 764 520 qui
787 436 878 499 nullo
903 436 1055 498 crotalium
1076 433 1237 514 splendore
1259 439 1347 511 sunt,

248 535 318 599 fieri
331 558 424 619 posse
442 540 654 605 cardinales?
681 542 761 608 Quis
776 542 897 625 negat?
920 540 992 625 plus
1008 540 1105 604 etiam
1121 559 1217 621 quam
1235 538 1347 601 Cardi-

249 640 345 718 nales,
361 648 399 703 ut
415 643 565 707 Perottus
583 656 725 729 nuperm,
741 653 780 709 ιιι
800 666 888 709 nune
910 644 1007 709 etiam
1027 643 1067 707 de
1083 642 1219 707 Camillo
1235 641 1347 705 Ponti·

248 742 347 808 sexui
374 766 415 808 an
437 747 554 829 potius,
570 755 607 812 ut
627 771 694 813 non
716 749 970 833 exprobrandam
985 748 1015 811 ei
1029 747 1194 809 Netaiiem
1209 746 1348 809 obscuri-

249 849 372 911 tatem?
408 848 566 913 Probrum
595 873 637 915 ne
662 852 767 931 faeiat,
798 860 831 917 et
860 874 926 915 non
955 851 1096 934 patietur
1103 874 1113 927 ;
1155 849 1252 931 (quod
1280 868 1348 911 non

249 950 373 1032 Petrus,
388 975 456 1016 non
473 956 641 1040 quisquam
656 978 767 1022 eorum
782 956 869 1034 fecit,
885 976 965 1039 quos
984 954 1030 1017 ibi
1044 952 1213 1034 nominat).
1244 952 1298 1015 Ne
1313 973 1347 1016 se

248 1055 293 1119 sio
311 1058 447 1138 attollat,
464 1082 530 1123 non
545 1061 760 1144 deprimetur;
784 1080 967 1143 quanquam
989 1080 1055 1121 non
1077 1063 1145 1119 tam
1168 1055 1348 1140 deprimere

248 1157 309 1222 hoe
323 1159 395 1238 fuit,
411 1183 508 1243 quam
523 1164 706 1248 reprimere.
737 1163 849 1226 Nimia
862 1162 950 1225 euim
965 1160 1034 1224 haee
1047 1159 1219 1222 insolentia
1231 1158 1347 1222 falcem

248 1281 338 1325 suam
354 1263 389 1326 in
405 1264 503 1348 Regis
519 1288 654 1330 messem
670 1267 810 1344 mittere,
827 1266 950 1347 Regem
972 1264 1139 1341 lacessere,
1160 1261 1257 1344 (quod
1270 1261 1347 1325 fecit

247 1364 392 1447 Epistola
414 1388 470 1430 sua
479 1369 501 1449 ;)
518 1370 653 1433 'Portum
676 1370 838 1446 sefacere,
854 1376 891 1432 ut
912 1367 971 1431 sub
987 1366 1074 1429 larva
1091 1365 1175 1448 Regi
1194 1363 1347 1448 probmm

247 1465 375 1531 faceret.
421 1470 512 1533 Dixit
535 1493 606 1554 quie
628 1494 694 1537 non
717 1471 837 1549 debuit,
854 1469 956 1533 audiit
976 1491 1046 1552 quae
1061 1468 1173 1532 noluit.
1218 1468 1291 1532 Nee
1312 1469 1347 1532 id

246 1591 390 1654 unquam
412 1573 536 1653 efficiet,
553 1575 636 1658 siqui
658 1575 792 1638 suntin
814 1582 900 1638 coetu
923 1571 1153 1649 Cardinalium,
1169 1571 1345 1651 Columnae,

246 1673 297 1737 vel
322 1675 445 1755 Ursini,
471 1679 522 1741 vel
547 1679 697 1757 Medicei,
725 1679 853 1762 (eaetera
877 1698 969 1761 pares
993 1697 1065 1740 cum
1093 1675 1179 1756 sint,)
1210 1675 1288 1760 quin
1312 1697 1346 1739 se

246 1779 408 1843 nobilitate
422 1803 479 1845 sua
494 1783 696 1867 aliquatenus
715 1805 780 1866 prae
801 1782 931 1866 reliquis
952 1781 1093 1846 eminere
1108 1780 1260 1858 sentiant,
1275 1802 1345 1858 nec,

247 1883 273 1945 si
293 1905 373 1967 opus
396 1892 453 1964 est,
469 1893 606 1950 taceant.
654 1887 781 1952 Quibus
803 1886 923 1949 frustra
944 1885 1069 1949 occiuat
1086 1883 1266 1948 Cardinalir
1288 1905 1347 1948 sua

244 1988 342 2049 stulta
357 1990 473 2052 ciendi.
520 1990 672 2054 Obtinuit
687 1991 783 2069 enim,
801 1990 855 2073 qui
872 1988 996 2053 nobiles
1010 1995 1097 2066 sunt,
1117 1987 1181 2069 (qui
1200 1988 1262 2050 nisi
1270 2008 1346 2068 pro-

245 2090 333 2153 brum
355 2098 467 2154 cetera
490 2093 639 2156 indelicta
661 2093 880 2173 eoeatimantg)
898 2099 1062 2173 utcunque
1085 2091 1111 2153 si
1128 2088 1264 2153 lacessiti
1279 2111 1345 2152 non

245 2203 331 2272 sunt,
354 2195 519 2259 moderate
541 2218 575 2260 se
597 2204 711 2280 gerant
737 2198 807 2277 (nee
831 2196 953 2278 Regem
976 2194 1144 2278 quisquam
1168 2193 1228 2256 hac
1249 2192 1345 2256 laude

244 2297 378 2380 vicerit)
397 2299 453 2364 ubi
476 2301 553 2383 quid
574 2301 734 2380 detrahas
749 2300 807 2364 ubi
828 2321 941 2383 parum
959 2320 1017 2383 pro
1039 2299 1196 2379 dignitate
1215 2297 1344 2376 babeas,

245 2400 331 2464 bona
353 2424 411 2466 sua
433 2426 527 2467 nosse
549 2405 718 2488 incipiunt,
742 2411 775 2469 et
801 2427 864 2488 qua
890 2405 965 2467 dote
987 2405 1164 2487 superiores
1188 2403 1262 2482 sint,
1285 2424 1346 2467 nec

245 2506 393 2588 componi
423 2528 456 2570 se
485 2507 548 2571 nisi
579 2529 652 2570 eum
682 2507 855 2571 Nobilibus
885 2506 977 2569 facile
1006 2507 1178 2590 patiantur.
1233 2506 1344 2590 Cujus,

245 2608 295 2671 vel
326 2608 353 2670 si
379 2609 473 2687 volet,
501 2609 678 2693 periculum
707 2609 804 2674 faeiat
831 2609 926 2689 domi,
951 2609 1037 2671 inter
1060 2608 1245 2673 Cardinales
1271 2609 1345 2672 Col·

246 2711 333 2795 legas
349 2734 433 2776 suos.

280 2881 441 2931 Avunculum
452 2897 511 2933 vero
522 2882 639 2934 babuisse
648 2883 796 2934 Marcellum
808 2882 945 2933 secundum
956 2879 1105 2930 Pontificem
1113 2880 1264 2939 Maximum,
1275 2880 1346 2943 eujus

311 2979 340 3012 ea
351 2965 432 3012 virtus
448 2968 474 3013 et
490 2965 606 3014 doctrina
621 2966 677 3025 luit,
690 2971 718 3014 ut
735 2967 811 3015 etiam
823 2965 854 3013 ab
866 2964 981 3013 hostibus
992 2963 1168 3012 testimonium
1179 2963 1346 3025 acceperit.-

312 3043 387 3107 [Bell.
398 3045 472 3107 Apol.
485 3061 530 3110 pro
542 3045 628 3110 Resp]
640 3061 663 3109 p.
677 3050 715 3096 35.
728 3045 794 3109 [Op.,
806 3049 866 3095 tom.
881 3045 922 3094 vii.
935 3044 980 3093 col.
991 3044 1046 3096 7⁶24.
1060 3043 1102 3107 D.]

289 3173 387 3254 Nam,
400 3175 485 3259 quod
499 3183 670 3239 maternum
683 3196 781 3258 perires
795 3176 839 3237 ad
852 3176 1038 3237 Macellum
1057 3175 1218 3236 (leoninam
1237 3170 1345 3254 refert,

244 3297 328 3340 nova
341 3279 410 3361 jam
426 3279 559 3361 quaestio
574 3279 613 3343 de
629 3278 776 3343 Marcelli
791 3300 917 3361 genere.
962 3278 1048 3340 Eum
1064 3276 1217 3340 Richardi
1232 3277 1345 3340 Astro-

245 3378 311 3462 logi
322 3382 423 3444 filium
436 3382 533 3444 fuisse
548 3388 683 3460 constat,
696 3382 736 3445 de
751 3383 842 3465 cujus
857 3381 1018 3444 nobilitate
1030 3401 1126 3462 quam
1138 3400 1204 3442 non
1218 3400 1346 3461 magna,

247 3491 296 3546 set
321 3483 429 3546 innuit
455 3484 673 3567 onuphrium,
697 3506 781 3561 oum,
809 3482 956 3565 negando
981 3503 1043 3544 noa
1069 3481 1239 3557 obscurum,
1262 3482 1345 3542 affir-

246 3587 363 3649 mando
384 3608 481 3668 penes
502 3588 567 3668 ejus
587 3588 740 3649 mediocre
761 3587 932 3669 scripserit.
979 3586 1126 3662 Interim,
1146 3585 1346 3668 gratulamur

245 3688 275 3750 ei
291 3688 330 3750 de
341 3689 502 3751 denticulo
518 3710 585 3765 suo,
603 3709 707 3771 quem,
721 3689 746 3750 si
761 3688 808 3750 ita
823 3694 953 3751 sanctus
967 3687 1038 3763 suit,
1048 3688 1174 3749 utinam
1189 3687 1344 3764 imitetur,

244 3798 277 3855 et
292 3792 359 3875 ipse
374 3815 440 3876 par,
452 3792 500 3856 vel
516 3792 556 3854 ab
569 3792 715 3871 hostibus,
732 3794 938 3855 testimonium
950 3798 1151 3872 deceptu-rtis:
1176 3791 1217 3852 In
1231 3791 1346 3874 quibus

243 3895 329 3958 inest
364 3898 411 3977 (ut
436 3896 572 3978 videtur)
607 3895 726 3960 candor
756 3896 881 3980 aliquis,
905 3895 959 3978 qui
987 3897 1097 3958 virtuti
1123 3894 1172 3958 vel
1197 3896 1231 3956 ia
1261 3895 1347 3956 ioate

244 3998 450 4061 testimonium
472 3999 598 4062 ierunt:
625 3999 820 4082 (quanquam
843 3998 913 4082 quis
936 4019 969 4062 se
992 3999 1071 4081 ejus,
1088 4018 1184 4080 quem
1199 4005 1346 4060 sanetum

242 4206 260 4258 i
275 4202 292 4226 '²
314 4194 402 4245 Βῑῑῒῦῦ
413 4195 461 4309 Ἤ
852 4205 863 4235 ⁹
874 4196 963 4260 [‘·Non
970 4195 1347 4260 obscurisparentibus,”“gente

276 4267 288 4291 ²
316 4261 408 4310 Paulus
461 4295 476 4318 .‚
504 4265 563 4311 ante
592 4260 772 4311 Pontificatum
816 4260 930 4320 Cerrina,
952 4261 1019 4323 apud
1041 4276 1098 4309 suos
1120 4259 1262 4309 honorata.”
1281 4258 1347 4308 vide

244 4323 366 4375 Camillus
379 4324 550 4390 Borghesius]
816 4325 977 4388 Ouuphrium
989 4327 1016 4374 in
1025 4325 1087 4376 Vita
1100 4324 1201 4375 Marcel.
1210 4323 1244 4372 ll.
1256 4337 1281 4386 p.
1289 4325 1345 4373 354.

276 4396 288 4422 ⁰
314 4388 416 4453 [Attius
434 4390 501 4467 opud
519 4388 623 4439 Festum
646 4388 677 4439 de
695 4389 771 4440 Verb.
815 4389 847 4439 ad
859 4391 918 4440 calc.
931 4388 1006 4453 Plat]

244 4450 316 4517 Sigu
332 4453 377 4504 llb.
389 4454 441 4504 xlv.
454 4468 481 4504 ιιι
492 4469 545 4504 roo.
557 4452 722 4518 ‘Probrum.’]
