<?xml version="1.0" encoding="UTF-8"?>
<!DOCTYPE html PUBLIC "-//W3C//DTD XHTML 1.0 Transitional//EN"
    "http://www.w3.org/TR/xhtml1/DTD/xhtml1-transitional.dtd">
<html xmlns="http://www.w3.org/1999/xhtml" xml:lang="en" lang="en">
 <head>
  <title>
</title>
<meta http-equiv="Content-Type" content="text/html;charset=utf-8" />
  <meta name='ocr-system' content='tesseract 3.04.00' />
  <meta name='ocr-capabilities' content='ocr_page ocr_carea ocr_par ocr_line ocrx_word'/>
</head>
<body>
  <div class='ocr_page' id='page_1' title='image "./responsioadapol00andrgoog_0196.png"; bbox 0 0 2910 4926; ppageno 0'>
   <div class='ocr_carea' id='block_1_1' title="bbox 469 254 1216 322">
    <p class='ocr_par' dir='ltr' id='par_1_1' title="bbox 469 254 1216 322">
     <span class='ocr_line' id='line_1_1' title="bbox 469 254 1216 322; baseline -0.003 -1"><span class='ocrx_word' id='word_1_1' title='bbox 469 272 653 322; x_wconf 75' lang='lat' dir='ltr'>sroaoonn</span> <span class='ocrx_word' id='word_1_2' title='bbox 674 272 856 322; x_wconf 72' lang='lat' dir='ltr'>annonam.</span> <span class='ocrx_word' id='word_1_3' title='bbox 1152 254 1216 319; x_wconf 83' lang='grc'>153</span> 
     </span>
    </p>
   </div>
   <div class='ocr_carea' id='block_1_2' title="bbox 104 420 1382 3814">
    <p class='ocr_par' dir='ltr' id='par_1_2' title="bbox 104 420 1219 1125">
     <span class='ocr_line' id='line_1_2' title="bbox 110 420 1217 503; baseline 0.002 -18"><span class='ocrx_word' id='word_1_4' title='bbox 110 420 345 503; x_wconf 77' lang='lat' dir='ltr'>infortunatis</span> <span class='ocrx_word' id='word_1_5' title='bbox 369 426 454 489; x_wconf 79' lang='lat' dir='ltr'>hisce</span> <span class='ocrx_word' id='word_1_6' title='bbox 478 428 601 492; x_wconf 72' lang='lat' dir='ltr'>ineatis.</span> <span class='ocrx_word' id='word_1_7' title='bbox 649 427 834 491; x_wconf 79' lang='lat' dir='ltr'>Fortunatis</span> <span class='ocrx_word' id='word_1_8' title='bbox 857 431 967 490; x_wconf 89' lang='lat' dir='ltr'>autern</span> <span class='ocrx_word' id='word_1_9' title='bbox 991 423 1031 488; x_wconf 90' lang='lat' dir='ltr'>ab</span> <span class='ocrx_word' id='word_1_10' title='bbox 1056 424 1129 503; x_wconf 91' lang='lat' dir='ltr'>Illo,</span> <span class='ocrx_word' id='word_1_11' title='bbox 1156 444 1217 487; x_wconf 87' lang='lat' dir='ltr'>nee</span> 
     </span>
     <span class='ocr_line' id='line_1_3' title="bbox 107 525 1217 616; baseline 0.003 -28"><span class='ocrx_word' id='word_1_12' title='bbox 107 525 179 616; x_wconf 29' lang='lat' dir='ltr'>&#39;nlla</span> <span class='ocrx_word' id='word_1_13' title='bbox 193 525 273 590; x_wconf 85' lang='lat' dir='ltr'>adeo</span> <span class='ocrx_word' id='word_1_14' title='bbox 287 549 365 606; x_wconf 85' lang='lat' dir='ltr'>re,a</span> <span class='ocrx_word' id='word_1_15' title='bbox 381 530 484 594; x_wconf 87' lang='lat' dir='ltr'>Prolis</span> <span class='ocrx_word' id='word_1_16' title='bbox 498 530 608 607; x_wconf 73' lang='lat' dir='ltr'>futura</span> <span class='ocrx_word' id='word_1_17' title='bbox 623 553 689 614; x_wconf 89' lang='lat' dir='ltr'>spe,</span> <span class='ocrx_word' id='word_1_18' title='bbox 706 531 854 613; x_wconf 88' lang='lat' dir='ltr'>factaque</span> <span class='ocrx_word' id='word_1_19' title='bbox 874 530 923 593; x_wconf 93' lang='lat' dir='ltr'>illi</span> <span class='ocrx_word' id='word_1_20' title='bbox 937 552 957 592; x_wconf 93' lang='lat' dir='ltr'>a</span> <span class='ocrx_word' id='word_1_21' title='bbox 972 531 1043 594; x_wconf 92' lang='lat' dir='ltr'>Deo</span> <span class='ocrx_word' id='word_1_22' title='bbox 1057 528 1217 611; x_wconf 85' lang='lat' dir='ltr'>regnandi</span> 
     </span>
     <span class='ocr_line' id='line_1_4' title="bbox 112 629 1216 717; baseline 0.001 -24"><span class='ocrx_word' id='word_1_23' title='bbox 112 629 307 709; x_wconf 89' lang='lat' dir='ltr'>conditione,</span> <span class='ocrx_word' id='word_1_24' title='bbox 331 639 454 715; x_wconf 87' lang='lat' dir='ltr'>pacata,</span> <span class='ocrx_word' id='word_1_25' title='bbox 479 656 638 717; x_wconf 89' lang='lat' dir='ltr'>prospera,</span> <span class='ocrx_word' id='word_1_26' title='bbox 661 634 744 711; x_wconf 88' lang='lat' dir='ltr'>miti,</span> <span class='ocrx_word' id='word_1_27' title='bbox 767 634 860 698; x_wconf 88' lang='lat' dir='ltr'>bonis</span> <span class='ocrx_word' id='word_1_28' title='bbox 883 632 1032 698; x_wconf 89' lang='lat' dir='ltr'>omnibus</span> <span class='ocrx_word' id='word_1_29' title='bbox 1054 632 1216 708; x_wconf 85' lang='lat' dir='ltr'>affluente,</span> 
     </span>
     <span class='ocr_line' id='line_1_5' title="bbox 112 737 1219 820; baseline 0.003 -24"><span class='ocrx_word' id='word_1_30' title='bbox 112 753 297 816; x_wconf 71' lang='lat' dir='ltr'>quecunque</span> <span class='ocrx_word' id='word_1_31' title='bbox 317 737 479 818; x_wconf 68' lang='lat' dir='ltr'>Principis</span> <span class='ocrx_word' id='word_1_32' title='bbox 501 745 556 800; x_wconf 84' lang='lat' dir='ltr'>out</span> <span class='ocrx_word' id='word_1_33' title='bbox 571 740 683 820; x_wconf 81' lang='lat' dir='ltr'>populi</span> <span class='ocrx_word' id='word_1_34' title='bbox 700 745 772 802; x_wconf 83' lang='lat' dir='ltr'>voto</span> <span class='ocrx_word' id='word_1_35' title='bbox 793 744 877 801; x_wconf 78' lang='lat' dir='ltr'>suat.</span> <span class='ocrx_word' id='word_1_36' title='bbox 923 738 1022 800; x_wconf 80' lang='lat' dir='ltr'>Serva</span> <span class='ocrx_word' id='word_1_37' title='bbox 1044 737 1132 799; x_wconf 77' lang='lat' dir='ltr'>nobis</span> <span class='ocrx_word' id='word_1_38' title='bbox 1154 738 1219 799; x_wconf 79' lang='lat' dir='ltr'>lraec</span> 
     </span>
     <span class='ocr_line' id='line_1_6' title="bbox 113 836 1218 925; baseline 0.005 -27"><span class='ocrx_word' id='word_1_39' title='bbox 113 836 203 915; x_wconf 82' lang='lat' dir='ltr'>bona,</span> <span class='ocrx_word' id='word_1_40' title='bbox 221 838 345 902; x_wconf 82' lang='lat' dir='ltr'><strong><em>Summe</em></strong></span> <span class='ocrx_word' id='word_1_41' title='bbox 359 842 456 905; x_wconf 84' lang='lat' dir='ltr'>Deus.</span> <span class='ocrx_word' id='word_1_42' title='bbox 501 843 621 905; x_wconf 81' lang='lat' dir='ltr'>Misere</span> <span class='ocrx_word' id='word_1_43' title='bbox 636 863 712 925; x_wconf 87' lang='lat' dir='ltr'>ergo</span> <span class='ocrx_word' id='word_1_44' title='bbox 734 842 788 905; x_wconf 88' lang='lat' dir='ltr'>hie</span> <span class='ocrx_word' id='word_1_45' title='bbox 808 848 894 905; x_wconf 88' lang='lat' dir='ltr'>errat</span> <span class='ocrx_word' id='word_1_46' title='bbox 914 840 1105 905; x_wconf 86' lang='lat' dir='ltr'>Cardinalis.</span> <span class='ocrx_word' id='word_1_47' title='bbox 1149 842 1218 922; x_wconf 86' lang='lat' dir='ltr'>Ap·</span> 
     </span>
     <span class='ocr_line' id='line_1_7' title="bbox 112 940 1218 1028; baseline 0.003 -26"><span class='ocrx_word' id='word_1_48' title='bbox 112 940 198 1023; x_wconf 87' lang='lat' dir='ltr'>pallo</span> <span class='ocrx_word' id='word_1_49' title='bbox 213 941 262 1004; x_wconf 89' lang='lat' dir='ltr'>vel</span> <span class='ocrx_word' id='word_1_50' title='bbox 277 941 449 1008; x_wconf 86' lang='lat' dir='ltr'>invidiam:</span> <span class='ocrx_word' id='word_1_51' title='bbox 474 944 644 1027; x_wconf 84' lang='lat' dir='ltr'>Nusquam</span> <span class='ocrx_word' id='word_1_52' title='bbox 660 945 721 1009; x_wconf 91' lang='lat' dir='ltr'>sub</span> <span class='ocrx_word' id='word_1_53' title='bbox 736 945 813 1023; x_wconf 86' lang='lat' dir='ltr'>ullo,</span> <span class='ocrx_word' id='word_1_54' title='bbox 830 966 927 1028; x_wconf 91' lang='lat' dir='ltr'>quarn</span> <span class='ocrx_word' id='word_1_55' title='bbox 942 943 1002 1007; x_wconf 88' lang='lat' dir='ltr'>sub</span> <span class='ocrx_word' id='word_1_56' title='bbox 1017 945 1140 1008; x_wconf 84' lang='lat' dir='ltr'>Nostro</span> <span class='ocrx_word' id='word_1_57' title='bbox 1154 942 1218 1021; x_wconf 88' lang='lat' dir='ltr'>hie,</span> 
     </span>
     <span class='ocr_line' id='line_1_8' title="bbox 104 1041 682 1125; baseline 0.002 -19"><span class='ocrx_word' id='word_1_58' title='bbox 104 1041 235 1125; x_wconf 77' lang='lat' dir='ltr'>feliciae</span> <span class='ocrx_word' id='word_1_59' title='bbox 248 1046 375 1110; x_wconf 83' lang='lat' dir='ltr'>vivitur.</span> <span class='ocrx_word' id='word_1_60' title='bbox 680 1111 682 1115; x_wconf 68' lang='lat'>,</span> 
     </span>
    </p>

    <p class='ocr_par' dir='ltr' id='par_1_3' title="bbox 113 1148 1382 2162">
     <span class='ocr_line' id='line_1_9' title="bbox 158 1148 1382 1277; baseline 0.001 -66"><span class='ocrx_word' id='word_1_61' title='bbox 158 1148 224 1211; x_wconf 91' lang='lat' dir='ltr'>Hic</span> <span class='ocrx_word' id='word_1_62' title='bbox 238 1169 314 1213; x_wconf 88' lang='lat' dir='ltr'>vero</span> <span class='ocrx_word' id='word_1_63' title='bbox 329 1150 492 1213; x_wconf 88' lang='lat' dir='ltr'>Cardinali</span> <span class='ocrx_word' id='word_1_64' title='bbox 512 1152 579 1234; x_wconf 92' lang='lat' dir='ltr'>(qui</span> <span class='ocrx_word' id='word_1_65' title='bbox 602 1152 647 1215; x_wconf 89' lang='lat' dir='ltr'>sic</span> <span class='ocrx_word' id='word_1_66' title='bbox 663 1151 751 1229; x_wconf 90' lang='lat' dir='ltr'>dicit,</span> <span class='ocrx_word' id='word_1_67' title='bbox 771 1151 853 1224; x_wconf 81' lang='lat' dir='ltr'>Quia</span> <span class='ocrx_word' id='word_1_68' title='bbox 867 1150 959 1214; x_wconf 70' lang='lat' dir='ltr'>Ferte</span> <span class='ocrx_word' id='word_1_69' title='bbox 979 1171 1057 1223; x_wconf 75' lang='lat' dir='ltr'>eum,</span> <span class='ocrx_word' id='word_1_70' title='bbox 1070 1155 1101 1213; x_wconf 86' lang='lat' dir='ltr'>et</span> <span class='ocrx_word' id='word_1_71' title='bbox 1120 1149 1218 1212; x_wconf 80' lang='lat' dir='ltr'>nescit</span> <span class='ocrx_word' id='word_1_72' title='bbox 1233 1160 1382 1277; x_wconf 58' lang='lat' dir='ltr'>ppudiun</span> 
     </span>
     <span class='ocr_line' id='line_1_10' title="bbox 113 1225 1339 1338; baseline 0.002 -26"><span class='ocrx_word' id='word_1_73' title='bbox 113 1252 188 1332; x_wconf 80' lang='lat' dir='ltr'>qaia</span> <span class='ocrx_word' id='word_1_74' title='bbox 211 1252 305 1315; x_wconf 80' lang='lat' dir='ltr'>miser</span> <span class='ocrx_word' id='word_1_75' title='bbox 327 1255 419 1334; x_wconf 45' lang='lat' dir='ltr'>esth)</span> <span class='ocrx_word' id='word_1_76' title='bbox 442 1255 557 1317; x_wconf 73' lang='lat' dir='ltr'>suadeo</span> <span class='ocrx_word' id='word_1_77' title='bbox 580 1262 662 1318; x_wconf 83' lang='lat' dir='ltr'>emat</span> <span class='ocrx_word' id='word_1_78' title='bbox 684 1257 865 1338; x_wconf 67' lang='lat' dir='ltr'>Collyrium,</span> <span class='ocrx_word' id='word_1_79' title='bbox 880 1255 1014 1332; x_wconf 64' lang='lat' dir='ltr'>timaus,</span> <span class='ocrx_word' id='word_1_80' title='bbox 1031 1254 1058 1316; x_wconf 87' lang='lat' dir='ltr'>si</span> <span class='ocrx_word' id='word_1_81' title='bbox 1073 1253 1146 1316; x_wconf 81' lang='lat' dir='ltr'>bene</span> <span class='ocrx_word' id='word_1_82' title='bbox 1159 1252 1220 1315; x_wconf 80' lang='lat' dir='ltr'>sibi</span> <span class='ocrx_word' id='word_1_83' title='bbox 1270 1225 1339 1291; x_wconf 57' lang='grc' dir='ltr'>Μ’]</span> 
     </span>
     <span class='ocr_line' id='line_1_11' title="bbox 114 1355 1219 1442; baseline 0.001 -26"><span class='ocrx_word' id='word_1_84' title='bbox 114 1355 379 1436; x_wconf 68' lang='lat' dir='ltr'>centesimarum,</span> <span class='ocrx_word' id='word_1_85' title='bbox 402 1378 560 1440; x_wconf 80' lang='lat' dir='ltr'>nusquam</span> <span class='ocrx_word' id='word_1_86' title='bbox 585 1358 695 1442; x_wconf 86' lang='lat' dir='ltr'>magis,</span> <span class='ocrx_word' id='word_1_87' title='bbox 720 1380 817 1441; x_wconf 89' lang='lat' dir='ltr'>quam</span> <span class='ocrx_word' id='word_1_88' title='bbox 840 1356 900 1420; x_wconf 89' lang='lat' dir='ltr'>sub</span> <span class='ocrx_word' id='word_1_89' title='bbox 926 1379 989 1439; x_wconf 89' lang='lat' dir='ltr'>quo</span> <span class='ocrx_word' id='word_1_90' title='bbox 1009 1357 1077 1440; x_wconf 89' lang='lat' dir='ltr'>ipse</span> <span class='ocrx_word' id='word_1_91' title='bbox 1098 1356 1219 1434; x_wconf 83' lang='lat' dir='ltr'>scribit,</span> 
     </span>
     <span class='ocr_line' id='line_1_12' title="bbox 114 1459 1219 1538; baseline 0.002 -18"><span class='ocrx_word' id='word_1_92' title='bbox 114 1463 145 1521; x_wconf 85' lang='lat' dir='ltr'>et</span> <span class='ocrx_word' id='word_1_93' title='bbox 172 1459 261 1535; x_wconf 80' lang='lat' dir='ltr'>vivit,</span> <span class='ocrx_word' id='word_1_94' title='bbox 286 1459 442 1538; x_wconf 81' lang='lat' dir='ltr'>miseram,</span> <span class='ocrx_word' id='word_1_95' title='bbox 469 1469 541 1524; x_wconf 87' lang='lat' dir='ltr'>turn</span> <span class='ocrx_word' id='word_1_96' title='bbox 569 1461 736 1538; x_wconf 75' lang='lat' dir='ltr'>scribendi,</span> <span class='ocrx_word' id='word_1_97' title='bbox 760 1468 832 1524; x_wconf 89' lang='lat' dir='ltr'>tum</span> <span class='ocrx_word' id='word_1_98' title='bbox 858 1461 981 1523; x_wconf 81' lang='lat' dir='ltr'>vivendi</span> <span class='ocrx_word' id='word_1_99' title='bbox 1004 1460 1219 1523; x_wconf 79' lang='lat' dir='ltr'>conditionem.</span> 
     </span>
     <span class='ocr_line' id='line_1_13' title="bbox 114 1562 1219 1646; baseline 0.001 -23"><span class='ocrx_word' id='word_1_100' title='bbox 114 1562 268 1625; x_wconf 69' lang='lat' dir='ltr'>Miseram</span> <span class='ocrx_word' id='word_1_101' title='bbox 277 1563 433 1627; x_wconf 70' lang='lat' dir='ltr'>scribendi</span> <span class='ocrx_word' id='word_1_102' title='bbox 448 1565 508 1627; x_wconf 89' lang='lat' dir='ltr'>sub</span> <span class='ocrx_word' id='word_1_103' title='bbox 524 1586 572 1642; x_wconf 90' lang='lat' dir='ltr'>eo,</span> <span class='ocrx_word' id='word_1_104' title='bbox 584 1566 638 1628; x_wconf 82' lang='lat' dir='ltr'>obi</span> <span class='ocrx_word' id='word_1_105' title='bbox 649 1566 798 1646; x_wconf 79' lang='lat' dir='ltr'>injuriam</span> <span class='ocrx_word' id='word_1_106' title='bbox 812 1564 873 1629; x_wconf 88' lang='lat' dir='ltr'>sibi</span> <span class='ocrx_word' id='word_1_107' title='bbox 887 1564 996 1627; x_wconf 84' lang='lat' dir='ltr'>Sixtus</span> <span class='ocrx_word' id='word_1_108' title='bbox 1002 1564 1078 1645; x_wconf 82' lang='lat' dir='ltr'>fieri</span> <span class='ocrx_word' id='word_1_109' title='bbox 1085 1563 1219 1644; x_wconf 75' lang='lat' dir='ltr'>judicet,</span> 
     </span>
     <span class='ocr_line' id='line_1_14' title="bbox 115 1665 1221 1749; baseline 0 -21"><span class='ocrx_word' id='word_1_110' title='bbox 115 1665 143 1728; x_wconf 86' lang='lat' dir='ltr'>si</span> <span class='ocrx_word' id='word_1_111' title='bbox 163 1666 333 1748; x_wconf 82' lang='lat' dir='ltr'>Pontifices</span> <span class='ocrx_word' id='word_1_112' title='bbox 352 1667 470 1731; x_wconf 87' lang='lat' dir='ltr'>scribat</span> <span class='ocrx_word' id='word_1_113' title='bbox 482 1669 559 1749; x_wconf 82' lang='lat' dir='ltr'>jure</span> <span class='ocrx_word' id='word_1_114' title='bbox 577 1669 694 1731; x_wconf 63' lang='lat' dir='ltr'>Caesari</span> <span class='ocrx_word' id='word_1_115' title='bbox 713 1669 866 1749; x_wconf 80' lang='lat' dir='ltr'>subjectos</span> <span class='ocrx_word' id='word_1_116' title='bbox 887 1688 1032 1748; x_wconf 78' lang='lat' dir='ltr'>unquam,</span> <span class='ocrx_word' id='word_1_117' title='bbox 1049 1687 1086 1729; x_wconf 91' lang='lat' dir='ltr'>ac</span> <span class='ocrx_word' id='word_1_118' title='bbox 1107 1665 1221 1748; x_wconf 88' lang='lat' dir='ltr'>jubeat</span> 
     </span>
     <span class='ocr_line' id='line_1_15' title="bbox 115 1769 1220 1855; baseline 0.001 -25"><span class='ocrx_word' id='word_1_119' title='bbox 115 1769 210 1852; x_wconf 89' lang='lat' dir='ltr'>proin</span> <span class='ocrx_word' id='word_1_120' title='bbox 238 1769 348 1833; x_wconf 87' lang='lat' dir='ltr'>referri</span> <span class='ocrx_word' id='word_1_121' title='bbox 381 1771 616 1834; x_wconf 74' lang='lat' dir='ltr'>Controveraios</span> <span class='ocrx_word' id='word_1_122' title='bbox 641 1773 711 1855; x_wconf 88' lang='lat' dir='ltr'>ejus</span> <span class='ocrx_word' id='word_1_123' title='bbox 737 1771 771 1833; x_wconf 93' lang='lat' dir='ltr'>in</span> <span class='ocrx_word' id='word_1_124' title='bbox 801 1770 968 1833; x_wconf 76' lang='lat' dir='ltr'>Librorum</span> <span class='ocrx_word' id='word_1_125' title='bbox 990 1769 1220 1850; x_wconf 80' lang='lat' dir='ltr'>prohibitorum</span> 
     </span>
     <span class='ocr_line' id='line_1_16' title="bbox 114 1872 1219 1958; baseline 0 -24"><span class='ocrx_word' id='word_1_126' title='bbox 114 1872 254 1935; x_wconf 82' lang='lat' dir='ltr'>Iudicem</span> <span class='ocrx_word' id='word_1_127' title='bbox 264 1886 287 1938; x_wconf 84' lang='lat'>¹.</span> <span class='ocrx_word' id='word_1_128' title='bbox 335 1873 399 1937; x_wconf 92' lang='lat' dir='ltr'>Ubi</span> <span class='ocrx_word' id='word_1_129' title='bbox 425 1874 511 1938; x_wconf 90' lang='lat' dir='ltr'>idern</span> <span class='ocrx_word' id='word_1_130' title='bbox 539 1898 558 1938; x_wconf 91' lang='lat' dir='ltr'>a</span> <span class='ocrx_word' id='word_1_131' title='bbox 583 1876 685 1939; x_wconf 89' lang='lat' dir='ltr'>Paulo</span> <span class='ocrx_word' id='word_1_132' title='bbox 707 1874 896 1958; x_wconf 84' lang='lat' dir='ltr'>periculum,</span> <span class='ocrx_word' id='word_1_133' title='bbox 916 1873 978 1936; x_wconf 88' lang='lat' dir='ltr'>nisi</span> <span class='ocrx_word' id='word_1_134' title='bbox 1000 1873 1137 1956; x_wconf 90' lang='lat' dir='ltr'>paucula</span> <span class='ocrx_word' id='word_1_135' title='bbox 1154 1872 1219 1949; x_wconf 90' lang='lat' dir='ltr'>illa,</span> 
     </span>
     <span class='ocr_line' id='line_1_17' title="bbox 117 1974 1219 2062; baseline 0.001 -23"><span class='ocrx_word' id='word_1_136' title='bbox 117 1996 188 2058; x_wconf 83' lang='lat' dir='ltr'>quae</span> <span class='ocrx_word' id='word_1_137' title='bbox 204 1976 287 2041; x_wconf 86' lang='lat' dir='ltr'>benc</span> <span class='ocrx_word' id='word_1_138' title='bbox 308 1978 435 2061; x_wconf 86' lang='lat' dir='ltr'>scripsit</span> <span class='ocrx_word' id='word_1_139' title='bbox 450 1987 483 2041; x_wconf 88' lang='lat' dir='ltr'>ct</span> <span class='ocrx_word' id='word_1_140' title='bbox 503 1979 654 2062; x_wconf 85' lang='lat' dir='ltr'>ingenue,</span> <span class='ocrx_word' id='word_1_141' title='bbox 671 1978 712 2040; x_wconf 94' lang='lat' dir='ltr'>ad</span> <span class='ocrx_word' id='word_1_142' title='bbox 733 1977 824 2041; x_wconf 85' lang='lat' dir='ltr'>Bosii</span> <span class='ocrx_word' id='word_1_143' title='bbox 847 1985 880 2040; x_wconf 87' lang='lat' dir='ltr'>et</span> <span class='ocrx_word' id='word_1_144' title='bbox 900 1976 1018 2039; x_wconf 82' lang='lat' dir='ltr'>Martae</span> <span class='ocrx_word' id='word_1_145' title='bbox 1038 1974 1219 2059; x_wconf 81' lang='lat' dir='ltr'>exemplum</span> 
     </span>
     <span class='ocr_line' id='line_1_18' title="bbox 116 2087 329 2162; baseline 0.014 -21"><span class='ocrx_word' id='word_1_146' title='bbox 116 2087 329 2162; x_wconf 77' lang='lat' dir='ltr'>recopuoscot.</span> 
     </span>
    </p>

    <p class='ocr_par' dir='ltr' id='par_1_4' title="bbox 110 2181 1224 2984">
     <span class='ocr_line' id='line_1_19' title="bbox 162 2181 1221 2269; baseline -0.002 -22"><span class='ocrx_word' id='word_1_147' title='bbox 162 2183 229 2247; x_wconf 90' lang='lat' dir='ltr'>Ubi</span> <span class='ocrx_word' id='word_1_148' title='bbox 244 2205 318 2248; x_wconf 88' lang='lat' dir='ltr'>voro</span> <span class='ocrx_word' id='word_1_149' title='bbox 333 2186 449 2249; x_wconf 84' lang='lat' dir='ltr'>misera</span> <span class='ocrx_word' id='word_1_150' title='bbox 464 2185 568 2269; x_wconf 84' lang='lat' dir='ltr'>magis</span> <span class='ocrx_word' id='word_1_151' title='bbox 584 2185 730 2264; x_wconf 79' lang='lat' dir='ltr'>conditio,</span> <span class='ocrx_word' id='word_1_152' title='bbox 747 2206 844 2268; x_wconf 90' lang='lat' dir='ltr'>quam</span> <span class='ocrx_word' id='word_1_153' title='bbox 857 2183 914 2247; x_wconf 82' lang='lat' dir='ltr'>aab</span> <span class='ocrx_word' id='word_1_154' title='bbox 930 2204 964 2247; x_wconf 82' lang='lat' dir='ltr'>eo</span> <span class='ocrx_word' id='word_1_155' title='bbox 979 2184 1090 2260; x_wconf 71' lang='lat' dir='ltr'>vium,</span> <span class='ocrx_word' id='word_1_156' title='bbox 1106 2181 1141 2244; x_wconf 94' lang='lat' dir='ltr'>in</span> <span class='ocrx_word' id='word_1_157' title='bbox 1157 2203 1221 2265; x_wconf 90' lang='lat' dir='ltr'>quo</span> 
     </span>
     <span class='ocr_line' id='line_1_20' title="bbox 116 2285 1222 2371; baseline -0.002 -20"><span class='ocrx_word' id='word_1_158' title='bbox 116 2285 221 2351; x_wconf 87' lang='lat' dir='ltr'>fastus</span> <span class='ocrx_word' id='word_1_159' title='bbox 236 2308 274 2350; x_wconf 87' lang='lat' dir='ltr'>ac</span> <span class='ocrx_word' id='word_1_160' title='bbox 288 2290 455 2371; x_wconf 87' lang='lat' dir='ltr'>tyrannis:</span> <span class='ocrx_word' id='word_1_161' title='bbox 479 2288 529 2352; x_wconf 89' lang='lat' dir='ltr'>vel</span> <span class='ocrx_word' id='word_1_162' title='bbox 545 2289 670 2367; x_wconf 88' lang='lat' dir='ltr'>coloci,</span> <span class='ocrx_word' id='word_1_163' title='bbox 685 2288 742 2351; x_wconf 93' lang='lat' dir='ltr'>ubi</span> <span class='ocrx_word' id='word_1_164' title='bbox 761 2288 856 2351; x_wconf 80' lang='lat' dir='ltr'>luxus</span> <span class='ocrx_word' id='word_1_165' title='bbox 870 2295 903 2351; x_wconf 91' lang='lat' dir='ltr'>ct</span> <span class='ocrx_word' id='word_1_166' title='bbox 925 2286 1026 2350; x_wconf 92' lang='lat' dir='ltr'>libido</span> <span class='ocrx_word' id='word_1_167' title='bbox 1039 2285 1105 2349; x_wconf 89' lang='lat' dir='ltr'>late</span> <span class='ocrx_word' id='word_1_168' title='bbox 1119 2285 1222 2349; x_wconf 92' lang='lat' dir='ltr'>dorni·</span> 
     </span>
     <span class='ocr_line' id='line_1_21' title="bbox 119 2388 1223 2475; baseline 0.001 -24"><span class='ocrx_word' id='word_1_169' title='bbox 119 2391 262 2453; x_wconf 79' lang='lat' dir='ltr'>nentur?</span> <span class='ocrx_word' id='word_1_170' title='bbox 295 2392 383 2455; x_wconf 90' lang='lat' dir='ltr'>Nam</span> <span class='ocrx_word' id='word_1_171' title='bbox 397 2392 500 2455; x_wconf 87' lang='lat' dir='ltr'>fastus</span> <span class='ocrx_word' id='word_1_172' title='bbox 520 2392 556 2455; x_wconf 92' lang='lat' dir='ltr'>in</span> <span class='ocrx_word' id='word_1_173' title='bbox 577 2413 615 2456; x_wconf 90' lang='lat' dir='ltr'>eo</span> <span class='ocrx_word' id='word_1_174' title='bbox 636 2414 732 2475; x_wconf 89' lang='lat' dir='ltr'>quam</span> <span class='ocrx_word' id='word_1_175' title='bbox 746 2391 901 2469; x_wconf 87' lang='lat' dir='ltr'>tumidus,</span> <span class='ocrx_word' id='word_1_176' title='bbox 918 2391 971 2472; x_wconf 81' lang='lat' dir='ltr'>qui</span> <span class='ocrx_word' id='word_1_177' title='bbox 990 2389 1140 2471; x_wconf 72' lang='lat' dir='ltr'>injuriam</span> <span class='ocrx_word' id='word_1_178' title='bbox 1161 2388 1223 2452; x_wconf 85' lang='lat' dir='ltr'>sibi</span> 
     </span>
     <span class='ocr_line' id='line_1_22' title="bbox 110 2491 1223 2575; baseline 0.001 -21"><span class='ocrx_word' id='word_1_179' title='bbox 110 2494 187 2574; x_wconf 82' lang='lat' dir='ltr'>fieri</span> <span class='ocrx_word' id='word_1_180' title='bbox 193 2493 332 2573; x_wconf 80' lang='lat' dir='ltr'>judicat,</span> <span class='ocrx_word' id='word_1_181' title='bbox 347 2496 376 2556; x_wconf 80' lang='lat' dir='ltr'>si</span> <span class='ocrx_word' id='word_1_182' title='bbox 391 2517 411 2557; x_wconf 86' lang='lat' dir='ltr'>a</span> <span class='ocrx_word' id='word_1_183' title='bbox 428 2496 518 2558; x_wconf 78' lang='lat' dir='ltr'>Petri</span> <span class='ocrx_word' id='word_1_184' title='bbox 533 2496 670 2575; x_wconf 75' lang='lat' dir='ltr'>eremplo</span> <span class='ocrx_word' id='word_1_185' title='bbox 686 2496 831 2560; x_wconf 79' lang='lat' dir='ltr'>honorem</span> <span class='ocrx_word' id='word_1_186' title='bbox 845 2513 964 2556; x_wconf 72' lang='lat' dir='ltr'>summ</span> <span class='ocrx_word' id='word_1_187' title='bbox 980 2493 1091 2569; x_wconf 81' lang='lat' dir='ltr'>discut,</span> <span class='ocrx_word' id='word_1_188' title='bbox 1107 2491 1223 2574; x_wconf 84' lang='lat' dir='ltr'>cuique</span> 
     </span>
     <span class='ocr_line' id='line_1_23' title="bbox 119 2595 1223 2681; baseline 0 -24"><span class='ocrx_word' id='word_1_189' title='bbox 119 2595 223 2658; x_wconf 91' lang='lat' dir='ltr'>honor</span> <span class='ocrx_word' id='word_1_190' title='bbox 237 2598 346 2660; x_wconf 89' lang='lat' dir='ltr'>nullus</span> <span class='ocrx_word' id='word_1_191' title='bbox 368 2619 427 2680; x_wconf 92' lang='lat' dir='ltr'>pro</span> <span class='ocrx_word' id='word_1_192' title='bbox 445 2598 604 2681; x_wconf 81' lang='lat' dir='ltr'>dignitate</span> <span class='ocrx_word' id='word_1_193' title='bbox 624 2598 702 2661; x_wconf 88' lang='lat' dir='ltr'>satis</span> <span class='ocrx_word' id='word_1_194' title='bbox 722 2606 782 2676; x_wconf 87' lang='lat' dir='ltr'>est,</span> <span class='ocrx_word' id='word_1_195' title='bbox 798 2597 863 2660; x_wconf 92' lang='lat' dir='ltr'>nisi</span> <span class='ocrx_word' id='word_1_196' title='bbox 884 2595 1075 2679; x_wconf 85' lang='lat' dir='ltr'>procumbat</span> <span class='ocrx_word' id='word_1_197' title='bbox 1091 2595 1173 2678; x_wconf 90' lang='lat' dir='ltr'>quis,</span> <span class='ocrx_word' id='word_1_198' title='bbox 1189 2601 1223 2657; x_wconf 88' lang='lat' dir='ltr'>et</span> 
     </span>
     <span class='ocr_line' id='line_1_24' title="bbox 120 2699 1224 2784; baseline -0.002 -23"><span class='ocrx_word' id='word_1_199' title='bbox 120 2699 222 2762; x_wconf 88' lang='lat' dir='ltr'>soleas</span> <span class='ocrx_word' id='word_1_200' title='bbox 238 2699 267 2765; x_wconf 86' lang='lat' dir='ltr'>ei</span> <span class='ocrx_word' id='word_1_201' title='bbox 282 2701 455 2765; x_wconf 84' lang='lat' dir='ltr'>osculetur.</span> <span class='ocrx_word' id='word_1_202' title='bbox 502 2702 654 2768; x_wconf 81' lang='lat' dir='ltr'>Quantus</span> <span class='ocrx_word' id='word_1_203' title='bbox 669 2701 705 2765; x_wconf 93' lang='lat' dir='ltr'>in</span> <span class='ocrx_word' id='word_1_204' title='bbox 719 2701 852 2784; x_wconf 86' lang='lat' dir='ltr'>populos</span> <span class='ocrx_word' id='word_1_205' title='bbox 866 2700 981 2778; x_wconf 87' lang='lat' dir='ltr'>fastus,</span> <span class='ocrx_word' id='word_1_206' title='bbox 998 2700 1100 2762; x_wconf 80' lang='lat' dir='ltr'>Stulte</span> <span class='ocrx_word' id='word_1_207' title='bbox 1108 2699 1224 2779; x_wconf 81' lang='lat' dir='ltr'>popule</span> 
     </span>
     <span class='ocr_line' id='line_1_25' title="bbox 119 2802 1224 2888; baseline 0 -25"><span class='ocrx_word' id='word_1_208' title='bbox 119 2807 150 2864; x_wconf 82' lang='lat' dir='ltr'>et</span> <span class='ocrx_word' id='word_1_209' title='bbox 171 2804 368 2884; x_wconf 70' lang='lat' dir='ltr'>insipiensr?</span> <span class='ocrx_word' id='word_1_210' title='bbox 406 2806 556 2871; x_wconf 78' lang='lat' dir='ltr'>Quantus</span> <span class='ocrx_word' id='word_1_211' title='bbox 578 2805 613 2867; x_wconf 93' lang='lat' dir='ltr'>in</span> <span class='ocrx_word' id='word_1_212' title='bbox 636 2803 765 2888; x_wconf 78' lang='lat' dir='ltr'>Reges?</span> <span class='ocrx_word' id='word_1_213' title='bbox 809 2804 880 2886; x_wconf 77' lang='lat' dir='ltr'>Epo</span> <span class='ocrx_word' id='word_1_214' title='bbox 895 2803 998 2884; x_wconf 83' lang='lat' dir='ltr'>socio,</span> <span class='ocrx_word' id='word_1_215' title='bbox 1020 2808 1056 2865; x_wconf 85' lang='lat' dir='ltr'>ut</span> <span class='ocrx_word' id='word_1_216' title='bbox 1079 2803 1132 2883; x_wconf 81' lang='lat' dir='ltr'>qai</span> <span class='ocrx_word' id='word_1_217' title='bbox 1153 2802 1224 2864; x_wconf 74' lang='lat' dir='ltr'>Rea</span> 
     </span>
     <span class='ocr_line' id='line_1_26' title="bbox 120 2906 634 2984; baseline 0.006 -17"><span class='ocrx_word' id='word_1_218' title='bbox 120 2911 221 2968; x_wconf 82' lang='lat' dir='ltr'>vester</span> <span class='ocrx_word' id='word_1_219' title='bbox 236 2913 291 2984; x_wconf 79' lang='lat' dir='ltr'>eat,</span> <span class='ocrx_word' id='word_1_220' title='bbox 308 2907 377 2970; x_wconf 73' lang='lat' dir='ltr'>Rea:</span> <span class='ocrx_word' id='word_1_221' title='bbox 391 2914 492 2971; x_wconf 72' lang='lat' dir='ltr'>vester</span> <span class='ocrx_word' id='word_1_222' title='bbox 507 2928 545 2970; x_wconf 83' lang='lat' dir='ltr'>ae</span> <span class='ocrx_word' id='word_1_223' title='bbox 559 2909 601 2969; x_wconf 82' lang='lat' dir='ltr'>sit</span> <span class='ocrx_word' id='word_1_224' title='bbox 610 2906 634 2970; x_wconf 79' lang='lat'>¹¹.</span> 
     </span>
    </p>

    <p class='ocr_par' dir='ltr' id='par_1_5' title="bbox 120 3006 1226 3814">
     <span class='ocr_line' id='line_1_27' title="bbox 166 3006 1222 3094; baseline -0.005 -20"><span class='ocrx_word' id='word_1_225' title='bbox 166 3009 247 3074; x_wconf 77' lang='lat' dir='ltr'>Quae</span> <span class='ocrx_word' id='word_1_226' title='bbox 263 3030 347 3087; x_wconf 85' lang='lat' dir='ltr'>vero,</span> <span class='ocrx_word' id='word_1_227' title='bbox 363 3011 414 3073; x_wconf 91' lang='lat' dir='ltr'>vel</span> <span class='ocrx_word' id='word_1_228' title='bbox 429 3010 485 3073; x_wconf 90' lang='lat' dir='ltr'>ubi</span> <span class='ocrx_word' id='word_1_229' title='bbox 499 3009 647 3094; x_wconf 88' lang='lat' dir='ltr'>tyrannis</span> <span class='ocrx_word' id='word_1_230' title='bbox 662 3011 765 3094; x_wconf 84' lang='lat' dir='ltr'>major</span> <span class='ocrx_word' id='word_1_231' title='bbox 780 3008 970 3086; x_wconf 91' lang='lat' dir='ltr'>animarum,</span> <span class='ocrx_word' id='word_1_232' title='bbox 988 3030 1085 3091; x_wconf 90' lang='lat' dir='ltr'>quam</span> <span class='ocrx_word' id='word_1_233' title='bbox 1100 3006 1158 3069; x_wconf 90' lang='lat' dir='ltr'>sub</span> <span class='ocrx_word' id='word_1_234' title='bbox 1174 3027 1222 3083; x_wconf 92' lang='lat' dir='ltr'>eo,</span> 
     </span>
     <span class='ocr_line' id='line_1_28' title="bbox 121 3110 1224 3195; baseline -0.002 -22"><span class='ocrx_word' id='word_1_235' title='bbox 121 3112 175 3192; x_wconf 79' lang='lat' dir='ltr'>qai</span> <span class='ocrx_word' id='word_1_236' title='bbox 196 3113 348 3193; x_wconf 81' lang='lat' dir='ltr'>injuriam</span> <span class='ocrx_word' id='word_1_237' title='bbox 361 3113 422 3175; x_wconf 79' lang='lat' dir='ltr'>sibi</span> <span class='ocrx_word' id='word_1_238' title='bbox 430 3112 506 3192; x_wconf 80' lang='lat' dir='ltr'>fieri</span> <span class='ocrx_word' id='word_1_239' title='bbox 518 3114 656 3194; x_wconf 80' lang='lat' dir='ltr'>judicat,</span> <span class='ocrx_word' id='word_1_240' title='bbox 672 3113 736 3176; x_wconf 82' lang='lat' dir='ltr'>nisi</span> <span class='ocrx_word' id='word_1_241' title='bbox 755 3114 892 3176; x_wconf 80' lang='lat' dir='ltr'>Errores</span> <span class='ocrx_word' id='word_1_242' title='bbox 913 3114 983 3195; x_wconf 88' lang='lat' dir='ltr'>ejus</span> <span class='ocrx_word' id='word_1_243' title='bbox 1001 3133 1061 3195; x_wconf 90' lang='lat' dir='ltr'>pro</span> <span class='ocrx_word' id='word_1_244' title='bbox 1080 3110 1224 3172; x_wconf 76' lang='lat' dir='ltr'>Oroculis</span> 
     </span>
     <span class='ocr_line' id='line_1_29' title="bbox 120 3212 1224 3298; baseline 0.001 -22"><span class='ocrx_word' id='word_1_245' title='bbox 120 3214 312 3294; x_wconf 85' lang='lat' dir='ltr'>habeantur,</span> <span class='ocrx_word' id='word_1_246' title='bbox 328 3222 424 3297; x_wconf 85' lang='lat' dir='ltr'>atque</span> <span class='ocrx_word' id='word_1_247' title='bbox 439 3216 465 3278; x_wconf 91' lang='lat' dir='ltr'>is</span> <span class='ocrx_word' id='word_1_248' title='bbox 479 3216 646 3298; x_wconf 82' lang='lat' dir='ltr'>imprimis,</span> <span class='ocrx_word' id='word_1_249' title='bbox 662 3216 814 3278; x_wconf 79' lang='lat' dir='ltr'>Errorem</span> <span class='ocrx_word' id='word_1_250' title='bbox 827 3217 862 3278; x_wconf 82' lang='lat' dir='ltr'>ia</span> <span class='ocrx_word' id='word_1_251' title='bbox 877 3236 944 3278; x_wconf 72' lang='lat' dir='ltr'>mm</span> <span class='ocrx_word' id='word_1_252' title='bbox 959 3236 1020 3277; x_wconf 82' lang='lat' dir='ltr'>non</span> <span class='ocrx_word' id='word_1_253' title='bbox 1035 3214 1155 3290; x_wconf 86' lang='lat' dir='ltr'>cadere,</span> <span class='ocrx_word' id='word_1_254' title='bbox 1168 3212 1224 3295; x_wconf 86' lang='lat' dir='ltr'>qui</span> 
     </span>
     <span class='ocr_line' id='line_1_30' title="bbox 122 3315 1224 3401; baseline -0.004 -21"><span class='ocrx_word' id='word_1_255' title='bbox 122 3318 264 3399; x_wconf 88' lang='lat' dir='ltr'>quotidie</span> <span class='ocrx_word' id='word_1_256' title='bbox 279 3326 389 3382; x_wconf 88' lang='lat' dir='ltr'>tamen</span> <span class='ocrx_word' id='word_1_257' title='bbox 404 3319 542 3401; x_wconf 87' lang='lat' dir='ltr'>turpiter</span> <span class='ocrx_word' id='word_1_258' title='bbox 562 3319 735 3401; x_wconf 81' lang='lat' dir='ltr'>impingit?</span> <span class='ocrx_word' id='word_1_259' title='bbox 759 3318 813 3401; x_wconf 90' lang='lat' dir='ltr'>qui</span> <span class='ocrx_word' id='word_1_260' title='bbox 833 3318 893 3381; x_wconf 86' lang='lat' dir='ltr'>etsi</span> <span class='ocrx_word' id='word_1_261' title='bbox 913 3317 995 3380; x_wconf 92' lang='lat' dir='ltr'>nihil</span> <span class='ocrx_word' id='word_1_262' title='bbox 1015 3315 1105 3393; x_wconf 89' lang='lat' dir='ltr'>sciat,</span> <span class='ocrx_word' id='word_1_263' title='bbox 1121 3316 1224 3377; x_wconf 82' lang='lat' dir='ltr'>omniu</span> 
     </span>
     <span class='ocr_line' id='line_1_31' title="bbox 121 3416 1224 3503; baseline -0.002 -19"><span class='ocrx_word' id='word_1_264' title='bbox 121 3427 232 3485; x_wconf 89' lang='lat' dir='ltr'>tamen</span> <span class='ocrx_word' id='word_1_265' title='bbox 242 3422 322 3500; x_wconf 82' lang='lat' dir='ltr'>juro</span> <span class='ocrx_word' id='word_1_266' title='bbox 338 3424 372 3484; x_wconf 81' lang='lat' dir='ltr'>in</span> <span class='ocrx_word' id='word_1_267' title='bbox 385 3423 502 3484; x_wconf 77' lang='lat' dir='ltr'>scrinio</span> <span class='ocrx_word' id='word_1_268' title='bbox 511 3423 652 3503; x_wconf 76' lang='lat' dir='ltr'>pectoris</span> <span class='ocrx_word' id='word_1_269' title='bbox 669 3420 828 3484; x_wconf 71' lang='lat' dir='ltr'>habere⁰t</span> <span class='ocrx_word' id='word_1_270' title='bbox 852 3421 911 3483; x_wconf 89' lang='lat' dir='ltr'>etsi</span> <span class='ocrx_word' id='word_1_271' title='bbox 931 3419 1013 3482; x_wconf 92' lang='lat' dir='ltr'>nihil</span> <span class='ocrx_word' id='word_1_272' title='bbox 1028 3419 1143 3501; x_wconf 85' lang='lat' dir='ltr'>sapiat,</span> <span class='ocrx_word' id='word_1_273' title='bbox 1159 3416 1224 3483; x_wconf 90' lang='lat' dir='ltr'>labi</span> 
     </span>
     <span class='ocr_line' id='line_1_32' title="bbox 121 3520 1223 3607; baseline -0.004 -21"><span class='ocrx_word' id='word_1_274' title='bbox 121 3530 233 3587; x_wconf 86' lang='lat' dir='ltr'>tamen</span> <span class='ocrx_word' id='word_1_275' title='bbox 258 3523 309 3587; x_wconf 87' lang='lat' dir='ltr'>vel</span> <span class='ocrx_word' id='word_1_276' title='bbox 335 3524 439 3607; x_wconf 88' lang='lat' dir='ltr'>decipi</span> <span class='ocrx_word' id='word_1_277' title='bbox 464 3545 532 3588; x_wconf 89' lang='lat' dir='ltr'>non</span> <span class='ocrx_word' id='word_1_278' title='bbox 555 3525 672 3607; x_wconf 89' lang='lat' dir='ltr'>posse?</span> <span class='ocrx_word' id='word_1_279' title='bbox 712 3524 775 3587; x_wconf 87' lang='lat' dir='ltr'>etsi</span> <span class='ocrx_word' id='word_1_280' title='bbox 799 3524 929 3586; x_wconf 85' lang='lat' dir='ltr'>Satanae</span> <span class='ocrx_word' id='word_1_281' title='bbox 950 3520 1148 3604; x_wconf 88' lang='lat' dir='ltr'>mancipium</span> <span class='ocrx_word' id='word_1_282' title='bbox 1171 3520 1223 3597; x_wconf 91' lang='lat' dir='ltr'>sit,</span> 
     </span>
     <span class='ocr_line' id='line_1_33' title="bbox 129 3622 1225 3709; baseline -0.002 -21"><span class='ocrx_word' id='word_1_283' title='bbox 129 3627 293 3689; x_wconf 77' lang='lat' dir='ltr'>Vicedeum</span> <span class='ocrx_word' id='word_1_284' title='bbox 318 3635 429 3690; x_wconf 89' lang='lat' dir='ltr'>tamen</span> <span class='ocrx_word' id='word_1_285' title='bbox 459 3628 651 3708; x_wconf 78' lang='lat' dir='ltr'>Opt.·Merr.</span> <span class='ocrx_word' id='word_1_286' title='bbox 679 3626 766 3689; x_wconf 87' lang='lat' dir='ltr'>dicas</span> <span class='ocrx_word' id='word_1_287' title='bbox 796 3632 828 3689; x_wconf 86' lang='lat' dir='ltr'>et</span> <span class='ocrx_word' id='word_1_288' title='bbox 854 3625 977 3709; x_wconf 88' lang='lat' dir='ltr'>dejeres</span> <span class='ocrx_word' id='word_1_289' title='bbox 1002 3623 1154 3708; x_wconf 81' lang='lat' dir='ltr'>oportet?</span> <span class='ocrx_word' id='word_1_290' title='bbox 1190 3622 1225 3685; x_wconf 94' lang='lat' dir='ltr'>ni</span> 
     </span>
     <span class='ocr_line' id='line_1_34' title="bbox 121 3729 1226 3814; baseline -0.002 -22"><span class='ocrx_word' id='word_1_291' title='bbox 121 3729 231 3808; x_wconf 89' lang='lat' dir='ltr'>facias,</span> <span class='ocrx_word' id='word_1_292' title='bbox 247 3730 420 3814; x_wconf 86' lang='lat' dir='ltr'>rapiendus</span> <span class='ocrx_word' id='word_1_293' title='bbox 439 3730 525 3794; x_wconf 89' lang='lat' dir='ltr'>illico</span> <span class='ocrx_word' id='word_1_294' title='bbox 544 3730 584 3793; x_wconf 87' lang='lat' dir='ltr'>ad</span> <span class='ocrx_word' id='word_1_295' title='bbox 603 3731 848 3812; x_wconf 77' lang='lat' dir='ltr'>Inquisitioaem,</span> <span class='ocrx_word' id='word_1_296' title='bbox 864 3730 920 3793; x_wconf 92' lang='lat' dir='ltr'>ubi</span> <span class='ocrx_word' id='word_1_297' title='bbox 940 3749 1010 3792; x_wconf 84' lang='lat' dir='ltr'>vere</span> <span class='ocrx_word' id='word_1_298' title='bbox 1025 3729 1138 3791; x_wconf 67' lang='lat' dir='ltr'>mismo</span> <span class='ocrx_word' id='word_1_299' title='bbox 1157 3748 1226 3791; x_wconf 89' lang='lat' dir='ltr'>non</span> 
     </span>
    </p>
   </div>
   <div class='ocr_carea' id='block_1_3' title="bbox 156 3906 1227 4022">
    <p class='ocr_par' dir='ltr' id='par_1_6' title="bbox 156 3906 1227 4022">
     <span class='ocr_line' id='line_1_35' title="bbox 156 3906 1227 4022; baseline -0.002 -64"><span class='ocrx_word' id='word_1_300' title='bbox 156 3916 167 3949; x_wconf 74' lang='lat'><strong>¹</strong></span> <span class='ocrx_word' id='word_1_301' title='bbox 184 3910 262 3974; x_wconf 64' lang='lat' dir='ltr'>rlpoc.</span> <span class='ocrx_word' id='word_1_302' title='bbox 274 3909 312 3958; x_wconf 90' lang='grc'><strong>111.</strong></span> <span class='ocrx_word' id='word_1_303' title='bbox 324 3909 375 3975; x_wconf 84' lang='grc'><strong>[17,</strong></span> <span class='ocrx_word' id='word_1_304' title='bbox 388 3908 438 4022; x_wconf 47' lang='grc'><strong>18]</strong></span> <span class='ocrx_word' id='word_1_305' title='bbox 731 3917 742 3940; x_wconf 81' lang='lat'>⁸</span> <span class='ocrx_word' id='word_1_306' title='bbox 760 3908 907 3974; x_wconf 66' lang='lat' dir='ltr'>[Bellarm]</span> <span class='ocrx_word' id='word_1_307' title='bbox 928 3913 1016 3959; x_wconf 90' lang='lat' dir='ltr'>contra</span> <span class='ocrx_word' id='word_1_308' title='bbox 1031 3907 1113 3958; x_wconf 89' lang='lat' dir='ltr'>Barcl.</span> <span class='ocrx_word' id='word_1_309' title='bbox 1133 3907 1178 3970; x_wconf 83' lang='lat' dir='ltr'>[al.</span> <span class='ocrx_word' id='word_1_310' title='bbox 1189 3906 1227 3957; x_wconf 85' lang='lat' dir='ltr'>Do</span> 
     </span>
    </p>
   </div>
   <div class='ocr_carea' id='block_1_4' title="bbox 123 3972 1228 4555">
    <p class='ocr_par' dir='ltr' id='par_1_7' title="bbox 123 3972 1228 4555">
     <span class='ocr_line' id='line_1_36' title="bbox 156 3972 1227 4038; baseline -0.004 -13"><span class='ocrx_word' id='word_1_311' title='bbox 156 3982 165 4004; x_wconf 85' lang='lat'>¹</span> <span class='ocrx_word' id='word_1_312' title='bbox 183 3973 336 4038; x_wconf 82' lang='lat' dir='ltr'>[l&#39;ideSixti</span> <span class='ocrx_word' id='word_1_313' title='bbox 346 3974 377 4021; x_wconf 88' lang='lat' dir='ltr'>V.</span> <span class='ocrx_word' id='word_1_314' title='bbox 391 3975 421 4022; x_wconf 91' lang='lat' dir='ltr'>ln</span> <span class='ocrx_word' id='word_1_315' title='bbox 442 3975 504 4023; x_wconf 91' lang='lat' dir='ltr'>icem</span> <span class='ocrx_word' id='word_1_316' title='bbox 515 3974 587 4023; x_wconf 86' lang='lat' dir='ltr'>Libb.</span> <span class='ocrx_word' id='word_1_317' title='bbox 598 3973 655 4022; x_wconf 90' lang='lat' dir='ltr'>Pro·</span> <span class='ocrx_word' id='word_1_318' title='bbox 698 3973 788 4024; x_wconf 85' lang='lat' dir='ltr'>Excus.</span> <span class='ocrx_word' id='word_1_319' title='bbox 808 3974 888 4023; x_wconf 88' lang='lat' dir='ltr'>Barcl.</span> <span class='ocrx_word' id='word_1_320' title='bbox 908 3989 961 4036; x_wconf 87' lang='lat' dir='ltr'>cap.</span> <span class='ocrx_word' id='word_1_321' title='bbox 973 3975 1054 4031; x_wconf 76' lang='lat' dir='ltr'>xxxi,</span> <span class='ocrx_word' id='word_1_322' title='bbox 1070 3972 1135 4037; x_wconf 89' lang='lat' dir='ltr'>quod</span> <span class='ocrx_word' id='word_1_323' title='bbox 1151 3973 1227 4022; x_wconf 81' lang='lat' dir='ltr'>dialo</span> 
     </span>
     <span class='ocr_line' id='line_1_37' title="bbox 125 4038 1227 4101; baseline -0.002 -14"><span class='ocrx_word' id='word_1_324' title='bbox 125 4038 410 4089; x_wconf 77' lang='lat' dir='ltr'>hib.4t0.1tonae.1590.</span> <span class='ocrx_word' id='word_1_325' title='bbox 429 4039 655 4087; x_wconf 79' lang='lat' dir='ltr'>“llohertchllar·</span> <span class='ocrx_word' id='word_1_326' title='bbox 698 4053 760 4100; x_wconf 76' lang='lat' dir='ltr'>gum</span> <span class='ocrx_word' id='word_1_327' title='bbox 788 4041 901 4088; x_wconf 87' lang='lat' dir='ltr'>continet</span> <span class='ocrx_word' id='word_1_328' title='bbox 928 4040 995 4087; x_wconf 82' lang='lat' dir='ltr'>inter</span> <span class='ocrx_word' id='word_1_329' title='bbox 1023 4039 1143 4101; x_wconf 91' lang='lat' dir='ltr'>populum</span> <span class='ocrx_word' id='word_1_330' title='bbox 1172 4038 1227 4097; x_wconf 79' lang='lat' dir='ltr'>regi</span> 
     </span>
     <span class='ocr_line' id='line_1_38' title="bbox 123 4101 1226 4166; baseline 0 -15"><span class='ocrx_word' id='word_1_331' title='bbox 123 4105 189 4152; x_wconf 89' lang='lat' dir='ltr'>mini</span> <span class='ocrx_word' id='word_1_332' title='bbox 208 4104 398 4166; x_wconf 81' lang='lat' dir='ltr'>Disputationes</span> <span class='ocrx_word' id='word_1_333' title='bbox 416 4102 447 4152; x_wconf 88' lang='lat' dir='ltr'>de</span> <span class='ocrx_word' id='word_1_334' title='bbox 465 4103 654 4163; x_wconf 78' lang='lat' dir='ltr'>Controversiis,</span> <span class='ocrx_word' id='word_1_335' title='bbox 699 4104 776 4151; x_wconf 89' lang='lat' dir='ltr'>nimis</span> <span class='ocrx_word' id='word_1_336' title='bbox 786 4104 917 4153; x_wconf 87' lang='lat' dir='ltr'>addictum</span> <span class='ocrx_word' id='word_1_337' title='bbox 929 4109 955 4152; x_wconf 86' lang='lat' dir='ltr'>ct</span> <span class='ocrx_word' id='word_1_338' title='bbox 963 4101 1129 4165; x_wconf 70' lang='lat' dir='ltr'>Pontificem]</span> <span class='ocrx_word' id='word_1_339' title='bbox 1139 4116 1163 4164; x_wconf 89' lang='lat' dir='ltr'>p.</span> <span class='ocrx_word' id='word_1_340' title='bbox 1171 4104 1226 4151; x_wconf 86' lang='grc'><strong>222.</strong></span> 
     </span>
     <span class='ocr_line' id='line_1_39' title="bbox 123 4167 1074 4279; baseline -0.002 -62"><span class='ocrx_word' id='word_1_341' title='bbox 123 4173 171 4217; x_wconf 74' lang='lat' dir='ltr'>otc·</span> <span class='ocrx_word' id='word_1_342' title='bbox 183 4169 233 4217; x_wconf 86' lang='lat' dir='ltr'>nisi</span> <span class='ocrx_word' id='word_1_343' title='bbox 251 4169 321 4231; x_wconf 86' lang='lat' dir='ltr'>prius</span> <span class='ocrx_word' id='word_1_344' title='bbox 336 4168 548 4231; x_wconf 83' lang='lat' dir='ltr'>exsuperioribus</span> <span class='ocrx_word' id='word_1_345' title='bbox 560 4168 654 4229; x_wconf 80' lang='lat' dir='ltr'>regulis</span> <span class='ocrx_word' id='word_1_346' title='bbox 701 4167 770 4230; x_wconf 81' lang='lat' dir='ltr'>[Op.</span> <span class='ocrx_word' id='word_1_347' title='bbox 778 4172 838 4216; x_wconf 91' lang='lat' dir='ltr'>tom.</span> <span class='ocrx_word' id='word_1_348' title='bbox 847 4169 890 4217; x_wconf 86' lang='lat' dir='ltr'>vii.</span> <span class='ocrx_word' id='word_1_349' title='bbox 902 4169 948 4216; x_wconf 90' lang='lat' dir='ltr'>col.</span> <span class='ocrx_word' id='word_1_350' title='bbox 960 4171 1016 4218; x_wconf 78' lang='lat'>963.</span> <span class='ocrx_word' id='word_1_351' title='bbox 1026 4167 1074 4279; x_wconf 43' lang='lat' dir='ltr'>Bp)</span> 
     </span>
     <span class='ocr_line' id='line_1_40' title="bbox 123 4230 1228 4296; baseline -0.003 -15"><span class='ocrx_word' id='word_1_352' title='bbox 123 4239 260 4293; x_wconf 75' lang='lat' dir='ltr'>recognitae</span> <span class='ocrx_word' id='word_1_353' title='bbox 283 4233 404 4282; x_wconf 63' lang='lat' dir='ltr'>suerint?</span> <span class='ocrx_word' id='word_1_354' title='bbox 431 4237 457 4281; x_wconf 85' lang='lat' dir='ltr'>et</span> <span class='ocrx_word' id='word_1_355' title='bbox 480 4232 576 4280; x_wconf 86' lang='lat' dir='ltr'>Bartoli</span> <span class='ocrx_word' id='word_1_356' title='bbox 596 4231 656 4281; x_wconf 76' lang='lat' dir='ltr'>vira</span> <span class='ocrx_word' id='word_1_357' title='bbox 731 4230 742 4261; x_wconf 79' lang='lat'>¹³</span> <span class='ocrx_word' id='word_1_358' title='bbox 761 4232 786 4296; x_wconf 72' lang='lat'>[⁸⁴</span> <span class='ocrx_word' id='word_1_359' title='bbox 794 4233 868 4281; x_wconf 80' lang='lat' dir='ltr'>Facio</span> <span class='ocrx_word' id='word_1_360' title='bbox 878 4239 906 4281; x_wconf 87' lang='lat' dir='ltr'>ut</span> <span class='ocrx_word' id='word_1_361' title='bbox 917 4233 968 4292; x_wconf 87' lang='lat' dir='ltr'>ille,</span> <span class='ocrx_word' id='word_1_362' title='bbox 980 4233 1022 4294; x_wconf 90' lang='lat' dir='ltr'>qui</span> <span class='ocrx_word' id='word_1_363' title='bbox 1035 4233 1056 4280; x_wconf 85' lang='lat' dir='ltr'>ti</span> <span class='ocrx_word' id='word_1_364' title='bbox 1075 4230 1228 4290; x_wconf 76' lang='lat' dir='ltr'>illexerat,</span> 
     </span>
     <span class='ocr_line' id='line_1_41' title="bbox 124 4294 1226 4360; baseline -0.001 -15"><span class='ocrx_word' id='word_1_365' title='bbox 124 4297 165 4346; x_wconf 87' lang='lat' dir='ltr'>del</span> <span class='ocrx_word' id='word_1_366' title='bbox 189 4296 215 4347; x_wconf 84' lang='grc' dir='ltr'>Ο.</span> <span class='ocrx_word' id='word_1_367' title='bbox 233 4297 350 4347; x_wconf 86' lang='lat' dir='ltr'>Bollarm.</span> <span class='ocrx_word' id='word_1_368' title='bbox 384 4311 408 4359; x_wconf 89' lang='lat' dir='ltr'>p.</span> <span class='ocrx_word' id='word_1_369' title='bbox 428 4299 481 4346; x_wconf 86' lang='grc'><strong>125.</strong></span> <span class='ocrx_word' id='word_1_370' title='bbox 516 4297 558 4345; x_wconf 87' lang='lat' dir='ltr'>cit.</span> <span class='ocrx_word' id='word_1_371' title='bbox 581 4296 654 4359; x_wconf 87' lang='lat' dir='ltr'>apud.</span> <span class='ocrx_word' id='word_1_372' title='bbox 699 4311 749 4345; x_wconf 90' lang='lat' dir='ltr'>non</span> <span class='ocrx_word' id='word_1_373' title='bbox 767 4296 802 4344; x_wconf 87' lang='lat' dir='ltr'>sit</span> <span class='ocrx_word' id='word_1_374' title='bbox 820 4297 869 4346; x_wconf 88' lang='lat' dir='ltr'>tibi</span> <span class='ocrx_word' id='word_1_375' title='bbox 885 4297 1002 4360; x_wconf 84' lang='lat' dir='ltr'>deinceps</span> <span class='ocrx_word' id='word_1_376' title='bbox 1019 4296 1094 4345; x_wconf 85' lang='lat' dir='ltr'>Rex.”</span> <span class='ocrx_word' id='word_1_377' title='bbox 1111 4294 1184 4359; x_wconf 76' lang='lat' dir='ltr'>itia]</span> <span class='ocrx_word' id='word_1_378' title='bbox 1201 4310 1226 4359; x_wconf 92' lang='lat' dir='ltr'>p.</span> 
     </span>
     <span class='ocr_line' id='line_1_42' title="bbox 123 4359 1141 4425; baseline -0.002 -15"><span class='ocrx_word' id='word_1_379' title='bbox 123 4367 141 4390; x_wconf 76' lang='lat'>‘⁴</span> <span class='ocrx_word' id='word_1_380' title='bbox 154 4362 312 4412; x_wconf 85' lang='lat' dir='ltr'>Mondham&#39;s</span> <span class='ocrx_word' id='word_1_381' title='bbox 331 4362 445 4424; x_wconf 77' lang='lat' dir='ltr'>Literary</span> <span class='ocrx_word' id='word_1_382' title='bbox 465 4361 551 4423; x_wconf 82' lang='lat' dir='ltr'>Poliey</span> <span class='ocrx_word' id='word_1_383' title='bbox 572 4362 598 4408; x_wconf 82' lang='lat' dir='ltr'>ol</span> <span class='ocrx_word' id='word_1_384' title='bbox 612 4360 656 4409; x_wconf 87' lang='lat' dir='ltr'>the</span> <span class='ocrx_word' id='word_1_385' title='bbox 700 4362 756 4409; x_wconf 78' lang='grc'><strong>224.</strong></span> <span class='ocrx_word' id='word_1_386' title='bbox 769 4361 834 4425; x_wconf 86' lang='lat' dir='ltr'>[Op.,</span> <span class='ocrx_word' id='word_1_387' title='bbox 846 4369 907 4410; x_wconf 91' lang='lat' dir='ltr'>torn.</span> <span class='ocrx_word' id='word_1_388' title='bbox 918 4362 961 4409; x_wconf 82' lang='lat' dir='ltr'>vii.</span> <span class='ocrx_word' id='word_1_389' title='bbox 974 4360 1020 4410; x_wconf 88' lang='lat' dir='ltr'>eol.</span> <span class='ocrx_word' id='word_1_390' title='bbox 1033 4361 1088 4409; x_wconf 77' lang='grc'><strong>961.</strong></span> <span class='ocrx_word' id='word_1_391' title='bbox 1101 4359 1141 4424; x_wconf 71' lang='lat' dir='ltr'>lt]</span> 
     </span>
     <span class='ocr_line' id='line_1_43' title="bbox 124 4424 1228 4491; baseline -0.003 -16"><span class='ocrx_word' id='word_1_392' title='bbox 124 4426 226 4476; x_wconf 84' lang='lat' dir='ltr'>Chnrch</span> <span class='ocrx_word' id='word_1_393' title='bbox 237 4428 265 4477; x_wconf 84' lang='lat' dir='ltr'>ol</span> <span class='ocrx_word' id='word_1_394' title='bbox 273 4426 375 4489; x_wconf 83' lang='lat' dir='ltr'>Rome,’&#39;</span> <span class='ocrx_word' id='word_1_395' title='bbox 385 4441 427 4491; x_wconf 92' lang='lat' dir='ltr'>pp.</span> <span class='ocrx_word' id='word_1_396' title='bbox 438 4428 493 4476; x_wconf 75' lang='lat'>104.</span> <span class='ocrx_word' id='word_1_397' title='bbox 504 4429 558 4475; x_wconf 82' lang='lat' dir='ltr'>loo.</span> <span class='ocrx_word' id='word_1_398' title='bbox 577 4424 656 4476; x_wconf 76' lang='lat' dir='ltr'>hond.</span> <span class='ocrx_word' id='word_1_399' title='bbox 734 4433 744 4456; x_wconf 74' lang='lat'>⁸</span> <span class='ocrx_word' id='word_1_400' title='bbox 761 4425 906 4490; x_wconf 81' lang='lat' dir='ltr'>[t&#39;ideCod.</span> <span class='ocrx_word' id='word_1_401' title='bbox 916 4425 1129 4485; x_wconf 69' lang='lat' dir='ltr'>delectamentis,</span> <span class='ocrx_word' id='word_1_402' title='bbox 1141 4424 1228 4474; x_wconf 73' lang='grc'><strong>111111.</strong></span> 
     </span>
     <span class='ocr_line' id='line_1_44' title="bbox 126 4488 1140 4555; baseline -0.004 -13"><span class='ocrx_word' id='word_1_403' title='bbox 126 4492 213 4555; x_wconf 72' lang='lat' dir='ltr'>leto]</span> <span class='ocrx_word' id='word_1_404' title='bbox 701 4490 789 4539; x_wconf 69' lang='grc'><strong>11122.</strong></span> <span class='ocrx_word' id='word_1_405' title='bbox 800 4491 816 4541; x_wconf 91' lang='grc'>1.</span> <span class='ocrx_word' id='word_1_406' title='bbox 825 4493 864 4554; x_wconf 82' lang='grc'>19.</span> <span class='ocrx_word' id='word_1_407' title='bbox 880 4505 921 4554; x_wconf 77' lang='lat' dir='ltr'>ap.</span> <span class='ocrx_word' id='word_1_408' title='bbox 933 4490 1007 4555; x_wconf 83' lang='lat' dir='ltr'>Corp.</span> <span class='ocrx_word' id='word_1_409' title='bbox 1018 4489 1034 4540; x_wconf 86' lang='lat' dir='ltr'>J</span> <span class='ocrx_word' id='word_1_410' title='bbox 1038 4504 1073 4540; x_wconf 89' lang='lat' dir='ltr'>ur.</span> <span class='ocrx_word' id='word_1_411' title='bbox 1086 4488 1140 4539; x_wconf 80' lang='lat' dir='ltr'>civ.</span> 
     </span>
    </p>
   </div>
   <div class='ocr_carea' id='block_1_5' title="bbox 0 0 1475 4926">
    <p class='ocr_par' dir='ltr' id='par_1_8' title="bbox 0 0 1475 4926">
     <span class='ocr_line' id='line_1_45' title="bbox 0 0 1475 4926; baseline 0 0"><span class='ocrx_word' id='word_1_412' title='bbox 0 0 1475 4926; x_wconf 95' lang='lat' dir='ltr'> </span> 
     </span>
    </p>
   </div>
  </div>
 </body>
</html>
