2910 4926
440 305 622 357 amissuri
643 305 824 354 ararousro.
1119 295 1184 356 419

85 482 143 544 pro
157 460 278 525 viribus
291 467 400 524 tamen
417 482 484 525 non
502 462 705 540 restitissent,
720 481 781 524 nec
794 461 845 525 vel
866 467 1057 544 potestatem
1078 463 1185 547 legiti-
1241 469 1305 531 302

85 585 181 643 mam,
197 565 246 628 vel
268 564 409 647 positum
429 566 533 629 aDeo
548 565 692 629 ordinem
712 565 911 629 evertissent.
957 566 1030 629 Nec
1046 568 1130 650 rapti
1145 569 1186 631 ad

64 658 284 751 ’martyrium
302 666 386 751 apud
406 668 558 751 populum
573 668 679 752 questi
698 678 773 731 sunt
790 690 942 751 unquam,
958 669 1040 732 vires
1055 670 1186 752 quidem

84 792 159 834 suas
185 771 281 854 (quod
302 771 412 854 iniquo
435 772 542 835 animo
557 771 714 854 ferebant)
732 770 886 834 invalidas
909 792 988 850 esse,
1005 793 1102 853 quare
1124 773 1185 838 sibi

85 894 150 955 prae
174 873 236 937 hoc
257 873 373 937 virium
396 874 523 938 defectu
547 874 749 938 moriendum
767 875 855 957 jam:
879 881 912 937 at
933 874 1054 938 hortati
1076 882 1185 941 tamen

85 976 246 1058 populum,
263 976 450 1059 colligerent
472 998 516 1055 se,
532 977 617 1058 quod
639 977 666 1040 si
689 977 788 1040 semel
807 977 854 1040 eis
874 985 1078 1060 suppeterent
1092 980 1184 1058 vires,

85 1079 205 1142 viribus
218 1099 288 1142 rem
310 1087 467 1163 gererent,
484 1085 669 1144 excuterent
684 1081 852 1170 Caesarem,
868 1088 902 1144 et
917 1080 1038 1144 diutius
1053 1080 1186 1165 obsequi

84 1181 307 1245 detrectarent.
361 1182 542 1261 Enimvero,
573 1183 602 1246 si
631 1182 676 1246 sic
703 1190 817 1266 pergat
846 1182 1036 1261 Cardinalis,
1066 1183 1187 1248 viribus

84 1284 224 1347 officium
238 1284 356 1362 metiri,
373 1285 539 1350 scribenda
552 1284 645 1349 nobis
660 1286 817 1368 Apologia
831 1307 888 1369 pro
902 1286 1105 1366 Christianis,
1127 1287 1187 1370 (vel

85 1386 154 1450 haec
176 1394 288 1452 nostra
313 1388 358 1451 sic
383 1389 608 1473 inscribenda)
639 1410 696 1471 pro
721 1389 920 1468 Christianis,
943 1389 1085 1471 inquam,
1106 1411 1187 1472 quas

85 1511 168 1554 novo
196 1490 259 1554 hoc
284 1490 433 1572 dogmate
458 1512 518 1554 sno
546 1490 593 1554 ita
621 1491 735 1554 misere
764 1491 912 1569 traducit,
940 1491 1017 1553 dum
1046 1493 1188 1574 panlisse

85 1599 206 1655 veteres
229 1592 318 1671 dicit,
333 1593 383 1656 vel
404 1614 471 1656 non
493 1593 644 1675 paruisse,
662 1593 741 1655 dum
762 1614 873 1676 parere
894 1593 1067 1658 hodiernos
1086 1593 1189 1673 docet,

86 1695 135 1758 vel
159 1717 225 1759 non
244 1717 364 1779 parere,
387 1703 483 1779 prout
504 1697 695 1779 respondere
717 1697 779 1760 sibi
794 1697 886 1776 vires,
903 1698 952 1761 vel
970 1719 1037 1762 non
1056 1718 1188 1781 respon-

84 1797 160 1862 dere
175 1801 343 1864 senserint.
389 1802 440 1865 De
455 1802 596 1882 obsequia
611 1801 755 1865 instituit
771 1803 842 1865 Rex
850 1828 860 1879 ;
883 1801 917 1864 id
936 1801 1038 1884 (quasi
1051 1801 1189 1864 necdum

85 1901 219 1964 'Portum
231 1903 380 1985 eruisset)
394 1903 563 1986 detorquet
578 1904 619 1966 ad
626 1906 824 1985 patientiam.
856 1905 898 1967 ln
911 1924 975 1986 qua
988 1904 1057 1986 ipsa
1067 1911 1187 1981 tamen,

87 2006 173 2085 (cum
188 2028 248 2070 nec
262 2028 395 2071 numero
409 2008 547 2091 impares
563 2016 670 2072 essent
683 2009 869 2087 Christiani,
886 2029 946 2072 nec
958 2009 1088 2087 viribus,
1105 2009 1132 2071 si
1148 2009 1188 2070 ad

86 2130 175 2172 arnna
192 2112 465 2195 conclamassent)
484 2112 539 2175 sed
560 2134 694 2176 numero
716 2120 749 2176 et
764 2112 886 2177 viribus
909 2113 1095 2195 superiores,
1112 2112 1189 2176 'Per-

86 2213 213 2276 tulliani
230 2214 365 2279 saeculol
373 2243 383 2294 ;
407 2216 558 2280 amabant
572 2217 679 2299 potius
693 2218 828 2279 tolerare
842 2223 1077 2299 persequentes,
1094 2236 1189 2297 quam

87 2318 203 2396 tollere,
231 2325 264 2381 et
283 2320 456 2400 patientia,
484 2341 581 2400 quam
600 2321 749 2401 potentia
775 2340 840 2382 snae
869 2319 1013 2401 exempla
1038 2317 1188 2401 praebere.

87 2420 231 2483 Aderant
253 2421 299 2485 eis
319 2424 410 2499 vires,
432 2421 540 2484 adesse
562 2443 614 2485 cas
637 2421 697 2484 sibi
720 2421 872 2500 sciebant,
895 2428 928 2484 et
950 2421 1021 2498 hoc,
1042 2419 1123 2482 scire
1145 2441 1189 2497 sc,

86 2525 206 2606 scripto
220 2525 325 2607 palam
344 2524 496 2607 professi:
520 2532 554 2586 at
568 2525 712 2606 quamvis
727 2524 761 2588 id
784 2525 911 2603 scirent,
930 2525 979 2605 (ut
1000 2523 1190 2587 necessitate

87 2627 180 2708 proin
195 2627 284 2690 nulla
306 2627 376 2710 cogi
395 2628 548 2709 possent)
573 2635 746 2705 cessenmt,
764 2628 837 2690 caesi
859 2634 937 2689 sunt
959 2634 1078 2704 tamen,
1095 2625 1190 2708 idque

89 2730 252 2793 alacritate
276 2752 410 2797 summa.
455 2731 559 2813 Inque
585 2751 624 2794 eo
649 2731 780 2794 emicuit
802 2731 986 2815 Martyrum
1011 2729 1091 2808 laus,
1117 2751 1190 2792 cum

89 2854 155 2896 non
179 2832 305 2896 difficile
335 2834 381 2896 eis
406 2833 564 2911 resistere,
590 2832 783 2897 abstinuisse
808 2841 927 2911 tamon,
952 2833 1094 2915 potuisse
1119 2840 1190 2896 tum

88 2936 208 3000 Caesari
222 2936 379 3014 resistere,
392 2942 425 3000 ct
440 2935 590 3000 noluisse.
614 2937 660 3000 At
675 2936 786 2999 dactus
801 2941 847 2998 eat
859 2937 983 3013 Petras,
996 2957 1055 3016 qao
1070 2933 1189 2998 aalaitl.

88 3039 195 3103 Certe.
242 3039 316 3119 Sed,
329 3039 384 3122 qui
404 3039 439 3103 in
455 3039 617 3104 Ananiam
632 3047 766 3123 poterat,
782 3046 906 3121 poterat
921 3045 954 3101 et
968 3038 1004 3099 in
1021 3038 1189 3115 docentem,

88 3141 152 3206 nisi
168 3143 242 3225 quia
256 3144 351 3205 voluit
372 3143 452 3220 dact,
470 3143 567 3207 etiam
583 3163 647 3224 quo
667 3143 765 3204 noluit
775 3168 785 3214 ,·
808 3141 1026 3223 potiusquam
1038 3141 1191 3220 potestati

93 3245 169 3327 (quo
189 3245 289 3311 nollet
312 3246 445 3327 ducenta]
472 3247 522 3308 vel
547 3245 591 3307 sic
614 3244 744 3326 quidem
769 3243 935 3320 resistere;
958 3263 1018 3304 nec
1034 3247 1192 3323 potestate

89 3368 147 3409 sua
161 3347 210 3410 uti
226 3356 337 3410 contra
352 3350 551 3411 Potestateaa

134 3451 205 3513 Nec
228 3471 267 3513 ea
288 3451 431 3533 quaestio,
450 3452 565 3515 Subirc
585 3458 721 3515 mortem
739 3458 879 3534 praestet,
896 3471 937 3511 an
952 3469 1069 3530 negare
1084 3447 1190 3511 fidem.

91 3553 221 3616 Poterat
236 3554 323 3616 enirn
342 3554 408 3636 (qui
427 3554 519 3638 signa
533 3554 627 3618 edere
646 3556 780 3637 poterat)
799 3554 914 3616 Petrus
930 3556 964 3614 et
979 3550 1070 3632 signo
1086 3548 1192 3632 aliquo

90 3655 187 3734 cdit0,
203 3664 340 3720 mortem
362 3679 428 3720 non
446 3657 563 3735 subire,
580 3666 612 3721 ct
627 3657 723 3720 fidem
739 3677 806 3719 non
824 3675 952 3737 negare.
997 3654 1046 3716 Ea
1064 3652 1192 3736 potius3

92 3759 208 3822 Subire
234 3767 380 3838 mortem,
406 3782 447 3822 an
472 3760 624 3842 potestati
645 3758 803 3836 resistere,
830 3779 871 3818 an
897 3776 1007 3839 pacem
1033 3754 1193 3838 publicam

91 3861 218 3940 violare,
236 3883 277 3924 an
292 3861 475 3926 Albinianis
490 3870 523 3925 et
537 3861 704 3945 Nigrianis
719 3857 918 3924 accenseril?
942 3858 1058 3921 Mallet
1073 3865 1191 3935 tamen,

154 4058 184 4120 [“
191 4058 308 4108 Hesterni
316 4074 409 4118 snmus,
415 4063 441 4108 et
447 4063 529 4108 vestra
537 4058 622 4108 omnia
664 4059 740 4106 istam
747 4054 908 4168 disciplinam
919 4051 1088 4114 magisooeidi
1099 4051 1193 4109 liceret,

93 4123 264 4185 implevimus,
283 4123 364 4182 urbes,
387 4123 489 4181 insulas,
512 4122 621 4180 castella,
664 4136 740 4185 quam
752 4121 804 4170 occi
823 4121 879 4170 aral
896 4117 1028 4167 Potuimus
1038 4120 1065 4164 ct
1077 4116 1194 4190 inermos,

93 4187 623 4302 dlliipituiliffiiiitamittit}
665 4184 856 4299 diribitis
872 4178 1195 4296 {lanitii-idisti

94 4288 183 4363 sotumi
200 4288 335 4365 Sclavobia
345 4267 512 4379 ielinquinius
522 4286 622 4378 templa,
666 4329 708 4363 ans
724 4287 768 4362 vob
784 4309 1037 4362 dimicasae”-'l'ert.
1049 4307 1123 4369 Apol.
1141 4320 1194 4368 cap.

94 4380 141 4428 Oui
162 4380 228 4429 bello
245 4394 296 4429 non
318 4380 412 4440 idonci,
434 4396 486 4429 nan
511 4379 623 4443 prompti
667 4379 764 4427 xxxvii.
782 4377 838 4441 Op,
849 4390 873 4440 p.
886 4378 925 4424 30.
938 4373 982 4436 B]

93 4444 234 4503 fuissemus,
250 4446 328 4494 etiam
345 4446 454 4508 impares
473 4446 559 4507 copiis,
579 4444 623 4506 qui
699 4441 870 4492 ¹J0an.xxi.
883 4441 920 4488 18.
1035 4500 1040 4513 .
1075 4500 1081 4512 Ι

94 4512 147 4557 tam
158 4508 267 4558 libenter
282 4509 446 4568 trucidamur,
460 4509 482 4557 ai
493 4524 543 4559 non
556 4510 623 4572 apud
699 4506 710 4539 ¹
739 4505 836 4556 “Unda
856 4504 945 4562 casn,
960 4505 988 4551 et
1007 4499 1091 4562 Nigri,
1111 4504 1138 4550 et
1153 4499 1197 4550 Al-

844 4588 939 4649 nat
