2910 4926
248 254 314 320 216
562 272 606 319 ru
628 273 818 320 cernimus
840 271 1038 319 emesenum

248 428 343 492 niliee
368 428 565 510 depectitur
590 429 701 511 primis
728 429 808 492 dixit
819 455 828 505 3
860 429 900 492 de
922 430 1029 510 quinto
1054 427 1153 490 siluit.
1178 428 1282 492 ·Quae
1305 426 1354 490 illi

248 530 331 594 ratio
351 531 424 609 fuit,
446 537 480 593 ut
503 552 544 595 ne
566 533 705 613 quintum
723 531 850 614 inpari
872 531 994 595 honore
1016 530 1159 608 haberet,
1183 530 1296 594 eadem
1320 538 1355 594 et

250 634 342 717 Regi,
359 655 400 697 ne
415 633 538 716 reliqua
553 639 625 717 post
640 635 791 716 quintum.
829 635 901 697 Nec
912 641 981 697 tam
999 633 1155 715 (fortasse)
1177 633 1248 696 Deo
1256 632 1354 716 pleni,

249 736 305 820 qui
326 737 362 800 in
377 736 531 801 Conciliis
552 736 774 819 sequentibus,
790 744 828 799 ut
848 757 906 819 par
920 736 984 799 illis
999 735 1162 799 veneratio
1178 735 1353 799 debeatur:

248 862 309 904 nec
327 840 467 923 Spiritus
481 847 549 903 tam
564 840 600 902 in
614 840 653 902 iis
669 840 811 924 spiravit,
828 840 884 923 qui
898 861 964 903 non
980 839 1084 903 solum
1099 839 1161 917 ubi,
1190 839 1245 902 sed
1257 860 1354 921 quorr-

250 950 315 1006 tum
338 945 415 1020 velt,
435 944 569 1024 spirate
618 943 691 1007 Nec
712 943 883 1026 dereliquit
898 950 1017 1006 tamen
1040 943 1220 1006 Ecclesiam
1245 944 1334 1007 Deus
1344 968 1354 1019 3

250 1046 313 1110 etsi
342 1046 415 1130 plus
444 1067 515 1109 earn
544 1045 720 1124 interdum,
751 1044 915 1108 interdum
941 1046 1049 1108 minus
1078 1046 1228 1108 illustret.
1279 1045 1356 1109 Post

251 1149 458 1226 Malachiam,
484 1149 610 1212 Canoni
640 1170 707 1212 non
733 1156 782 1212 est
812 1148 958 1211 additum
989 1149 1046 1229 (ait
1073 1148 1267 1232 Josephuse)
1295 1169 1357 1212 nec

241 1245 392 1315 'deseruit
406 1259 516 1314 tamen
531 1250 710 1314 Ecclesiam
731 1273 822 1314 snam
838 1252 937 1314 Deus.
983 1251 1072 1314 Nam
1088 1251 1174 1314 inter
1188 1252 1357 1332 Apostolos

251 1362 285 1418 et
307 1356 424 1417 Patres
446 1352 619 1417 discrimen
644 1354 778 1436 ingens:
802 1353 951 1436 interque
977 1355 1061 1434 ipsos
1088 1354 1223 1416 Patres:
1248 1361 1282 1417 at
1306 1375 1358 1417 eos

251 1459 345 1534 inter,
363 1465 395 1520 et
419 1478 484 1535 cos,
501 1456 650 1520 concedit
671 1456 789 1538 (credo)
809 1456 989 1520 Cardinalis
1009 1456 1159 1519 nonnihil
1182 1457 1355 1520 interesse:

252 1570 289 1623 ut
301 1560 417 1623 horum
434 1559 506 1635 elia,
530 1560 593 1622 alia
606 1559 746 1637 illorum,
763 1559 824 1622 etsi
838 1558 984 1622 omnium
1005 1559 1073 1640 (suo
1089 1559 1245 1643 cujusque
1260 1560 1357 1642 loco),

252 1663 301 1725 uti
312 1684 370 1746 per
385 1670 443 1739 est,
460 1662 542 1726 ratio
558 1661 669 1725 haberi
684 1661 810 1726 debeat.

286 1816 400 1867 Fortasse
411 1816 523 1867 Ecclesia
535 1815 630 1867 Christi
648 1822 705 1880 post
719 1831 814 1866 annum
832 1816 1064 1879 quingentesimum
1076 1816 1160 1878 periit,
1177 1852 1182 1864 .
1201 1851 1207 1863 .
1227 1850 1234 1863 .
1254 1814 1358 1864 sortasse

318 1898 420 1958 mansit,
441 1935 447 1948 .
465 1936 470 1947 .
485 1934 490 1947 .
505 1897 549 1947 sed
566 1899 712 1957 invisibilis,
725 1902 752 1947 et
768 1898 797 1946 in
815 1897 896 1946 antris
913 1902 940 1946 et
952 1896 1000 1962 [ac]
1017 1897 1144 1960 speluncis
1160 1896 1358 1946 delitesceret-

319 1979 381 2029 Bell.
396 1979 470 2043 Apol.
483 1995 528 2043 pro
540 1979 625 2043 Resp]
636 1995 661 2044 p.
671 1982 710 2029 81.
728 1978 795 2043 [Op.,
806 1983 868 2027 torn.
880 1978 923 2028 vii.
935 1978 982 2027 col.
991 1980 1046 2029 rto.
1058 1977 1099 2040 et]

90 2106 208 2172 [Consilii
298 2093 375 2156 Non
402 2115 479 2176 ergo
503 2115 541 2157 ex
565 2114 603 2157 eo
624 2095 694 2177 jam
720 2094 837 2158 saeculo
856 2095 957 2174 periit
979 2095 1144 2156 Ecclesia:
1168 2115 1209 2157 ne
1235 2094 1360 2156 delituit

88 2186 228 2299 mm
255 2197 394 2280 quidem.
440 2198 483 2260 Et
495 2203 616 2278 oportet
633 2218 698 2260 esse
712 2195 881 2260 tererem:
906 2204 939 2259 et
955 2196 1010 2259 ubi
1026 2203 1113 2273 sunt,
1129 2202 1255 2279 oportet
1271 2217 1359 2259 coer-

88 2309 215 2378 nasucio·
254 2300 318 2363 oeri
327 2326 336 2378 3
353 2306 386 2363 et
400 2299 463 2362 fuit
478 2299 582 2364 adeas
597 2300 788 2364 coercendas
812 2299 1030 2364 Conciliorum
1046 2305 1157 2361 sancta
1171 2305 1204 2362 et
1220 2299 1357 2363 salubris

90 2368 174 2431 m]
253 2403 434 2466 auctoritas.
481 2403 525 2466 Et
543 2403 600 2466 diu
613 2404 683 2487 jam
701 2411 760 2480 est,
782 2424 856 2466 cunr
880 2403 920 2464 ad
946 2402 1116 2464 Concilium
1139 2422 1359 2484 provocamus,

253 2506 311 2568 sed
334 2507 396 2568 rite
416 2511 655 2586 conprepatcm:
680 2505 784 2568 sedin
801 2527 874 2587 quo,
891 2505 1003 2568 eodem
1017 2504 1113 2568 modo
1128 2510 1226 2586 atque
1248 2503 1360 2567 ordine

254 2614 408 2690 gerantur
428 2629 488 2685 rcs,
509 2609 627 2689 quoin
648 2607 760 2690 primis
783 2608 847 2670 illis
867 2615 1005 2689 quatuor
1016 2633 1025 2684 3
1050 2606 1106 2670 ubi
1127 2606 1258 2669 libertas
1292 2607 1359 2670 suf-

253 2712 357 2795 fragii,
379 2714 435 2777 ubi
457 2713 681 2797 praejudicium
696 2735 763 2777 non
790 2714 832 2776 sit
846 2735 905 2797 pro
924 2713 1065 2796 judicio3
1089 2713 1146 2776 ubi
1167 2735 1233 2776 non
1251 2713 1361 2778 sedeat

250 2817 360 2900 judex,
378 2817 433 2900 qui
455 2817 656 2900 peragendus
679 2825 727 2880 est
749 2838 841 2890 reus3
865 2816 922 2880 ubi
943 2817 1104 2879 Titulares
1127 2816 1278 2899 Episcopi
1293 2839 1361 2880 non

255 2918 329 2994 rint,
350 2918 400 2980 vcl
425 2919 554 2981 Factitii
565 2943 575 2994 3
599 2918 655 2981 ubi
676 2917 842 2980 minuatur
863 2917 1022 2982 Italorum
1041 2938 1205 2994 numerus,
1225 2917 1280 2999 qui
1301 2917 1361 2980 soli

256 3019 483 3102 suffragiorum
498 3041 633 3083 numero
647 3020 782 3083 vincunt
797 3026 939 3096 caeteros,
957 3019 1011 3101 qui
1026 3039 1082 3101 per
1093 3020 1256 3101 Europam
1273 3028 1360 3096 sunt,

256 3120 353 3183 simul
368 3120 543 3184 universos.

290 3273 320 3320 ln
339 3273 420 3334 primo
438 3273 521 3322 adsuit
538 3273 679 3336 Imperator
694 3273 883 3331 Constantinus,
895 3273 977 3323 adfuit
988 3278 1014 3322 et
1026 3275 1052 3322 in
1064 3277 1136 3322 sexto
1148 3273 1289 3336 Imperator
1300 3273 1362 3336 ejus·

322 3353 380 3402 dem
391 3353 618 3417 nominis—[Bell.
627 3355 701 3418 Apol.
713 3370 759 3418 pro
772 3354 856 3418 Resp]
868 3370 884 3417 p
902 3354 1091 3418 82.[0p.,t01n.
1104 3354 1145 3402 vii.
1159 3354 1205 3403 col.
1219 3354 1274 3403 750.
1288 3352 1326 3415 0.]

92 3485 242 3552 [Cononis.
303 3469 367 3532 Sed
393 3469 504 3532 abesse
529 3475 640 3532 tamen
663 3471 803 3533 multum
825 3471 961 3534 dicimus
982 3471 1233 3535 Constantinum
1257 3472 1361 3552 Pogo-

93 3551 200 3665 decollet.
257 3578 372 3632 natum
392 3591 411 3631 a
431 3570 534 3651 primo
556 3570 613 3633 illo
634 3577 667 3634 et
692 3572 816 3654 Magno
832 3572 1046 3635 Constantino
1056 3598 1065 3648 3
1088 3577 1160 3634 tum
1175 3572 1361 3654 Episcopos,

92 3680 203 3729 multum
259 3672 363 3754 quiin
379 3673 477 3735 Sexto
493 3673 817 3757 Constantinopolim,
835 3674 874 3737 ab
897 3674 945 3751 iis,
967 3675 1021 3756 qui
1043 3675 1078 3736 in
1094 3674 1202 3737 Primo
1217 3673 1362 3737 Nicaeam

94 3743 193 3806 dm]
257 3782 487 3838 convenerunt.
535 3775 599 3839 Sed
621 3796 726 3858 neque
748 3776 911 3859 rejicimus
926 3785 1038 3840 tamen
1055 3779 1199 3853 Sextum,
1215 3777 1271 3840 ubi
1295 3798 1363 3839 non

259 3876 393 3940 discedit
415 3900 435 3940 c
450 3885 585 3960 quotuor
598 3878 723 3958 primis,
739 3878 796 3942 ubi
811 3879 923 3943 eodem
939 3881 1035 3944 modo
1050 3888 1146 3962 atque
1162 3880 1274 3944 ordine
1289 3901 1362 3962 pro·

291 4095 300 4118 ¹
328 4088 401 4138 Joan.
414 4090 497 4153 iii.8.]
831 4093 1030 4153 πεπιστεύκαμεν·
1060 4094 1177 4142 τοσούτου
1204 4091 1251 4153 γὰρ
1279 4095 1363 4141 αἰῶνος

291 4160 301 4183 ¹
328 4155 387 4202 'Art
400 4155 426 4204 dl
438 4153 591 4218 Ἀρταξέρξου
600 4154 672 4217 μέχρι
683 4157 726 4204 τοῦ
737 4157 787 4205 καθ
831 4159 876 4214 ἤδη
894 4156 1068 4219 ταρφχηκότος
1090 4160 1144 4205 οὔτε
1164 4154 1304 4219 προσθεῖναί
1326 4174 1364 4205 τις

259 4219 320 4276 ἡμᾶς
347 4216 436 4279 χρόνον
459 4218 595 4282 γέγραπται
622 4221 666 4276 μὲν
688 4218 787 4269 ἕκαστα·
831 4221 907 4280 οὐδὲν,
924 4224 978 4270 οὔτε
997 4222 1098 4282 ἀφελεῖν
1114 4221 1199 4279 αὐτῶν,
1216 4221 1272 4269 edre
1293 4238 1364 4279 μετα·

258 4281 362 4331 πίστεως
377 4282 404 4331 δὲ
420 4284 467 4344 οὐχ
481 4283 667 4344 declarationes
679 4285 785 4347 τοῖιτρδ
831 4287 905 4334 θεῖναι
933 4283 1090 4344 τετόλμηκεν.
1107 4312 1134 4320 -
1147 4285 1215 4334 Elar.
1241 4282 1361 4347 Joseph.]

238 4347 342 4404 1ιιδτιῖν,
360 4347 397 4395 διὰ
412 4347 442 4396 τὸ
459 4343 785 4411 γίνεσθαιτὴντῶντροφη-
829 4354 916 4398 contra
947 4350 1037 4411 Apion.
1064 4349 1108 4397 lib.
1129 4350 1144 4397 i.
1168 4349 1231 4413 [cap.
1253 4352 1276 4398 8.
1306 4348 1363 4412 Op,

257 4411 307 4458 τᾶν
323 4410 411 4472 ἀκριβῆ
430 4410 552 4471 διαδοχήν.
571 4413 654 4468 Δῆλον
676 4413 696 4461 δ’
718 4412 786 4461 ἔστιν
829 4417 890 4462 tom.
903 4414 928 4461 ii.
947 4428 988 4476 pp.
1003 4412 1136 4476 istm]

256 4469 320 4535 dm
341 4476 390 4524 reis
405 4477 472 4535 elusis
494 4477 544 4525 reis
565 4475 630 4525 ἰδίοις
651 4479 786 4539 γράμμασιν
863 4474 1096 4540 b[1cor.xi.19.]
