2910 4926
464 312 642 363 emmanu
663 311 845 362 nenousro.
1143 296 1208 359 loc

105 489 212 532 rerum
231 475 347 532 natura
365 469 452 553 prius
467 470 508 532 sit
523 469 713 533 Aatiebrteti
727 471 859 553 ciprum,
875 490 972 552 quam
987 468 1207 532 Antichristus

105 572 181 655 ipse.
227 573 422 656 Praepostere
447 573 554 652 nimis,
580 582 617 636 ut
643 574 770 657 signato
795 574 924 657 signum
950 579 1129 655 praevortat,
1151 580 1208 635 aut

108 675 266 760 (suscepto
295 677 493 758 charactere)
519 675 677 759 professio
703 677 733 740 ci
762 677 819 740 fiat
848 676 1036 753 obedientia,
1064 674 1206 739 nondum

106 784 183 840 nato
202 778 346 842 detribu
360 780 434 843 Dan
442 790 463 843 ¹.
507 778 615 843 Nimis
637 779 735 844 citato
758 799 853 843 cursu
876 778 1023 842 fenmtur
1046 777 1207 862 quadriga

106 880 295 960 Cardinalis,
311 882 426 965 quibus
440 883 606 965 praecru‘rit
620 883 850 946 Antiabrtatam
867 882 1040 945 character
1053 881 1160 965 ipsius.

150 984 242 1063 Tum,
272 1006 332 1050 nec
360 985 440 1049 illud
469 986 545 1048 satis
574 985 739 1064 concinne,
769 993 807 1049 ut
840 985 1041 1049 characteris
1064 985 1205 1066 privatio

109 1087 281 1150 Character
295 1087 346 1151 sit
378 1088 528 1170 Namque
542 1087 589 1151 ita
603 1089 694 1153 valde
708 1088 874 1152 turbatum
884 1088 945 1151 erit
959 1088 994 1150 in
1009 1086 1205 1165 Dialecticis,

105 1188 160 1253 ubi
169 1191 310 1270 privatio
324 1190 473 1254 transibit
486 1192 522 1255 in
536 1192 685 1271 tabitam,
697 1199 730 1256 et
743 1192 930 1256 charactere
945 1210 1062 1268 carere,
1078 1189 1139 1253 hoc
1153 1188 1205 1268 sit,

108 1294 326 1359 characterem
340 1296 461 1360 babere.
507 1296 602 1360 Certe
616 1296 745 1380 quidem
759 1296 821 1361 hoc
840 1303 889 1361 est
909 1297 1010 1359 delere
1033 1295 1071 1357 de
1085 1292 1205 1376 fracte,

106 1417 172 1460 non
196 1399 351 1479 acccipere
376 1400 410 1462 ta
429 1397 540 1480 fronte
567 1401 796 1464 characterem.
843 1400 954 1478 Mitto,
980 1396 1065 1482 quod
1088 1397 1206 1461 dertrae

105 1499 191 1582 apud
205 1521 260 1564 vos
277 1502 375 1564 Gracc
396 1503 519 1584 aipaari
541 1523 607 1566 non
631 1502 764 1583 soleant,
784 1510 822 1567 ut
844 1509 982 1586 nequeat
1006 1502 1045 1565 dc
1068 1501 1207 1564 dertare

106 1602 233 1666 aboleri.
278 1604 401 1667 Verum
431 1604 507 1688 quid
536 1605 605 1669 haec
635 1605 676 1669 ad
704 1607 789 1670 nos?
834 1607 901 1672 Cur
928 1606 965 1668 in
993 1604 1108 1686 Repem
1136 1603 1205 1668 heec

105 1704 287 1788 scriptitat?
332 1708 398 1771 Cur
414 1709 529 1790 Repcm
548 1709 711 1793 appellat?
755 1710 843 1794 Agat
859 1710 922 1773 ista
939 1730 1013 1774 cum
1029 1708 1204 1787 Paritaaic,
1261 1705 1325 1770 293

107 1807 162 1891 qui
176 1808 207 1872 ei
222 1810 318 1892 Sipaa
332 1831 446 1894 parum
460 1812 599 1895 propitii.
634 1814 705 1878 Nos
719 1814 862 1877 favemus
877 1812 963 1877 satis.
999 1810 1105 1876 Nobis
1119 1811 1206 1875 enim

106 1913 287 1996 nostrisque
309 1914 345 1976 in
368 1914 534 1997 Baptismo
556 1913 684 1996 fraatea
707 1937 746 1981 eo
770 1918 923 1998 ripaatoe;
953 1921 991 1978 ut
1017 1935 1130 1998 parum
1153 1914 1206 1977 hic

107 2017 293 2099 tempestive
309 2017 505 2102 Hippolytus
518 2018 554 2081 in
568 2038 696 2082 scenam
710 2019 911 2084 introductus
925 2039 945 2081 a
961 2016 1137 2082 cardinale

139 2167 189 2219 Sed
200 2183 300 2230 nomen,
308 2173 425 2231 taretros,
436 2185 488 2220 non
499 2171 617 2221 scribitur
627 2187 673 2236 per
684 2174 713 2234 εἳ,
723 2175 750 2222 et
760 2172 816 2223 eine
827 2173 852 2222 εἳ
860 2184 912 2222 non
923 2169 1022 2221 reddit.
1032 2205 1053 2218 ..
1063 2167 1204 2219 DOLXVI.

170 2250 279 2316 -[Bell.
290 2252 365 2316 Apol.
378 2267 424 2316 pro
435 2251 520 2318 Resp]
535 2268 560 2318 p.
573 2255 628 2305 162.
647 2252 718 2318 [Op.,
734 2258 796 2304 tom.
807 2253 852 2304 vii.
872 2253 919 2303 eol.
931 2252 988 2305 tet.
1000 2248 1043 2314 Ι).]

149 2367 259 2432 Placet
275 2369 444 2454 Hippolyti
465 2369 603 2454 signum,
618 2391 677 2455 pro
697 2391 765 2435 non
781 2369 883 2453 signo.
929 2366 1045 2432 Irenaei
1058 2366 1205 2434 λατεῖνος
1219 2385 1272 2450 [De

1218 2451 1320 2500 nomine

105 2491 171 2534 non
186 2471 310 2555 placet;
333 2480 366 2537 et
380 2474 542 2537 Irenaeum
560 2472 660 2537 habet
680 2473 739 2538 sub
760 2471 971 2555 ferula,'quod
989 2472 1135 2538 bareivos
1149 2490 1206 2554 pel·
1217 2517 1292 2565 Am·

105 2575 135 2636 εἲ
156 2575 325 2658 scripserit.
371 2576 425 2641 Sic
449 2578 560 2641 Patres
586 2598 659 2641 suos
680 2576 788 2641 habet.
835 2574 913 2655 Ubi,
937 2571 1079 2637 scholam
1101 2572 1205 2656 primo
1218 2593 1352 2629 numerum

104 2677 216 2759 aperit,
246 2677 335 2761 quasi
360 2680 472 2744 Graece
500 2680 638 2744 nesciret
667 2679 820 2756 Irenaeus,
847 2677 904 2763 qui
928 2677 1040 2741 Graece
1069 2674 1204 2758 scripsit,
1218 2643 1360 2772 ἓξὲξ]

105 2779 195 2861 quasi
217 2781 356 2844 Aretbas
378 2781 446 2865 (qui
469 2782 555 2846 idem
579 2783 687 2866 ipsum
709 2802 828 2846 nomen
857 2777 1021 2864 reposuit,)
1042 2776 1079 2840 in
1101 2776 1207 2839 media

106 2882 232 2946 Graecia
256 2891 362 2963 natira,
393 2892 426 2948 et
455 2883 523 2969 ipse
552 2906 655 2968 graece
681 2884 844 2950 docendus
872 2889 955 2946 esset
982 2902 1002 2943 a
1026 2879 1205 2944 Cardinale.

105 2985 227 3050 'lamen
238 2988 378 3052 Arethas
393 2988 531 3053 severius
544 2988 592 3052 illi
607 2988 819 3072 castigandus,
832 2985 886 3070 qui
901 3005 1006 3049 errore
1020 2983 1127 3067 lapsus
1140 2990 1206 3046 nod

104 3095 162 3169 est,
184 3090 239 3173 qui
257 3087 312 3154 διὰ
334 3089 512 3176 διφθάγγου
531 3090 734 3156 scribendum
757 3110 825 3153 esse
847 3109 976 3165 nomen,
995 3094 1028 3149 et
1047 3085 1087 3149 ad
1110 3106 1206 3168 quam

103 3192 250 3272 sormam,
266 3202 411 3259 monete.
455 3196 574 3258 Parum
598 3214 673 3259 vero
698 3200 876 3276 opportune
894 3191 1068 3274 praeierat.
1114 3187 1205 3250 Idem

104 3294 186 3359 forte
200 3295 341 3360 secturus
355 3297 391 3360 in
405 3296 524 3376 τειτὰν,
535 3297 632 3380 siquis
646 3295 847 3360 stomachum
861 3294 891 3357 ei
905 3298 1041 3371 moveat,
1054 3290 1109 3354 sed
1122 3289 1205 3353 mul-

104 3405 176 3460 tum
190 3397 385 3483 dedignante
400 3401 516 3464 Sobata
527 3420 643 3484 preca,
659 3399 760 3463 risum
774 3405 884 3461 tamen
898 3395 951 3460 vix
965 3394 1161 3458 continente.

137 3550 239 3601 Nomen
250 3552 403 3604 Antichrlati
414 3554 544 3618 propriam
555 3553 704 3617 designatur
720 3588 726 3602 .
745 3587 752 3602 .
767 3587 795 3613 .,
811 3565 864 3602 non
879 3562 973 3601 nornen
984 3560 1118 3599 commane
1128 3545 1205 3610 pluri-

168 3632 225 3681 mis.
244 3667 250 3680 .
267 3669 274 3682 .
292 3668 298 3681 .
316 3633 422 3698 Propria
438 3639 524 3686 autern
535 3635 639 3686 nomine
652 3634 738 3685 nullus
750 3631 903 3684 Pontificum
913 3630 999 3681 dictur
1009 3632 1048 3680 est
1058 3628 1205 3680 hrum.—

169 3711 244 3776 [Btlb
257 3713 333 3778 Apol.
344 3730 390 3778 pro
401 3714 487 3782 Resp]
504 3731 528 3780 p.
543 3717 598 3766 162.
615 3714 683 3781 [Op.,
703 3718 765 3764 torn.
777 3714 822 3764 vii.
840 3712 888 3763 eol.
899 3711 955 3764 ⁷95.
967 3708 1011 3774 D.]

148 3819 212 3884 Sed
227 3841 383 3887 commane
398 3844 506 3887 ramea
521 3823 666 3887 Latinus.
707 3823 878 3904 Propriam
891 3839 966 3887 vero
988 3818 1086 3883 etiam
1105 3817 1205 3883 inter·
1219 3828 1300 3893 [Illud

103 3922 195 3988 dum:
221 3925 345 4004 Quaere,
362 3948 470 3990 annon
485 3949 504 3990 a
517 3927 633 3990 Latino
649 3925 768 3990 Latini.
814 3925 859 3988 Et
873 3921 1017 4008 pluribus
1031 3940 1203 3985 commane:
1218 3908 1350 4008 ffinm

103 4025 181 4108 quid
199 4028 295 4092 tum?
328 4031 491 4093 Commune
513 4030 658 4114 pluribus
683 4036 732 4093 est
755 4048 874 4093 nomen
897 4022 1335 4136 Robertus,neceo}¹(1>11¹l1t1¹l}¹1⁸

103 4134 212 4192 tamen
241 4132 349 4196 minus
372 4133 551 4197 Cardinalis
576 4132 737 4198 Robertus
765 4138 824 4196 est.
869 4131 994 4194 Verum
1022 4149 1057 4193 ea
1083 4146 1309 4214 remearem]

137 4299 147 4322 ¹
176 4297 631 4366 moauunurhriruetribunan,
673 4303 804 4354 -Aretln
827 4302 970 4354 comment.
992 4299 1021 4349 in
1043 4299 1122 4363 Apoe.
1148 4311 1203 4362 cap.

104 4361 162 4412 vide
210 4364 237 4415 ll.
249 4365 280 4415 de
292 4366 363 4417 Rom.
376 4368 448 4419 Pont.
465 4369 510 4419 lib.
522 4370 559 4419 iii.
577 4384 630 4433 cap.
674 4368 781 4419 xxxvii‘n
803 4366 845 4431 (ad
866 4380 920 4429 cap.
937 4365 994 4414 xiib
1022 4363 1091 4428 tpud
1105 4361 1203 4412 fflfflffl·

105 4427 144 4474 12.
163 4429 325 4485 i‘Secunda’
337 4431 358 4482 0
377 4433 630 4498 .,tom.ip.198.(l.]
675 4432 730 4498 Op,
742 4438 804 4486 tam.
815 4431 842 4482 it
860 4445 885 4496 p.
897 4431 953 4484 765·
964 4427 992 4479 0·

137 4499 147 4520 ¹
169 4490 290 4554 [caretum
313 4448 396 4557 trabs
425 4499 462 4548 ta
492 4500 629 4562 διφθόγγον.
