2910 4926
254 241 299 304 26
570 256 613 304 uu
635 257 826 307 ennarrans
848 259 1045 308 anomalum

255 419 466 495 aeceperunt:
489 434 556 477 non
570 414 741 478 inhonesto
759 424 868 478 autem
883 415 969 479 facto
982 415 1053 493 hoe,
1070 422 1117 495 ut,
1132 436 1153 478 a
1167 437 1230 500 quo
1245 416 1358 480 vestris

256 540 359 601 nuper
390 540 510 583 nomen
546 519 696 599 inditum,
727 528 765 584 ut
795 520 979 585 dicerentur
1016 521 1203 584 Pulverarii.
1265 523 1358 586 Salva

256 631 366 687 autem
388 623 620 706 protestatione
644 624 704 688 hac
724 623 822 707 (quod
847 624 1051 688 Cardinalem
1077 646 1142 688 non
1162 625 1254 707 latet)
1272 625 1357 689 haud

256 726 323 788 ulla
345 733 395 790 est
418 726 497 790 fides
522 734 642 805 nostra,
667 726 730 789 nisi
755 749 825 811 quae
850 734 958 791 vestra
984 734 1043 805 est,
1070 728 1120 790 vel
1147 748 1218 790 esse
1244 728 1356 791 debet:

255 836 348 892 vetus
363 829 483 893 scilieet
497 829 554 893 illa
571 831 742 908 Catholica,
758 830 885 895 duobus
901 831 1126 909 Testamentis,
1143 832 1247 896 tribus
1264 834 1357 917 Sym-

255 933 347 1011 bolis,
364 943 501 1018 quatuor
517 935 668 999 Conciliis
685 938 933 1021 comprehensa:
957 944 1096 1017 tantum,
1113 938 1154 1002 ab
1170 939 1358 1021 opinionum

256 1039 457 1121 quarundam
481 1039 680 1118 commentis,
696 1046 730 1103 et
754 1040 913 1104 abusuum
935 1039 1134 1124 corruptelis,
1151 1061 1222 1124 quae
1237 1042 1359 1122 partim

255 1144 331 1206 vitio
347 1130 524 1225 temporum,
534 1145 657 1226 partim
678 1146 833 1208 lominum
847 1147 979 1225 incuria,
995 1147 1045 1208 ael
1057 1147 1091 1208 ia
1109 1147 1210 1227 ipsam
1224 1146 1358 1208 Missam

221 1327 226 1337 ι
256 1248 457 1328 irrepserunt,
490 1248 622 1331 (fatente
651 1269 721 1311 rem
752 1248 883 1333 Synodo
912 1253 1020 1313 vestra
1047 1247 1117 1331 ipsa
1145 1248 1356 1330 Tridentina‘)

256 1351 391 1433 pristino
416 1351 578 1435 splendori
601 1353 761 1416 restituta.
807 1352 890 1417 Inde
916 1353 1005 1433 adeo,
1026 1353 1241 1434 Resarmatam
1263 1353 1358 1416 modo

254 1457 432 1538 relipioaem
462 1457 609 1535 dicimus,
639 1478 706 1521 nan
727 1456 904 1538 sarmatam
934 1457 974 1521 de
1004 1479 1096 1522 novo.
1149 1458 1359 1520 Rerrauatares

254 1561 350 1624 modo
365 1582 486 1639 sumus,
502 1582 568 1624 non
584 1561 767 1624 Naratorea.
814 1562 858 1624 Et
873 1582 938 1639 vos,
951 1561 978 1624 si
994 1560 1106 1625 eadem
1120 1561 1177 1624 illa
1190 1559 1359 1641 reformari

254 1665 401 1728 sineretis
416 1664 501 1748 apud
516 1686 580 1743 vos,
595 1665 762 1748 inquibus
777 1665 946 1729 uobiscum
961 1686 1028 1729 non
1043 1665 1132 1744 estis,
1151 1667 1196 1746 (ia
1211 1666 1359 1746 plur-irate

253 1771 334 1834 euim
355 1769 510 1833 achaeum
532 1770 616 1851 eatis)
636 1769 756 1833 rediret
778 1769 859 1833 Orbi
876 1790 947 1854 pax.
993 1769 1065 1832 Nec
1088 1768 1175 1833 enirn
1197 1770 1358 1831 Protesta-

254 1873 348 1936 tiaaia
363 1873 515 1936 illiceris
537 1872 608 1951 alia,
624 1894 729 1956 neque
753 1871 875 1936 diutius
896 1873 961 1936 vim
984 1872 1146 1951 habitura,
1168 1894 1264 1956 quam
1286 1881 1358 1935 tan-

253 1974 352 2058 tisper
367 1975 445 2039 dum
459 1975 515 2039 illa
529 1975 753 2040 instaurentur
768 1975 853 2059 apud
865 1997 928 2053 vos,
941 1997 1013 2058 quae
1028 1975 1074 2039 sie
1089 1982 1258 2056 temporum
1272 1978 1357 2055 vitta,

253 2081 409 2143 domiuum
424 2081 559 2158 incuria,
575 2079 724 2144 abienmt
738 2078 775 2143 in
788 2080 938 2144 abusum.

286 2217 325 2268 Aa
341 2232 374 2267 ne
389 2217 421 2267 de
437 2218 555 2267 omuibus
572 2218 696 2268 Articulis
712 2219 793 2275 novis,
810 2232 873 2282 qnos
889 2217 944 2267 Rex
959 2215 1082 2278 defendit,
1093 2216 1292 2281 disputationem
1308 2232 1359 2267 sus

318 2314 443 2364 capiamus
455 2325 485 2344 =

91 2424 224 2493 [Articuli
297 2417 375 2479 Non
401 2416 470 2479 vult
498 2423 610 2481 tamen
644 2436 748 2480 amaea
775 2418 936 2481 Articulaa
964 2417 1060 2500 Repia
1088 2438 1181 2481 aoros
1202 2426 1357 2481 eamme

89 2492 218 2617 iffi?
254 2520 443 2584 cardinalis.
491 2522 557 2588 Qui
579 2528 686 2605 potest
708 2523 835 2585 amam?
855 2543 928 2584 cum
950 2542 1011 2586 nec
1030 2543 1115 2585 unus
1135 2521 1180 2586 ibi
1195 2543 1290 2585 uerus
1305 2522 1356 2586 sit.

89 2622 197 2672 minime
256 2624 330 2691 Qua
351 2625 465 2708 figura,
482 2625 575 2689 faeile
597 2645 751 2709 agnoscas
761 2625 898 2689 Tortum
915 2624 1022 2689 fuisse.
1067 2625 1246 2710 Antiquum
1271 2627 1356 2689 euim

90 2687 171 2750 wi]
254 2728 388 2808 obtinet,
405 2736 442 2793 ut
457 2731 537 2792 ualle
552 2751 586 2793 se
601 2729 697 2809 dicat,
715 2730 815 2812 quasi,
832 2729 860 2792 si
873 2729 961 2807 velit,
976 2731 1098 2813 possit3
1122 2751 1197 2794 cum
1212 2732 1308 2814 plane
1323 2732 1357 2795 id

253 2854 320 2897 non
338 2833 451 2917 possit,
465 2854 508 2899 ne
528 2834 555 2897 si
570 2833 647 2898 velit
663 2833 793 2917 quidem
808 2833 957 2897 maxime.
988 2835 1060 2899 Nee
1075 2857 1159 2898 unus
1178 2837 1321 2919 (inquam
1330 2840 1351 2919 ς)

253 2958 313 3001 nec
342 2937 397 3000 ille
427 2938 601 3016 aculeatus,
629 2937 668 3002 de
699 2958 826 3000 summa
851 2936 951 3020 Regis
976 2936 1018 3001 ad
1039 2938 1277 3003 Ecclesiasticus
1306 2963 1357 3003 res

252 3047 422 3125 potestate,
434 3061 529 3104 aeuus
544 3047 611 3105 est:
635 3061 731 3123 quem
745 3039 842 3103 toties
857 3039 994 3120 vellicat,
1011 3040 1067 3105 sed
1081 3042 1206 3124 quoties
1220 3043 1254 3106 id
1268 3044 1355 3122 facit,

254 3152 402 3212 cruentat
417 3144 478 3209 sibi
493 3144 610 3228 digitos
626 3164 762 3226 semper,
777 3151 815 3207 ut
829 3151 962 3227 praestet
975 3166 1043 3209 non
1058 3145 1211 3230 attigisse.

287 3307 316 3329 =
328 3283 373 3334 ille
384 3286 452 3334 certe
462 3282 599 3346 primarias
610 3303 640 3324 =

89 3405 198 3521 [Ιιιοάιω
223 3472 229 3485 ,
296 3401 413 3485 Neque
436 3407 547 3464 tamen
573 3402 724 3464 articulus
748 3399 803 3463 ille
825 3400 1000 3481 primarius
1029 3398 1115 3482 apud
1139 3420 1208 3478 nos,
1233 3398 1289 3462 sed
1315 3421 1356 3462 ne

89 3472 240 3588 ἓξιξθῃξῗι
254 3506 405 3568 articarius
427 3504 575 3589 quidem:
598 3507 684 3568 inter
704 3500 801 3591 ὀρθὰς
818 3500 915 3585 δόξας
933 3503 1051 3587 potius,
1068 3525 1163 3586 quam
1182 3503 1258 3568 fidei
1279 3506 1356 3568 arti-

87 3601 153 3665 giu]
253 3609 362 3672 culos:
392 3616 505 3693 utpote
529 3608 570 3672 de
595 3608 744 3673 exteriori
768 3607 866 3673 modo
895 3609 1060 3692 regimine,
1089 3629 1152 3691 qua
1180 3608 1356 3671 humanam

252 3733 345 3796 opem
381 3722 415 3775 et
452 3713 677 3776 auctoritatem
714 3712 856 3795 exposcit
891 3719 988 3795 atque
1025 3711 1167 3774 admittit
1203 3713 1356 3776 Ecclesia.

251 3815 357 3879 Nobis
372 3815 458 3878 enirn
473 3837 540 3880 non
555 3824 624 3880 tam
637 3817 806 3879 articulosa
821 3815 910 3893 fides,
923 3837 1020 3899 quam
1034 3816 1149 3880 vestris
1162 3815 1357 3895 hominibus,

253 3920 309 4003 qui
331 3919 372 3981 ad
391 3920 510 3983 Thesea
533 3920 677 4004 singulas
698 3928 841 4004 crepant,
857 3921 919 3984 Eat
939 3921 977 3983 de
990 3920 1068 4002 fida.
1114 3920 1225 3998 Vobis,
1242 3921 1358 4004 quibus

254 4023 365 4086 datum
380 4030 430 4086 est
447 4032 551 4088 vestra
566 4025 676 4088 omnia
690 4026 724 4087 ia
738 4025 842 4088 eadent
857 4027 970 4089 lamiae
984 4026 1102 4105 videre,
1121 4025 1237 4109 quibus
1251 4033 1358 4089 vestra

252 4127 371 4205 omnia,
388 4127 427 4190 ab
442 4127 546 4190 aedera
563 4135 756 4210 proponente
774 4128 937 4210 infallibili
950 4130 1080 4210 habere,
1097 4129 1261 4194 abundare
1280 4130 1356 4194 licet

252 4233 395 4295 articulis
410 4231 449 4295 ad
470 4234 630 4295 anamiim
644 4255 764 4316 usque:
788 4234 881 4298 nobis
901 4256 968 4298 uon
982 4235 1058 4300 lieet
1073 4257 1141 4300 esse
1156 4242 1224 4300 tam
1238 4237 1355 4298 articu-

257 4448 260 4453 -
283 4422 292 4446 ²
310 4414 398 4480 [Oeae
410 4414 539 4532 Tridentp
559 4416 623 4466 Sena
634 4418 697 4495 axii.
718 4416 779 4495 [Dp-
823 4416 914 4467 eelebr.
932 4417 1138 4467 Missua-Cone.
1158 4421 1220 4466 tom.
1237 4417 1289 4466 xiv.
1309 4416 1355 4465 col.

249 4484 310 4529 eret
338 4479 370 4530 de
392 4480 521 4532 Obserrau
541 4519 546 4530 .
569 4487 596 4532 ot
617 4482 729 4533 evitaad.
751 4496 780 4533 ιιι
825 4486 880 4533 856.
894 4480 937 4545 e]
