<?xml version="1.0" encoding="UTF-8"?>
<!DOCTYPE html PUBLIC "-//W3C//DTD XHTML 1.0 Transitional//EN"
    "http://www.w3.org/TR/xhtml1/DTD/xhtml1-transitional.dtd">
<html xmlns="http://www.w3.org/1999/xhtml" xml:lang="en" lang="en">
 <head>
  <title>
</title>
<meta http-equiv="Content-Type" content="text/html;charset=utf-8" />
  <meta name='ocr-system' content='tesseract 3.04.00' />
  <meta name='ocr-capabilities' content='ocr_page ocr_carea ocr_par ocr_line ocrx_word'/>
</head>
<body>
  <div class='ocr_page' id='page_1' title='image "./responsioadapol00andrgoog_0119.png"; bbox 0 0 2910 4926; ppageno 0'>
   <div class='ocr_carea' id='block_1_1' title="bbox 563 280 1039 331">
    <p class='ocr_par' dir='ltr' id='par_1_1' title="bbox 563 280 1039 331">
     <span class='ocr_line' id='line_1_1' title="bbox 563 280 1039 331; baseline 0.011 -4"><span class='ocrx_word' id='word_1_1' title='bbox 563 281 607 328; x_wconf 76' lang='lat' dir='ltr'><em>AD</em></span> <span class='ocrx_word' id='word_1_2' title='bbox 629 280 819 329; x_wconf 68' lang='lat' dir='ltr'><em>eunomius</em></span> <span class='ocrx_word' id='word_1_3' title='bbox 841 282 1039 331; x_wconf 70' lang='lat' dir='ltr'><em>antianum</em></span> 
     </span>
    </p>
   </div>
   <div class='ocr_carea' id='block_1_2' title="bbox 33 431 1353 4363">
    <p class='ocr_par' dir='ltr' id='par_1_2' title="bbox 140 431 1353 1552">
     <span class='ocr_line' id='line_1_2' title="bbox 239 431 1350 520; baseline 0.01 -24"><span class='ocrx_word' id='word_1_4' title='bbox 239 431 361 513; x_wconf 77' lang='lat' dir='ltr'><em>facere.</em></span> <span class='ocrx_word' id='word_1_5' title='bbox 404 438 435 498; x_wconf 75' lang='lat'><em>4.</em></span> <span class='ocrx_word' id='word_1_6' title='bbox 471 435 619 498; x_wconf 86' lang='lat' dir='ltr'><em>Sabditae</em></span> <span class='ocrx_word' id='word_1_7' title='bbox 648 442 792 499; x_wconf 83' lang='lat' dir='ltr'><em>autema</em></span> <span class='ocrx_word' id='word_1_8' title='bbox 814 436 883 517; x_wconf 79' lang='lat' dir='ltr'><em>fide</em></span> <span class='ocrx_word' id='word_1_9' title='bbox 912 443 941 500; x_wconf 92' lang='lat' dir='ltr'><em>et</em></span> <span class='ocrx_word' id='word_1_10' title='bbox 970 439 1156 520; x_wconf 80' lang='lat' dir='ltr'><em>subjectione</em></span> <span class='ocrx_word' id='word_1_11' title='bbox 1185 442 1350 506; x_wconf 77' lang='lat' dir='ltr'><em>absolvere.</em></span> 
     </span>
     <span class='ocr_line' id='line_1_3' title="bbox 249 539 1351 623; baseline 0.009 -24"><span class='ocrx_word' id='word_1_12' title='bbox 249 540 279 599; x_wconf 90' lang='lat'><em>5.</em></span> <span class='ocrx_word' id='word_1_13' title='bbox 310 539 411 600; x_wconf 84' lang='lat' dir='ltr'><em>Arma</em></span> <span class='ocrx_word' id='word_1_14' title='bbox 433 540 488 616; x_wconf 83' lang='lat' dir='ltr'><em>eie,</em></span> <span class='ocrx_word' id='word_1_15' title='bbox 520 544 629 602; x_wconf 88' lang='lat' dir='ltr'><em>cantra</em></span> <span class='ocrx_word' id='word_1_16' title='bbox 652 540 766 621; x_wconf 70' lang='lat' dir='ltr'><em>Regem</em></span> <span class='ocrx_word' id='word_1_17' title='bbox 791 541 899 621; x_wconf 81' lang='lat' dir='ltr'><em>cniqnc</em></span> <span class='ocrx_word' id='word_1_18' title='bbox 922 562 1019 619; x_wconf 79' lang='lat' dir='ltr'><em>errem,</em></span> <span class='ocrx_word' id='word_1_19' title='bbox 1043 542 1172 623; x_wconf 83' lang='lat' dir='ltr'><em>serendi</em></span> <span class='ocrx_word' id='word_1_20' title='bbox 1195 547 1351 609; x_wconf 79' lang='lat' dir='ltr'><em>licentiam</em></span> 
     </span>
     <span class='ocr_line' id='line_1_4' title="bbox 249 642 1352 728; baseline 0.005 -25"><span class='ocrx_word' id='word_1_21' title='bbox 249 642 418 722; x_wconf 77' lang='lat' dir='ltr'><em>indatpere.</em></span> <span class='ocrx_word' id='word_1_22' title='bbox 463 644 494 704; x_wconf 90' lang='lat'><em>6.</em></span> <span class='ocrx_word' id='word_1_23' title='bbox 524 642 593 703; x_wconf 91' lang='lat' dir='ltr'><em>Vim</em></span> <span class='ocrx_word' id='word_1_24' title='bbox 608 643 702 704; x_wconf 88' lang='lat' dir='ltr'><em>etiam</em></span> <span class='ocrx_word' id='word_1_25' title='bbox 725 644 785 724; x_wconf 82' lang='lat' dir='ltr'><em>ipsi</em></span> <span class='ocrx_word' id='word_1_26' title='bbox 800 644 896 725; x_wconf 75' lang='lat' dir='ltr'><em>Repis</em></span> <span class='ocrx_word' id='word_1_27' title='bbox 912 665 1054 724; x_wconf 80' lang='lat' dir='ltr'><em>persana</em></span> <span class='ocrx_word' id='word_1_28' title='bbox 1076 667 1173 709; x_wconf 80' lang='lat' dir='ltr'><em>sacre</em></span> <span class='ocrx_word' id='word_1_29' title='bbox 1195 648 1352 728; x_wconf 85' lang='lat' dir='ltr'><em>inserendi</em></span> 
     </span>
     <span class='ocr_line' id='line_1_5' title="bbox 240 743 1351 827; baseline 0.007 -21"><span class='ocrx_word' id='word_1_30' title='bbox 240 743 431 826; x_wconf 77' lang='lat' dir='ltr'><em>facultatem</em></span> <span class='ocrx_word' id='word_1_31' title='bbox 446 746 639 826; x_wconf 68' lang='lat' dir='ltr'><em>permittere.</em></span> <span class='ocrx_word' id='word_1_32' title='bbox 686 749 715 810; x_wconf 86' lang='grc'><em>7.</em></span> <span class='ocrx_word' id='word_1_33' title='bbox 738 747 907 827; x_wconf 83' lang='lat' dir='ltr'><em>Postquam</em></span> <span class='ocrx_word' id='word_1_34' title='bbox 923 747 1057 810; x_wconf 80' lang='lat' dir='ltr'><em>intenuit</em></span> <span class='ocrx_word' id='word_1_35' title='bbox 1071 750 1164 810; x_wconf 84' lang='lat' dir='ltr'><em>semei</em></span> <span class='ocrx_word' id='word_1_36' title='bbox 1185 751 1351 814; x_wconf 85' lang='lat' dir='ltr'><em>Romanus</em></span> 
     </span>
     <span class='ocr_line' id='line_1_6' title="bbox 149 836 1351 932; baseline 0.005 -22"><span class='ocrx_word' id='word_1_37' title='bbox 149 836 177 848; x_wconf 43' lang='lat'><em>&#39;⁴</em></span> <span class='ocrx_word' id='word_1_38' title='bbox 251 848 448 921; x_wconf 81' lang='lat' dir='ltr'><em>Salmoneus,</em></span> <span class='ocrx_word' id='word_1_39' title='bbox 474 869 529 911; x_wconf 90' lang='lat' dir='ltr'><em>nec</em></span> <span class='ocrx_word' id='word_1_40' title='bbox 551 848 684 910; x_wconf 73' lang='lat' dir='ltr'><em>sithditis</em></span> <span class='ocrx_word' id='word_1_41' title='bbox 708 849 741 910; x_wconf 87' lang='lat' dir='ltr'><em>in</em></span> <span class='ocrx_word' id='word_1_42' title='bbox 761 850 861 932; x_wconf 87' lang='lat' dir='ltr'><em>afficio</em></span> <span class='ocrx_word' id='word_1_43' title='bbox 880 856 1036 930; x_wconf 82' lang='lat' dir='ltr'><em>perstare,</em></span> <span class='ocrx_word' id='word_1_44' title='bbox 1054 850 1113 930; x_wconf 82' lang='lat' dir='ltr'><em>sas</em></span> <span class='ocrx_word' id='word_1_45' title='bbox 1135 872 1209 929; x_wconf 82' lang='lat' dir='ltr'><em>esee,</em></span> <span class='ocrx_word' id='word_1_46' title='bbox 1236 854 1267 916; x_wconf 86' lang='grc'><em>8.</em></span> <span class='ocrx_word' id='word_1_47' title='bbox 1290 855 1351 916; x_wconf 86' lang='lat' dir='ltr'><em>Re-</em></span> 
     </span>
     <span class='ocr_line' id='line_1_7' title="bbox 245 951 1353 1033; baseline 0.005 -20"><span class='ocrx_word' id='word_1_48' title='bbox 245 952 333 1033; x_wconf 76' lang='lat' dir='ltr'><em>piace</em></span> <span class='ocrx_word' id='word_1_49' title='bbox 346 953 396 1013; x_wconf 85' lang='lat' dir='ltr'><em>eet</em></span> <span class='ocrx_word' id='word_1_50' title='bbox 410 972 554 1013; x_wconf 89' lang='lat' dir='ltr'><em>coronam</em></span> <span class='ocrx_word' id='word_1_51' title='bbox 569 953 618 1013; x_wconf 85' lang='lat' dir='ltr'><em>cet</em></span> <span class='ocrx_word' id='word_1_52' title='bbox 625 972 793 1033; x_wconf 81' lang='lat' dir='ltr'><em>personam</em></span> <span class='ocrx_word' id='word_1_53' title='bbox 808 951 980 1032; x_wconf 82' lang='lat' dir='ltr'><em>defendere.</em></span> <span class='ocrx_word' id='word_1_54' title='bbox 1003 958 1033 1017; x_wconf 85' lang='grc'><em>9.</em></span> <span class='ocrx_word' id='word_1_55' title='bbox 1050 954 1118 1015; x_wconf 89' lang='lat' dir='ltr'><em>Nec</em></span> <span class='ocrx_word' id='word_1_56' title='bbox 1133 955 1229 1017; x_wconf 83' lang='lat' dir='ltr'><em>initas</em></span> <span class='ocrx_word' id='word_1_57' title='bbox 1244 963 1353 1019; x_wconf 84' lang='lat' dir='ltr'><em>cantra</em></span> 
     </span>
     <span class='ocr_line' id='line_1_8' title="bbox 248 1055 1350 1141; baseline 0.005 -24"><span class='ocrx_word' id='word_1_58' title='bbox 248 1055 396 1136; x_wconf 85' lang='lat' dir='ltr'><em>Rempnb.</em></span> <span class='ocrx_word' id='word_1_59' title='bbox 416 1057 645 1137; x_wconf 75' lang='lat' dir='ltr'><em>carp&#39;nratianes</em></span> <span class='ocrx_word' id='word_1_60' title='bbox 660 1056 810 1137; x_wconf 65' lang='lat' dir='ltr'><em>detegere.</em></span> <span class='ocrx_word' id='word_1_61' title='bbox 857 1058 908 1119; x_wconf 90' lang='lat'><em>10.</em></span> <span class='ocrx_word' id='word_1_62' title='bbox 934 1059 1082 1134; x_wconf 84' lang='lat' dir='ltr'><em>Sedima,</em></span> <span class='ocrx_word' id='word_1_63' title='bbox 1098 1060 1221 1140; x_wconf 83' lang='lat' dir='ltr'><em>impune</em></span> <span class='ocrx_word' id='word_1_64' title='bbox 1230 1059 1285 1141; x_wconf 85' lang='lat' dir='ltr'><em>ses</em></span> <span class='ocrx_word' id='word_1_65' title='bbox 1298 1063 1350 1138; x_wconf 84' lang='lat' dir='ltr'><em>sit,</em></span> 
     </span>
     <span class='ocr_line' id='line_1_9' title="bbox 248 1158 1352 1244; baseline 0.005 -23"><span class='ocrx_word' id='word_1_66' title='bbox 248 1158 372 1221; x_wconf 79' lang='lat' dir='ltr'><em>subdita</em></span> <span class='ocrx_word' id='word_1_67' title='bbox 394 1161 428 1221; x_wconf 91' lang='lat' dir='ltr'><em>in</em></span> <span class='ocrx_word' id='word_1_68' title='bbox 443 1160 624 1240; x_wconf 79' lang='lat' dir='ltr'><em>Principem</em></span> <span class='ocrx_word' id='word_1_69' title='bbox 643 1180 755 1222; x_wconf 84' lang='lat' dir='ltr'><em>manae</em></span> <span class='ocrx_word' id='word_1_70' title='bbox 774 1160 900 1240; x_wconf 84' lang='lat' dir='ltr'><em>inferre,</em></span> <span class='ocrx_word' id='word_1_71' title='bbox 917 1168 960 1238; x_wconf 92' lang='lat' dir='ltr'><em>et,</em></span> <span class='ocrx_word' id='word_1_72' title='bbox 977 1161 1061 1243; x_wconf 90' lang='lat' dir='ltr'><em>quod</em></span> <span class='ocrx_word' id='word_1_73' title='bbox 1077 1182 1180 1244; x_wconf 86' lang='lat' dir='ltr'><em>nuper</em></span> <span class='ocrx_word' id='word_1_74' title='bbox 1194 1162 1229 1224; x_wconf 92' lang='lat' dir='ltr'><em>in</em></span> <span class='ocrx_word' id='word_1_75' title='bbox 1245 1163 1352 1227; x_wconf 82' lang='lat' dir='ltr'><em>Gallia</em></span> 
     </span>
     <span class='ocr_line' id='line_1_10' title="bbox 140 1261 1351 1348; baseline 0.002 -22"><span class='ocrx_word' id='word_1_76' title='bbox 140 1265 184 1327; x_wconf 81' lang='lat'><em>58</em></span> <span class='ocrx_word' id='word_1_77' title='bbox 249 1261 434 1325; x_wconf 87' lang='lat' dir='ltr'><em>bisfactum</em></span> <span class='ocrx_word' id='word_1_78' title='bbox 450 1271 509 1340; x_wconf 91' lang='lat' dir='ltr'><em>est,</em></span> <span class='ocrx_word' id='word_1_79' title='bbox 526 1264 618 1325; x_wconf 88' lang='lat' dir='ltr'><em>tertia</em></span> <span class='ocrx_word' id='word_1_80' title='bbox 633 1265 727 1325; x_wconf 88' lang='lat' dir='ltr'><em>etiam</em></span> <span class='ocrx_word' id='word_1_81' title='bbox 743 1261 880 1343; x_wconf 83' lang='lat' dir='ltr'><em>secere.b</em></span> <span class='ocrx_word' id='word_1_82' title='bbox 926 1264 991 1342; x_wconf 90' lang='lat' dir='ltr'><em>An,</em></span> <span class='ocrx_word' id='word_1_83' title='bbox 1008 1265 1110 1327; x_wconf 89' lang='lat' dir='ltr'><em>decem</em></span> <span class='ocrx_word' id='word_1_84' title='bbox 1125 1267 1198 1343; x_wconf 75' lang='lat' dir='ltr'><em>ttae,</em></span> <span class='ocrx_word' id='word_1_85' title='bbox 1217 1268 1351 1348; x_wconf 84' lang='lat' dir='ltr'><em>propria</em></span> 
     </span>
     <span class='ocr_line' id='line_1_11' title="bbox 251 1365 1349 1448; baseline 0.004 -20"><span class='ocrx_word' id='word_1_86' title='bbox 251 1365 333 1448; x_wconf 84' lang='lat' dir='ltr'><em>Regi</em></span> <span class='ocrx_word' id='word_1_87' title='bbox 349 1373 468 1443; x_wconf 89' lang='lat' dir='ltr'><em>nostro,</em></span> <span class='ocrx_word' id='word_1_88' title='bbox 484 1365 614 1448; x_wconf 82' lang='lat' dir='ltr'><em>reliquis</em></span> <span class='ocrx_word' id='word_1_89' title='bbox 630 1367 801 1429; x_wconf 83' lang='lat' dir='ltr'><em>communia</em></span> <span class='ocrx_word' id='word_1_90' title='bbox 816 1388 883 1429; x_wconf 89' lang='lat' dir='ltr'><em>uon</em></span> <span class='ocrx_word' id='word_1_91' title='bbox 900 1369 1000 1430; x_wconf 83' lang='lat' dir='ltr'><em>sunt?</em></span> <span class='ocrx_word' id='word_1_92' title='bbox 1023 1368 1137 1430; x_wconf 89' lang='lat' dir='ltr'><em>Decem</em></span> <span class='ocrx_word' id='word_1_93' title='bbox 1153 1379 1261 1432; x_wconf 85' lang='lat' dir='ltr'><em>autem</em></span> <span class='ocrx_word' id='word_1_94' title='bbox 1276 1371 1349 1447; x_wconf 80' lang='lat' dir='ltr'><em>trac,</em></span> 
     </span>
     <span class='ocr_line' id='line_1_12' title="bbox 250 1468 985 1552; baseline 0.003 -21"><span class='ocrx_word' id='word_1_95' title='bbox 250 1469 276 1531; x_wconf 81' lang='lat' dir='ltr'><em>si</em></span> <span class='ocrx_word' id='word_1_96' title='bbox 291 1491 388 1552; x_wconf 87' lang='lat' dir='ltr'><em>penes</em></span> <span class='ocrx_word' id='word_1_97' title='bbox 400 1472 521 1551; x_wconf 80' lang='lat' dir='ltr'><em>Papam</em></span> <span class='ocrx_word' id='word_1_98' title='bbox 537 1469 611 1545; x_wconf 90' lang='lat' dir='ltr'><em>sint,</em></span> <span class='ocrx_word' id='word_1_99' title='bbox 627 1468 751 1531; x_wconf 88' lang='lat' dir='ltr'>nihilne</span> <span class='ocrx_word' id='word_1_100' title='bbox 767 1468 807 1531; x_wconf 90' lang='lat' dir='ltr'><em>ad</em></span> <span class='ocrx_word' id='word_1_101' title='bbox 823 1469 985 1552; x_wconf 87' lang='lat' dir='ltr'><em>reliquos?</em></span> 
     </span>
    </p>

    <p class='ocr_par' dir='ltr' id='par_1_3' title="bbox 33 1566 1352 2273">
     <span class='ocr_line' id='line_1_13' title="bbox 33 1566 1348 1662; baseline 0.002 -29"><span class='ocrx_word' id='word_1_102' title='bbox 33 1566 37 1573; x_wconf 75' lang='grc'>’</span> <span class='ocrx_word' id='word_1_103' title='bbox 99 1585 238 1662; x_wconf 70' lang='lat' dir='ltr'><em>nansolius</em></span> <span class='ocrx_word' id='word_1_104' title='bbox 296 1571 432 1635; x_wconf 86' lang='lat' dir='ltr'><em>Utinam</em></span> <span class='ocrx_word' id='word_1_105' title='bbox 455 1592 531 1653; x_wconf 84' lang='lat' dir='ltr'><em>ergo</em></span> <span class='ocrx_word' id='word_1_106' title='bbox 546 1570 664 1634; x_wconf 82' lang='lat' dir='ltr'><em>Caesari</em></span> <span class='ocrx_word' id='word_1_107' title='bbox 686 1570 756 1654; x_wconf 89' lang='lat' dir='ltr'><em>quis</em></span> <span class='ocrx_word' id='word_1_108' title='bbox 780 1572 899 1634; x_wconf 84' lang='lat' dir='ltr'><em>reserat</em></span> <span class='ocrx_word' id='word_1_109' title='bbox 921 1572 993 1650; x_wconf 91' lang='lat' dir='ltr'><em>hoc,</em></span> <span class='ocrx_word' id='word_1_110' title='bbox 1010 1580 1042 1636; x_wconf 91' lang='lat' dir='ltr'><em>et</em></span> <span class='ocrx_word' id='word_1_111' title='bbox 1058 1572 1260 1655; x_wconf 81' lang='lat' dir='ltr'>Principibus</span> <span class='ocrx_word' id='word_1_112' title='bbox 1280 1575 1348 1636; x_wconf 87' lang='lat' dir='ltr'><em>reli·</em></span> 
     </span>
     <span class='ocr_line' id='line_1_14' title="bbox 84 1650 1351 1780; baseline 0.001 -43"><span class='ocrx_word' id='word_1_113' title='bbox 84 1650 199 1780; x_wconf 54' lang='grc' dir='ltr'><em>ἐξὲἰᾞ</em></span> <span class='ocrx_word' id='word_1_114' title='bbox 252 1674 330 1758; x_wconf 75' lang='lat' dir='ltr'><em>quia,</em></span> <span class='ocrx_word' id='word_1_115' title='bbox 358 1696 460 1737; x_wconf 91' lang='lat' dir='ltr'><em>unum</em></span> <span class='ocrx_word' id='word_1_116' title='bbox 483 1674 547 1737; x_wconf 88' lang='lat' dir='ltr'><em>ista</em></span> <span class='ocrx_word' id='word_1_117' title='bbox 576 1673 672 1736; x_wconf 88' lang='lat' dir='ltr'><em>modo</em></span> <span class='ocrx_word' id='word_1_118' title='bbox 697 1675 829 1756; x_wconf 83' lang='lat' dir='ltr'><em>Magnae</em></span> <span class='ocrx_word' id='word_1_119' title='bbox 853 1674 1032 1738; x_wconf 70' lang='lat' dir='ltr'><em>Britannice</em></span> <span class='ocrx_word' id='word_1_120' title='bbox 1057 1677 1177 1758; x_wconf 84' lang='lat' dir='ltr'><em>Regem</em></span> <span class='ocrx_word' id='word_1_121' title='bbox 1203 1676 1351 1739; x_wconf 90' lang='lat' dir='ltr'><em>nonnihil</em></span> 
     </span>
     <span class='ocr_line' id='line_1_15' title="bbox 249 1776 1352 1861; baseline 0.001 -21"><span class='ocrx_word' id='word_1_122' title='bbox 249 1779 426 1861; x_wconf 88' lang='lat' dir='ltr'><em>attingere;</em></span> <span class='ocrx_word' id='word_1_123' title='bbox 450 1777 492 1840; x_wconf 89' lang='lat' dir='ltr'><em>ad</em></span> <span class='ocrx_word' id='word_1_124' title='bbox 513 1779 683 1855; x_wconf 72' lang='lat' dir='ltr'><em>Caesarem,</em></span> <span class='ocrx_word' id='word_1_125' title='bbox 704 1776 745 1840; x_wconf 85' lang='lat' dir='ltr'><em>nd</em></span> <span class='ocrx_word' id='word_1_126' title='bbox 768 1777 907 1860; x_wconf 83' lang='lat' dir='ltr'><em>reliquos</em></span> <span class='ocrx_word' id='word_1_127' title='bbox 933 1777 1108 1861; x_wconf 89' lang='lat' dir='ltr'><em>Principes,</em></span> <span class='ocrx_word' id='word_1_128' title='bbox 1133 1778 1248 1842; x_wconf 88' lang='lat' dir='ltr'><em>horum</em></span> <span class='ocrx_word' id='word_1_129' title='bbox 1270 1779 1352 1841; x_wconf 91' lang='lat' dir='ltr'><em>nihil</em></span> 
     </span>
     <span class='ocr_line' id='line_1_16' title="bbox 249 1880 1352 1964; baseline 0.002 -21"><span class='ocrx_word' id='word_1_130' title='bbox 249 1881 394 1943; x_wconf 81' lang='lat' dir='ltr'><em>attinere.</em></span> <span class='ocrx_word' id='word_1_131' title='bbox 440 1881 552 1943; x_wconf 86' lang='lat' dir='ltr'><em>Licere</em></span> <span class='ocrx_word' id='word_1_132' title='bbox 572 1880 649 1957; x_wconf 88' lang='lat' dir='ltr'><em>haee,</em></span> <span class='ocrx_word' id='word_1_133' title='bbox 666 1887 747 1957; x_wconf 89' lang='lat' dir='ltr'><em>tuto,</em></span> <span class='ocrx_word' id='word_1_134' title='bbox 764 1886 835 1942; x_wconf 91' lang='lat' dir='ltr'><em>tum</em></span> <span class='ocrx_word' id='word_1_135' title='bbox 856 1880 988 1962; x_wconf 86' lang='lat' dir='ltr'><em>opinari,</em></span> <span class='ocrx_word' id='word_1_136' title='bbox 1006 1888 1077 1943; x_wconf 93' lang='lat' dir='ltr'><em>tum</em></span> <span class='ocrx_word' id='word_1_137' title='bbox 1095 1881 1162 1963; x_wconf 85' lang='lat' dir='ltr'><em>(ubi</em></span> <span class='ocrx_word' id='word_1_138' title='bbox 1184 1882 1276 1964; x_wconf 88' lang='lat' dir='ltr'><em>signo</em></span> <span class='ocrx_word' id='word_1_139' title='bbox 1292 1882 1352 1945; x_wconf 91' lang='lat' dir='ltr'><em>hoe</em></span> 
     </span>
     <span class='ocr_line' id='line_1_17' title="bbox 248 1982 1351 2067; baseline 0 -20"><span class='ocrx_word' id='word_1_140' title='bbox 248 1984 397 2047; x_wconf 84' lang='lat' dir='ltr'><em>Pontifex</em></span> <span class='ocrx_word' id='word_1_141' title='bbox 423 1984 542 2066; x_wconf 86' lang='lat' dir='ltr'><em>innuit)</em></span> <span class='ocrx_word' id='word_1_142' title='bbox 568 1984 602 2045; x_wconf 91' lang='lat' dir='ltr'><em>iu</em></span> <span class='ocrx_word' id='word_1_143' title='bbox 623 1982 737 2065; x_wconf 75' lang='lat' dir='ltr'><em>peusin</em></span> <span class='ocrx_word' id='word_1_144' title='bbox 759 1982 934 2046; x_wconf 86' lang='lat' dir='ltr'><em>deducere:</em></span> <span class='ocrx_word' id='word_1_145' title='bbox 958 2004 1078 2061; x_wconf 73' lang='lat' dir='ltr'><em>verum,</em></span> <span class='ocrx_word' id='word_1_146' title='bbox 1099 2005 1257 2067; x_wconf 84' lang='lat' dir='ltr'><em>nusquam</em></span> <span class='ocrx_word' id='word_1_147' title='bbox 1280 1985 1351 2061; x_wconf 91' lang='lat' dir='ltr'><em>hoc,</em></span> 
     </span>
     <span class='ocr_line' id='line_1_18' title="bbox 248 2085 1352 2169; baseline 0 -20"><span class='ocrx_word' id='word_1_148' title='bbox 248 2086 310 2149; x_wconf 81' lang='lat' dir='ltr'><em>nisi</em></span> <span class='ocrx_word' id='word_1_149' title='bbox 334 2086 369 2148; x_wconf 90' lang='lat' dir='ltr'><em>iu</em></span> <span class='ocrx_word' id='word_1_150' title='bbox 392 2087 572 2149; x_wconf 87' lang='lat' dir='ltr'><em>Britannia.</em></span> <span class='ocrx_word' id='word_1_151' title='bbox 598 2085 730 2148; x_wconf 82' lang='lat' dir='ltr'><em>Refernt</em></span> <span class='ocrx_word' id='word_1_152' title='bbox 748 2085 904 2168; x_wconf 78' lang='lat' dir='ltr'><em>(inquam)</em></span> <span class='ocrx_word' id='word_1_153' title='bbox 923 2085 984 2148; x_wconf 91' lang='lat' dir='ltr'><em>hoc</em></span> <span class='ocrx_word' id='word_1_154' title='bbox 1000 2085 1128 2164; x_wconf 86' lang='lat' dir='ltr'><em>Caesari,</em></span> <span class='ocrx_word' id='word_1_155' title='bbox 1146 2086 1352 2169; x_wconf 86' lang='lat' dir='ltr'><em>Regibusqne</em></span> 
     </span>
     <span class='ocr_line' id='line_1_19' title="bbox 248 2188 1349 2273; baseline -0.002 -21"><span class='ocrx_word' id='word_1_156' title='bbox 248 2189 378 2273; x_wconf 88' lang='lat' dir='ltr'><em>reliquis</em></span> <span class='ocrx_word' id='word_1_157' title='bbox 389 2214 399 2266; x_wconf 64' lang='grc' dir='ltr'><strong><em>ς</em></strong></span> <span class='ocrx_word' id='word_1_158' title='bbox 429 2189 538 2253; x_wconf 83' lang='lat' dir='ltr'><em>credat</em></span> <span class='ocrx_word' id='word_1_159' title='bbox 563 2188 625 2251; x_wconf 90' lang='lat' dir='ltr'><em>hoe</em></span> <span class='ocrx_word' id='word_1_160' title='bbox 649 2188 780 2252; x_wconf 73' lang='lat' dir='ltr'><em>Ceasar?</em></span> <span class='ocrx_word' id='word_1_161' title='bbox 812 2188 945 2251; x_wconf 85' lang='lat' dir='ltr'><em>credant</em></span> <span class='ocrx_word' id='word_1_162' title='bbox 970 2189 1100 2269; x_wconf 81' lang='lat' dir='ltr'><em>Reges?</em></span> <span class='ocrx_word' id='word_1_163' title='bbox 1136 2189 1349 2267; x_wconf 85' lang='lat' dir='ltr'><em>Cardinalem,</em></span> 
     </span>
    </p>

    <p class='ocr_par' dir='ltr' id='par_1_4' title="bbox 249 2290 1133 2375">
     <span class='ocr_line' id='line_1_20' title="bbox 249 2290 1133 2375; baseline -0.001 -21"><span class='ocrx_word' id='word_1_164' title='bbox 249 2293 304 2375; x_wconf 88' lang='lat' dir='ltr'><em>qni</em></span> <span class='ocrx_word' id='word_1_165' title='bbox 319 2293 365 2355; x_wconf 89' lang='lat' dir='ltr'><em>ita</em></span> <span class='ocrx_word' id='word_1_166' title='bbox 380 2292 525 2355; x_wconf 87' lang='lat' dir='ltr'><em>credulos</em></span> <span class='ocrx_word' id='word_1_167' title='bbox 540 2313 594 2355; x_wconf 93' lang='lat' dir='ltr'><em>eos</em></span> <span class='ocrx_word' id='word_1_168' title='bbox 610 2291 729 2367; x_wconf 88' lang='lat' dir='ltr'><em>credat,</em></span> <span class='ocrx_word' id='word_1_169' title='bbox 746 2290 880 2354; x_wconf 85' lang='lat' dir='ltr'><em>delirare</em></span> <span class='ocrx_word' id='word_1_170' title='bbox 895 2313 961 2353; x_wconf 90' lang='lat' dir='ltr'><em>non</em></span> <span class='ocrx_word' id='word_1_171' title='bbox 977 2291 1133 2354; x_wconf 78' lang='lat' dir='ltr'><em>credaut?</em></span> 
     </span>
    </p>

    <p class='ocr_par' dir='ltr' id='par_1_5' title="bbox 249 2394 1351 3201">
     <span class='ocr_line' id='line_1_21' title="bbox 293 2394 1351 2478; baseline -0.001 -19"><span class='ocrx_word' id='word_1_172' title='bbox 293 2397 376 2459; x_wconf 72' lang='lat' dir='ltr'><em>&#39;hun</em></span> <span class='ocrx_word' id='word_1_173' title='bbox 400 2395 426 2457; x_wconf 93' lang='lat' dir='ltr'><em>si</em></span> <span class='ocrx_word' id='word_1_174' title='bbox 446 2396 556 2478; x_wconf 82' lang='lat' dir='ltr'><em>jurare</em></span> <span class='ocrx_word' id='word_1_175' title='bbox 572 2394 649 2457; x_wconf 75' lang='lat' dir='ltr'><em>velit</em></span> <span class='ocrx_word' id='word_1_176' title='bbox 664 2396 779 2470; x_wconf 63' lang='lat' dir='ltr'><em>Caesar,</em></span> <span class='ocrx_word' id='word_1_177' title='bbox 796 2394 821 2456; x_wconf 91' lang='lat' dir='ltr'><em>si</em></span> <span class='ocrx_word' id='word_1_178' title='bbox 840 2416 952 2457; x_wconf 86' lang='lat' dir='ltr'><em>eorum</em></span> <span class='ocrx_word' id='word_1_179' title='bbox 968 2395 1049 2477; x_wconf 88' lang='lat' dir='ltr'><em>quis,</em></span> <span class='ocrx_word' id='word_1_180' title='bbox 1066 2394 1211 2457; x_wconf 89' lang='lat' dir='ltr'><em>subditos</em></span> <span class='ocrx_word' id='word_1_181' title='bbox 1227 2417 1301 2457; x_wconf 90' lang='lat' dir='ltr'><em>suos</em></span> <span class='ocrx_word' id='word_1_182' title='bbox 1316 2396 1351 2458; x_wconf 91' lang='lat' dir='ltr'><em>in</em></span> 
     </span>
     <span class='ocr_line' id='line_1_22' title="bbox 249 2497 1350 2581; baseline -0.001 -20"><span class='ocrx_word' id='word_1_183' title='bbox 249 2499 354 2580; x_wconf 82' lang='lat' dir='ltr'><em>capita</em></span> <span class='ocrx_word' id='word_1_184' title='bbox 364 2498 443 2574; x_wconf 86' lang='lat' dir='ltr'><em>haee,</em></span> <span class='ocrx_word' id='word_1_185' title='bbox 463 2500 533 2579; x_wconf 85' lang='lat' dir='ltr'><em>(nce</em></span> <span class='ocrx_word' id='word_1_186' title='bbox 548 2498 611 2560; x_wconf 85' lang='lat' dir='ltr'><em>alia</em></span> <span class='ocrx_word' id='word_1_187' title='bbox 623 2497 800 2560; x_wconf 76' lang='lat' dir='ltr'><em>duramenti</em></span> <span class='ocrx_word' id='word_1_188' title='bbox 816 2497 909 2580; x_wconf 79' lang='lat' dir='ltr'><em>Regii</em></span> <span class='ocrx_word' id='word_1_189' title='bbox 925 2497 1029 2579; x_wconf 86' lang='lat' dir='ltr'><em>capita</em></span> <span class='ocrx_word' id='word_1_190' title='bbox 1044 2498 1132 2579; x_wconf 88' lang='lat' dir='ltr'><em>suut)</em></span> <span class='ocrx_word' id='word_1_191' title='bbox 1150 2518 1209 2560; x_wconf 87' lang='lat' dir='ltr'><em>nee</em></span> <span class='ocrx_word' id='word_1_192' title='bbox 1225 2497 1256 2559; x_wconf 92' lang='lat' dir='ltr'><em>id</em></span> <span class='ocrx_word' id='word_1_193' title='bbox 1267 2497 1350 2581; x_wconf 87' lang='lat' dir='ltr'><em>juris</em></span> 
     </span>
     <span class='ocr_line' id='line_1_23' title="bbox 250 2600 1351 2682; baseline -0.002 -18"><span class='ocrx_word' id='word_1_194' title='bbox 250 2602 368 2665; x_wconf 87' lang='lat' dir='ltr'><em>habere</em></span> <span class='ocrx_word' id='word_1_195' title='bbox 384 2602 516 2682; x_wconf 82' lang='lat' dir='ltr'><em>Papam,</em></span> <span class='ocrx_word' id='word_1_196' title='bbox 532 2606 567 2662; x_wconf 85' lang='lat' dir='ltr'><em>nt</em></span> <span class='ocrx_word' id='word_1_197' title='bbox 590 2601 693 2662; x_wconf 87' lang='lat' dir='ltr'><em>decem</em></span> <span class='ocrx_word' id='word_1_198' title='bbox 715 2602 779 2662; x_wconf 81' lang='lat' dir='ltr'><em>trec</em></span> <span class='ocrx_word' id='word_1_199' title='bbox 801 2600 898 2662; x_wconf 82' lang='lat' dir='ltr'><em>faeiat</em></span> <span class='ocrx_word' id='word_1_200' title='bbox 907 2627 917 2677; x_wconf 81' lang='lat'><em>3</em></span> <span class='ocrx_word' id='word_1_201' title='bbox 940 2600 1119 2663; x_wconf 82' lang='lat' dir='ltr'><em>intercedat</em></span> <span class='ocrx_word' id='word_1_202' title='bbox 1135 2608 1243 2664; x_wconf 89' lang='lat' dir='ltr'><em>autem</em></span> <span class='ocrx_word' id='word_1_203' title='bbox 1260 2602 1351 2681; x_wconf 88' lang='lat' dir='ltr'><em>Papa</em></span> 
     </span>
     <span class='ocr_line' id='line_1_24' title="bbox 250 2703 1350 2786; baseline -0.002 -18"><span class='ocrx_word' id='word_1_204' title='bbox 250 2727 317 2769; x_wconf 90' lang='lat' dir='ltr'><em>non</em></span> <span class='ocrx_word' id='word_1_205' title='bbox 333 2727 401 2768; x_wconf 87' lang='lat' dir='ltr'><em>csse</em></span> <span class='ocrx_word' id='word_1_206' title='bbox 417 2705 466 2768; x_wconf 92' lang='lat' dir='ltr'><em>vel</em></span> <span class='ocrx_word' id='word_1_207' title='bbox 483 2705 599 2768; x_wconf 82' lang='lat' dir='ltr'><em>Caesaui</em></span> <span class='ocrx_word' id='word_1_208' title='bbox 617 2704 718 2766; x_wconf 83' lang='lat' dir='ltr'><em>illisve</em></span> <span class='ocrx_word' id='word_1_209' title='bbox 741 2711 933 2786; x_wconf 85' lang='lat' dir='ltr'><em>potestatem</em></span> <span class='ocrx_word' id='word_1_210' title='bbox 956 2704 1132 2781; x_wconf 87' lang='lat' dir='ltr'><em>deferendi,</em></span> <span class='ocrx_word' id='word_1_211' title='bbox 1149 2704 1198 2766; x_wconf 82' lang='lat' dir='ltr'><em>vel</em></span> <span class='ocrx_word' id='word_1_212' title='bbox 1214 2703 1350 2766; x_wconf 87' lang='lat' dir='ltr'><em>subditis</em></span> 
     </span>
     <span class='ocr_line' id='line_1_25' title="bbox 250 2807 1348 2892; baseline -0.002 -21"><span class='ocrx_word' id='word_1_213' title='bbox 250 2809 444 2892; x_wconf 69' lang='lat' dir='ltr'><em>praestandi,</em></span> <span class='ocrx_word' id='word_1_214' title='bbox 468 2809 528 2872; x_wconf 88' lang='lat' dir='ltr'>sibi</span> <span class='ocrx_word' id='word_1_215' title='bbox 550 2829 625 2871; x_wconf 75' lang='lat' dir='ltr'><em>vero</em></span> <span class='ocrx_word' id='word_1_216' title='bbox 648 2808 872 2870; x_wconf 84' lang='lat' dir='ltr'><em>auctoritatem</em></span> <span class='ocrx_word' id='word_1_217' title='bbox 892 2807 1021 2889; x_wconf 89' lang='lat' dir='ltr'><em>plenam</em></span> <span class='ocrx_word' id='word_1_218' title='bbox 1043 2829 1123 2886; x_wconf 87' lang='lat' dir='ltr'><em>csse,</em></span> <span class='ocrx_word' id='word_1_219' title='bbox 1152 2809 1204 2887; x_wconf 90' lang='lat' dir='ltr'><em>(ue</em></span> <span class='ocrx_word' id='word_1_220' title='bbox 1224 2808 1348 2890; x_wconf 82' lang='lat' dir='ltr'><em>jurent)</em></span> 
     </span>
     <span class='ocr_line' id='line_1_26' title="bbox 250 2910 1350 2994; baseline -0.004 -19"><span class='ocrx_word' id='word_1_221' title='bbox 250 2913 295 2975; x_wconf 87' lang='lat' dir='ltr'><em>eis</em></span> <span class='ocrx_word' id='word_1_222' title='bbox 309 2912 508 2994; x_wconf 88' lang='lat' dir='ltr'><em>prohibendi,</em></span> <span class='ocrx_word' id='word_1_223' title='bbox 525 2912 574 2974; x_wconf 81' lang='lat' dir='ltr'><em>vel</em></span> <span class='ocrx_word' id='word_1_224' title='bbox 589 2919 627 2974; x_wconf 88' lang='lat' dir='ltr'><em>ut</em></span> <span class='ocrx_word' id='word_1_225' title='bbox 643 2932 739 2973; x_wconf 89' lang='lat' dir='ltr'><em>seusu</em></span> <span class='ocrx_word' id='word_1_226' title='bbox 754 2911 913 2992; x_wconf 70' lang='lat' dir='ltr'><em>aequivoco</em></span> <span class='ocrx_word' id='word_1_227' title='bbox 929 2911 1042 2993; x_wconf 84' lang='lat' dir='ltr'><em>jurent</em></span> <span class='ocrx_word' id='word_1_228' title='bbox 1058 2910 1267 2992; x_wconf 80' lang='lat' dir='ltr'><em>indulgendi3</em></span> <span class='ocrx_word' id='word_1_229' title='bbox 1291 2911 1350 2978; x_wconf 77' lang='lat' dir='ltr'><em>vel.</em></span> 
     </span>
     <span class='ocr_line' id='line_1_27' title="bbox 249 3012 1350 3098; baseline -0.005 -19"><span class='ocrx_word' id='word_1_230' title='bbox 249 3015 306 3079; x_wconf 92' lang='lat' dir='ltr'><em>ubi</em></span> <span class='ocrx_word' id='word_1_231' title='bbox 326 3016 477 3098; x_wconf 82' lang='lat' dir='ltr'><em>jurarunt</em></span> <span class='ocrx_word' id='word_1_232' title='bbox 496 3016 575 3097; x_wconf 89' lang='lat' dir='ltr'><em>jam,</em></span> <span class='ocrx_word' id='word_1_233' title='bbox 596 3014 773 3097; x_wconf 85' lang='lat' dir='ltr'><em>juramenti</em></span> <span class='ocrx_word' id='word_1_234' title='bbox 788 3035 874 3076; x_wconf 85' lang='lat' dir='ltr'><em>nexu</em></span> <span class='ocrx_word' id='word_1_235' title='bbox 888 3012 1063 3076; x_wconf 77' lang='lat' dir='ltr'><em>liberandi:</em></span> <span class='ocrx_word' id='word_1_236' title='bbox 1088 3034 1129 3075; x_wconf 89' lang='lat' dir='ltr'><em>ue</em></span> <span class='ocrx_word' id='word_1_237' title='bbox 1145 3013 1205 3075; x_wconf 91' lang='lat' dir='ltr'><em>hoc</em></span> <span class='ocrx_word' id='word_1_238' title='bbox 1220 3013 1350 3094; x_wconf 87' lang='lat' dir='ltr'><em>quidem</em></span> 
     </span>
     <span class='ocr_line' id='line_1_28' title="bbox 250 3116 1010 3201; baseline -0.004 -21"><span class='ocrx_word' id='word_1_239' title='bbox 250 3118 420 3201; x_wconf 90' lang='lat' dir='ltr'><em>quiequam</em></span> <span class='ocrx_word' id='word_1_240' title='bbox 436 3117 475 3179; x_wconf 90' lang='lat' dir='ltr'><em>ad</em></span> <span class='ocrx_word' id='word_1_241' title='bbox 488 3119 656 3192; x_wconf 74' lang='lat' dir='ltr'><em>Caesarem,</em></span> <span class='ocrx_word' id='word_1_242' title='bbox 673 3116 712 3178; x_wconf 84' lang='lat' dir='ltr'><em>ad</em></span> <span class='ocrx_word' id='word_1_243' title='bbox 730 3118 834 3200; x_wconf 83' lang='lat' dir='ltr'><em>Reges</em></span> <span class='ocrx_word' id='word_1_244' title='bbox 848 3116 1010 3198; x_wconf 85' lang='lat' dir='ltr'><em>reliquos?</em></span> 
     </span>
    </p>

    <p class='ocr_par' dir='ltr' id='par_1_6' title="bbox 240 3216 1350 4126">
     <span class='ocr_line' id='line_1_29' title="bbox 294 3216 1350 3303; baseline -0.008 -18"><span class='ocrx_word' id='word_1_245' title='bbox 294 3221 376 3303; x_wconf 85' lang='lat' dir='ltr'><em>Regi</em></span> <span class='ocrx_word' id='word_1_246' title='bbox 392 3220 522 3303; x_wconf 88' lang='lat' dir='ltr'><em>quidem</em></span> <span class='ocrx_word' id='word_1_247' title='bbox 541 3219 800 3291; x_wconf 83' lang='lat' dir='ltr'><em>nostro,nullun1</em></span> <span class='ocrx_word' id='word_1_248' title='bbox 823 3219 875 3280; x_wconf 88' lang='lat' dir='ltr'><em>hie</em></span> <span class='ocrx_word' id='word_1_249' title='bbox 891 3219 944 3301; x_wconf 89' lang='lat' dir='ltr'><em>jus</em></span> <span class='ocrx_word' id='word_1_250' title='bbox 964 3219 1129 3299; x_wconf 69' lang='lat' dir='ltr'><em>singulare.</em></span> <span class='ocrx_word' id='word_1_251' title='bbox 1178 3217 1265 3293; x_wconf 86' lang='lat' dir='ltr'><em>Idea,</em></span> <span class='ocrx_word' id='word_1_252' title='bbox 1282 3216 1350 3278; x_wconf 80' lang='lat' dir='ltr'><em>lucc</em></span> 
     </span>
     <span class='ocr_line' id='line_1_30' title="bbox 250 3319 1347 3405; baseline -0.005 -18"><span class='ocrx_word' id='word_1_253' title='bbox 250 3326 284 3388; x_wconf 91' lang='lat' dir='ltr'><em>in</em></span> <span class='ocrx_word' id='word_1_254' title='bbox 299 3325 390 3387; x_wconf 84' lang='lat' dir='ltr'><em>iilum</em></span> <span class='ocrx_word' id='word_1_255' title='bbox 412 3324 559 3387; x_wconf 87' lang='lat' dir='ltr'><em>Pontifici</em></span> <span class='ocrx_word' id='word_1_256' title='bbox 575 3345 640 3386; x_wconf 90' lang='lat' dir='ltr'><em>nou</em></span> <span class='ocrx_word' id='word_1_257' title='bbox 663 3323 759 3385; x_wconf 82' lang='lat' dir='ltr'><em>licere</em></span> <span class='ocrx_word' id='word_1_258' title='bbox 776 3322 1026 3405; x_wconf 74' lang='lat' dir='ltr'><em>ju1·umuS,qnia</em></span> <span class='ocrx_word' id='word_1_259' title='bbox 1045 3322 1079 3382; x_wconf 90' lang='lat' dir='ltr'><em>in</em></span> <span class='ocrx_word' id='word_1_260' title='bbox 1099 3321 1225 3382; x_wconf 87' lang='lat' dir='ltr'><em>nullum</em></span> <span class='ocrx_word' id='word_1_261' title='bbox 1240 3319 1347 3382; x_wconf 86' lang='lat' dir='ltr'><em>licent.</em></span> 
     </span>
     <span class='ocr_line' id='line_1_31' title="bbox 249 3423 1349 3509; baseline -0.005 -19"><span class='ocrx_word' id='word_1_262' title='bbox 249 3430 304 3505; x_wconf 89' lang='lat' dir='ltr'><em>Et,</em></span> <span class='ocrx_word' id='word_1_263' title='bbox 320 3428 442 3491; x_wconf 87' lang='lat' dir='ltr'><em>adeone</em></span> <span class='ocrx_word' id='word_1_264' title='bbox 462 3427 582 3490; x_wconf 87' lang='lat' dir='ltr'><em>infelici</em></span> <span class='ocrx_word' id='word_1_265' title='bbox 606 3427 700 3509; x_wconf 88' lang='lat' dir='ltr'><em>genio</em></span> <span class='ocrx_word' id='word_1_266' title='bbox 716 3426 766 3488; x_wconf 77' lang='lat' dir='ltr'><em>vel</em></span> <span class='ocrx_word' id='word_1_267' title='bbox 790 3423 921 3506; x_wconf 84' lang='lat' dir='ltr'><em>ingenio</em></span> <span class='ocrx_word' id='word_1_268' title='bbox 937 3426 1094 3487; x_wconf 70' lang='lat' dir='ltr'><em>Caesarem</em></span> <span class='ocrx_word' id='word_1_269' title='bbox 1116 3430 1148 3485; x_wconf 91' lang='lat' dir='ltr'><em>et</em></span> <span class='ocrx_word' id='word_1_270' title='bbox 1163 3445 1275 3486; x_wconf 87' lang='lat' dir='ltr'><em>omues</em></span> <span class='ocrx_word' id='word_1_271' title='bbox 1291 3445 1349 3504; x_wconf 87' lang='lat' dir='ltr'><em>pu-</em></span> 
     </span>
     <span class='ocr_line' id='line_1_32' title="bbox 249 3527 1349 3614; baseline -0.005 -22"><span class='ocrx_word' id='word_1_272' title='bbox 249 3540 308 3608; x_wconf 89' lang='lat' dir='ltr'><em>tat,</em></span> <span class='ocrx_word' id='word_1_273' title='bbox 324 3539 362 3593; x_wconf 90' lang='lat' dir='ltr'><em>ut</em></span> <span class='ocrx_word' id='word_1_274' title='bbox 376 3532 421 3594; x_wconf 89' lang='lat' dir='ltr'><em>eis</em></span> <span class='ocrx_word' id='word_1_275' title='bbox 437 3530 627 3614; x_wconf 81' lang='lat' dir='ltr'><em>persuadere</em></span> <span class='ocrx_word' id='word_1_276' title='bbox 643 3529 753 3610; x_wconf 84' lang='lat' dir='ltr'><em>possit,</em></span> <span class='ocrx_word' id='word_1_277' title='bbox 764 3528 929 3609; x_wconf 78' lang='lat' dir='ltr'><em>propriam</em></span> <span class='ocrx_word' id='word_1_278' title='bbox 946 3527 1044 3609; x_wconf 86' lang='lat' dir='ltr'><em>Regis</em></span> <span class='ocrx_word' id='word_1_279' title='bbox 1067 3548 1205 3603; x_wconf 85' lang='lat' dir='ltr'><em>eausam,</em></span> <span class='ocrx_word' id='word_1_280' title='bbox 1222 3545 1349 3588; x_wconf 87' lang='lat' dir='ltr'><em>eausam</em></span> 
     </span>
     <span class='ocr_line' id='line_1_33' title="bbox 249 3628 1349 3712; baseline -0.005 -17"><span class='ocrx_word' id='word_1_281' title='bbox 249 3634 302 3696; x_wconf 91' lang='lat' dir='ltr'><em>hie</em></span> <span class='ocrx_word' id='word_1_282' title='bbox 323 3633 467 3695; x_wconf 88' lang='lat' dir='ltr'><em>omnium</em></span> <span class='ocrx_word' id='word_1_283' title='bbox 491 3653 676 3694; x_wconf 75' lang='lat' dir='ltr'><em>contemnem</em></span> <span class='ocrx_word' id='word_1_284' title='bbox 693 3653 760 3694; x_wconf 89' lang='lat' dir='ltr'><em>uon</em></span> <span class='ocrx_word' id='word_1_285' title='bbox 781 3630 857 3712; x_wconf 83' lang='lat' dir='ltr'><em>agi?</em></span> <span class='ocrx_word' id='word_1_286' title='bbox 891 3629 1028 3706; x_wconf 82' lang='lat' dir='ltr'><em>Scilicet,</em></span> <span class='ocrx_word' id='word_1_287' title='bbox 1051 3628 1251 3691; x_wconf 83' lang='lat' dir='ltr'><em>subditorum</em></span> <span class='ocrx_word' id='word_1_288' title='bbox 1273 3628 1349 3689; x_wconf 87' lang='lat' dir='ltr'><em>tide·</em></span> 
     </span>
     <span class='ocr_line' id='line_1_34' title="bbox 249 3730 1350 3817; baseline -0.005 -19"><span class='ocrx_word' id='word_1_289' title='bbox 249 3736 323 3798; x_wconf 90' lang='lat' dir='ltr'><em>litas</em></span> <span class='ocrx_word' id='word_1_290' title='bbox 350 3736 390 3797; x_wconf 84' lang='lat' dir='ltr'><em>ad</em></span> <span class='ocrx_word' id='word_1_291' title='bbox 421 3738 525 3817; x_wconf 85' lang='lat' dir='ltr'><em>Reges</em></span> <span class='ocrx_word' id='word_1_292' title='bbox 551 3736 585 3797; x_wconf 82' lang='lat' dir='ltr'><em>in</em></span> <span class='ocrx_word' id='word_1_293' title='bbox 614 3755 769 3797; x_wconf 73' lang='lat' dir='ltr'><em>conanime</em></span> <span class='ocrx_word' id='word_1_294' title='bbox 795 3755 861 3795; x_wconf 91' lang='lat' dir='ltr'><em>uon</em></span> <span class='ocrx_word' id='word_1_295' title='bbox 888 3732 1039 3814; x_wconf 83' lang='lat' dir='ltr'><em>spectat?</em></span> <span class='ocrx_word' id='word_1_296' title='bbox 1077 3732 1191 3792; x_wconf 85' lang='lat' dir='ltr'><em>Decem</em></span> <span class='ocrx_word' id='word_1_297' title='bbox 1221 3732 1285 3792; x_wconf 80' lang='lat' dir='ltr'><em>trac</em></span> <span class='ocrx_word' id='word_1_298' title='bbox 1311 3730 1350 3792; x_wconf 83' lang='lat' dir='ltr'><em>cd</em></span> 
     </span>
     <span class='ocr_line' id='line_1_35' title="bbox 240 3833 1350 3920; baseline -0.005 -20"><span class='ocrx_word' id='word_1_299' title='bbox 240 3839 428 3919; x_wconf 81' lang='lat' dir='ltr'><em>fidelitatem</em></span> <span class='ocrx_word' id='word_1_300' title='bbox 454 3859 520 3900; x_wconf 90' lang='lat' dir='ltr'><em>nou</em></span> <span class='ocrx_word' id='word_1_301' title='bbox 544 3839 712 3920; x_wconf 86' lang='lat' dir='ltr'><em>spectant?</em></span> <span class='ocrx_word' id='word_1_302' title='bbox 750 3838 976 3910; x_wconf 85' lang='lat' dir='ltr'><em>Jnrarnentnm,</em></span> <span class='ocrx_word' id='word_1_303' title='bbox 1002 3854 1065 3915; x_wconf 90' lang='lat' dir='ltr'><em>quo</em></span> <span class='ocrx_word' id='word_1_304' title='bbox 1095 3840 1249 3895; x_wconf 79' lang='lat' dir='ltr'><em>caventur</em></span> <span class='ocrx_word' id='word_1_305' title='bbox 1271 3833 1350 3910; x_wconf 71' lang='lat' dir='ltr'><em>haec,</em></span> 
     </span>
     <span class='ocr_line' id='line_1_36' title="bbox 240 3936 1350 4022; baseline -0.005 -20"><span class='ocrx_word' id='word_1_306' title='bbox 240 3941 410 4022; x_wconf 85' lang='lat' dir='ltr'><em>fidelitatis</em></span> <span class='ocrx_word' id='word_1_307' title='bbox 415 3942 629 4021; x_wconf 82' lang='lat' dir='ltr'><em>juramentum</em></span> <span class='ocrx_word' id='word_1_308' title='bbox 640 3962 706 4002; x_wconf 89' lang='lat' dir='ltr'><em>nou</em></span> <span class='ocrx_word' id='word_1_309' title='bbox 721 3946 789 4015; x_wconf 77' lang='lat' dir='ltr'><em>est,</em></span> <span class='ocrx_word' id='word_1_310' title='bbox 812 3959 872 4001; x_wconf 90' lang='lat' dir='ltr'><em>neo</em></span> <span class='ocrx_word' id='word_1_311' title='bbox 889 3937 975 3999; x_wconf 79' lang='lat' dir='ltr'><em>saiva</em></span> <span class='ocrx_word' id='word_1_312' title='bbox 989 3936 1192 4014; x_wconf 88' lang='lat' dir='ltr'><em>conscientia,</em></span> <span class='ocrx_word' id='word_1_313' title='bbox 1206 3958 1224 3997; x_wconf 88' lang='lat' dir='ltr'><em>a</em></span> <span class='ocrx_word' id='word_1_314' title='bbox 1239 3937 1350 4017; x_wconf 80' lang='lat' dir='ltr'><em>quovis</em></span> 
     </span>
     <span class='ocr_line' id='line_1_37' title="bbox 248 4042 797 4126; baseline -0.002 -21"><span class='ocrx_word' id='word_1_315' title='bbox 248 4043 336 4106; x_wconf 93' lang='lat' dir='ltr'><em>fideli</em></span> <span class='ocrx_word' id='word_1_316' title='bbox 351 4042 490 4121; x_wconf 90' lang='lat' dir='ltr'><em>subdito,</em></span> <span class='ocrx_word' id='word_1_317' title='bbox 506 4043 652 4125; x_wconf 70' lang='lat' dir='ltr'><em>praestari</em></span> <span class='ocrx_word' id='word_1_318' title='bbox 666 4042 797 4126; x_wconf 88' lang='lat' dir='ltr'><em>potest?</em></span> 
     </span>
    </p>

    <p class='ocr_par' dir='ltr' id='par_1_7' title="bbox 46 4140 1351 4363">
     <span class='ocr_line' id='line_1_38' title="bbox 86 4140 1349 4285; baseline -0.015 -65"><span class='ocrx_word' id='word_1_319' title='bbox 86 4168 229 4285; x_wconf 56' lang='lat' dir='ltr'><em>qnogmats</em></span> <span class='ocrx_word' id='word_1_320' title='bbox 291 4146 380 4212; x_wconf 80' lang='lat' dir='ltr'><em>Audi</em></span> <span class='ocrx_word' id='word_1_321' title='bbox 399 4168 490 4210; x_wconf 86' lang='lat' dir='ltr'><em>vero:</em></span> <span class='ocrx_word' id='word_1_322' title='bbox 514 4146 556 4209; x_wconf 88' lang='lat' dir='ltr'><em>ad</em></span> <span class='ocrx_word' id='word_1_323' title='bbox 578 4145 767 4208; x_wconf 86' lang='lat' dir='ltr'><em>fidelitatem</em></span> <span class='ocrx_word' id='word_1_324' title='bbox 791 4150 924 4227; x_wconf 87' lang='lat' dir='ltr'><em>spectat,</em></span> <span class='ocrx_word' id='word_1_325' title='bbox 939 4163 1006 4204; x_wconf 90' lang='lat' dir='ltr'><em>nou</em></span> <span class='ocrx_word' id='word_1_326' title='bbox 1031 4140 1211 4204; x_wconf 83' lang='lat' dir='ltr'><em>Britannici</em></span> <span class='ocrx_word' id='word_1_327' title='bbox 1234 4142 1349 4219; x_wconf 87' lang='lat' dir='ltr'><em>solum,</em></span> 
     </span>
     <span class='ocr_line' id='line_1_39' title="bbox 46 4232 1351 4363; baseline -0.007 -50"><span class='ocrx_word' id='word_1_328' title='bbox 46 4288 49 4295; x_wconf 95' lang='lat'>·</span> <span class='ocrx_word' id='word_1_329' title='bbox 86 4232 221 4363; x_wconf 46' lang='lat'><em>&#39;‘2223“</em></span> <span class='ocrx_word' id='word_1_330' title='bbox 249 4250 305 4314; x_wconf 90' lang='lat' dir='ltr'><em>sed</em></span> <span class='ocrx_word' id='word_1_331' title='bbox 327 4249 466 4334; x_wconf 84' lang='lat' dir='ltr'><em>cujusvis</em></span> <span class='ocrx_word' id='word_1_332' title='bbox 486 4248 617 4325; x_wconf 89' lang='lat' dir='ltr'><em>subditi,</em></span> <span class='ocrx_word' id='word_1_333' title='bbox 633 4269 697 4311; x_wconf 91' lang='lat' dir='ltr'><em>uon</em></span> <span class='ocrx_word' id='word_1_334' title='bbox 720 4247 803 4310; x_wconf 84' lang='lat' dir='ltr'><em>ferre</em></span> <span class='ocrx_word' id='word_1_335' title='bbox 824 4267 1016 4329; x_wconf 82' lang='lat' dir='ltr'><em>quenquam,</em></span> <span class='ocrx_word' id='word_1_336' title='bbox 1040 4245 1094 4326; x_wconf 92' lang='lat' dir='ltr'><em>qui</em></span> <span class='ocrx_word' id='word_1_337' title='bbox 1119 4247 1148 4305; x_wconf 90' lang='lat'><em>1.</em></span> <span class='ocrx_word' id='word_1_338' title='bbox 1173 4244 1351 4324; x_wconf 84' lang='lat' dir='ltr'><em>Principem</em></span> 
     </span>
    </p>
   </div>
   <div class='ocr_carea' id='block_1_3' title="bbox 85 4358 1351 4454">
    <p class='ocr_par' dir='ltr' id='par_1_8' title="bbox 85 4358 1351 4454">
     <span class='ocr_line' id='line_1_40' title="bbox 85 4358 1351 4454; baseline -0.004 -21"><span class='ocrx_word' id='word_1_339' title='bbox 85 4358 231 4425; x_wconf 66' lang='lat' dir='ltr'><em>menna]</em></span> <span class='ocrx_word' id='word_1_340' title='bbox 286 4384 301 4454; x_wconf 37' lang='grc' dir='ltr'><em>,ι</em></span> <span class='ocrx_word' id='word_1_341' title='bbox 329 4385 378 4452; x_wconf 66' lang='lat' dir='ltr'><em>[ne</em></span> <span class='ocrx_word' id='word_1_342' title='bbox 406 4384 474 4434; x_wconf 65' lang='lat' dir='ltr'><em>caue</em></span> <span class='ocrx_word' id='word_1_343' title='bbox 505 4382 611 4432; x_wconf 73' lang='lat' dir='ltr'><em>uenae</em></span> <span class='ocrx_word' id='word_1_344' title='bbox 636 4380 684 4431; x_wconf 77' lang='lat' dir='ltr'><em>nt.</em></span> <span class='ocrx_word' id='word_1_345' title='bbox 718 4382 777 4431; x_wconf 77' lang='lat' dir='ltr'><em>van</em></span> <span class='ocrx_word' id='word_1_346' title='bbox 822 4381 926 4431; x_wconf 72' lang='lat' dir='ltr'><em>nenne</em></span> <span class='ocrx_word' id='word_1_347' title='bbox 950 4380 995 4428; x_wconf 76' lang='lat' dir='ltr'><em>iv.</em></span> <span class='ocrx_word' id='word_1_348' title='bbox 1019 4379 1081 4429; x_wconf 70' lang='lat' dir='ltr'><em>aaa</em></span> <span class='ocrx_word' id='word_1_349' title='bbox 1105 4380 1148 4429; x_wconf 74' lang='lat' dir='ltr'><em>un.</em></span> <span class='ocrx_word' id='word_1_350' title='bbox 1173 4381 1221 4428; x_wconf 69' lang='lat' dir='ltr'><em>cxi.</em></span> <span class='ocrx_word' id='word_1_351' title='bbox 1240 4395 1291 4442; x_wconf 71' lang='lat' dir='ltr'><em>cap.</em></span> <span class='ocrx_word' id='word_1_352' title='bbox 1312 4383 1351 4428; x_wconf 75' lang='lat' dir='ltr'><em>is.</em></span> 
     </span>
    </p>
   </div>
   <div class='ocr_carea' id='block_1_4' title="bbox 79 4444 1129 4640">
    <p class='ocr_par' dir='ltr' id='par_1_9' title="bbox 79 4444 1129 4640">
     <span class='ocr_line' id='line_1_41' title="bbox 251 4444 1129 4511; baseline -0.013 -9"><span class='ocrx_word' id='word_1_353' title='bbox 251 4452 348 4501; x_wconf 74' lang='lat' dir='ltr'><em>Thoan.</em></span> <span class='ocrx_word' id='word_1_354' title='bbox 361 4449 431 4499; x_wconf 70' lang='lat' dir='ltr'><em>Hinc</em></span> <span class='ocrx_word' id='word_1_355' title='bbox 441 4448 487 4499; x_wconf 88' lang='lat' dir='ltr'>lib.</span> <span class='ocrx_word' id='word_1_356' title='bbox 499 4451 565 4497; x_wconf 79' lang='lat' dir='ltr'><em>xcvi.</em></span> <span class='ocrx_word' id='word_1_357' title='bbox 576 4462 630 4511; x_wconf 81' lang='lat' dir='ltr'><em>cap.</em></span> <span class='ocrx_word' id='word_1_358' title='bbox 638 4450 658 4498; x_wconf 82' lang='lat'><em>8.</em></span> <span class='ocrx_word' id='word_1_359' title='bbox 673 4455 733 4497; x_wconf 87' lang='lat' dir='ltr'><em>tom.</em></span> <span class='ocrx_word' id='word_1_360' title='bbox 743 4449 776 4496; x_wconf 76' lang='lat' dir='ltr'><em>iv.</em></span> <span class='ocrx_word' id='word_1_361' title='bbox 823 4453 882 4495; x_wconf 86' lang='lat' dir='ltr'><em>tom.</em></span> <span class='ocrx_word' id='word_1_362' title='bbox 893 4461 915 4495; x_wconf 80' lang='lat' dir='ltr'><em>v.</em></span> <span class='ocrx_word' id='word_1_363' title='bbox 928 4460 969 4508; x_wconf 84' lang='lat' dir='ltr'><em>pp.</em></span> <span class='ocrx_word' id='word_1_364' title='bbox 981 4444 1129 4508; x_wconf 61' lang='lat' dir='ltr'><em>ets-449]</em></span> 
     </span>
     <span class='ocr_line' id='line_1_42' title="bbox 79 4486 779 4640; baseline -0.02 -65"><span class='ocrx_word' id='word_1_365' title='bbox 79 4486 150 4640; x_wconf 60' lang='grc' dir='ltr'>ι</span> <span class='ocrx_word' id='word_1_366' title='bbox 240 4530 286 4579; x_wconf 74' lang='lat' dir='ltr'><em>pp.</em></span> <span class='ocrx_word' id='word_1_367' title='bbox 301 4518 355 4575; x_wconf 77' lang='lat'><em>763,</em></span> <span class='ocrx_word' id='word_1_368' title='bbox 372 4515 436 4571; x_wconf 71' lang='lat' dir='ltr'><em>tot,</em></span> <span class='ocrx_word' id='word_1_369' title='bbox 456 4519 482 4562; x_wconf 89' lang='lat' dir='ltr'><em>et</em></span> <span class='ocrx_word' id='word_1_370' title='bbox 504 4512 633 4563; x_wconf 82' lang='lat' dir='ltr'><em>demente</em></span> <span class='ocrx_word' id='word_1_371' title='bbox 653 4512 779 4561; x_wconf 78' lang='lat' dir='ltr'><em>intentato</em></span> 
     </span>
    </p>
   </div>
   <div class='ocr_carea' id='block_1_5' title="bbox 0 0 1461 4926">
    <p class='ocr_par' dir='ltr' id='par_1_10' title="bbox 0 0 1461 4926">
     <span class='ocr_line' id='line_1_43' title="bbox 0 0 1461 4926; baseline 0 0"><span class='ocrx_word' id='word_1_372' title='bbox 0 0 1461 4926; x_wconf 95' lang='lat' dir='ltr'><em> </em></span> 
     </span>
    </p>
   </div>
  </div>
 </body>
</html>
