2910 4926
225 259 289 322 xxii
684 273 727 322 m
749 275 866 323 aroma

225 430 419 512 desererent)
437 431 537 494 semel
552 432 652 512 stylita
669 432 783 513 Raptus
797 431 979 512 Mcjcstatic
997 431 1078 512 aaa,
1094 438 1190 516 atque
1204 432 1322 496 iterum

224 533 355 611 vacarit,
380 533 458 596 satis
483 533 544 597 boc
568 540 601 598 et
616 534 758 598 'luorum
783 532 939 597 desiderio
960 542 993 598 et
1016 536 1137 599 Rerum
1161 534 1321 618 dignitati

226 636 402 719 Utriusque
416 637 462 700 'lb
477 636 586 720 gloriae
601 636 790 719 participem
805 636 893 700 videt
911 639 1110 701 Christianus
1123 636 1230 717 Orbis,
1250 639 1322 720 (nec

223 747 339 820 praeter
357 740 398 802 Te
413 742 536 823 Regem
551 739 663 822 alium)
679 739 826 819 deiensae,
842 761 909 803 non
925 760 1020 824 opere
1034 742 1148 821 solum,
1165 741 1221 806 sed
1236 742 1322 826 stylo

223 841 320 905 etiam
336 842 519 925 MaJcstatis
532 843 658 925 Repete:
681 842 726 905 Et
740 843 809 907 haec
826 851 946 922 nostra,
961 843 998 907 in
1016 844 1057 907 Tc
1072 845 1171 927 Rege,
1185 843 1321 908 felicitas

223 952 281 1024 est,
297 967 393 1029 quem
412 948 494 1031 (quae
514 945 592 1011 olim
615 968 742 1010 summa
764 946 862 1030 Regis
883 946 996 1030 gloria)
1015 945 1125 1027 μυθῶν
1139 971 1176 1011 τε
1188 945 1319 1033 ῥητῆρα,

223 1048 430 1128 admiramur,
445 1051 614 1136 πρηκτῆρα
627 1074 664 1113 τε
678 1047 805 1136 ἔργων’.
1064 1046 1067 1051 ’

266 1152 404 1218 Quando
419 1159 538 1231 autem,
554 1152 595 1217 ad
611 1153 807 1217 Scholastica
820 1172 872 1215 res
883 1152 953 1236 jam
967 1151 1064 1216 rediit
1076 1159 1109 1215 et
1120 1150 1320 1217 velitatioues

221 1262 365 1331 nostras;
391 1277 448 1320 cur
470 1256 638 1340 negotium
659 1255 720 1319 sibi
743 1276 838 1339 porro
860 1255 915 1319 det
934 1255 1091 1336 Majcstas
1109 1256 1201 1318 lica?
1221 1255 1320 1318 relin-

221 1365 299 1441 quat
327 1359 396 1424 haee
428 1359 551 1422 Scholis
580 1359 741 1442 agitanda.
788 1357 852 1422 Sed
880 1377 985 1440 neque
1018 1357 1083 1421 tuis
1112 1358 1165 1421 hic
1193 1357 1320 1421 lacertis

224 1460 371 1525 Cuaeave
390 1483 469 1544 opus
479 1488 488 1540 3
511 1461 655 1526 molliore
674 1460 805 1525 brachio
826 1481 878 1525 res
902 1460 955 1544 agi
979 1461 1107 1544 poterit
1152 1461 1216 1524 Vel
1230 1460 1319 1524 enirn

219 1561 255 1626 in
269 1563 332 1627 ista
345 1586 411 1628 non
426 1564 574 1629 incubuit
589 1565 768 1630 cardinalis
783 1564 884 1642 serio;
908 1565 958 1627 vel
972 1571 1096 1628 veteres
1110 1564 1140 1629 ei
1155 1563 1236 1628 vires
1250 1584 1318 1628 non

218 1667 425 1750 respondent.
471 1669 594 1732 Locum
615 1676 701 1733 certe
715 1669 768 1732 vix
788 1666 951 1750 relinquit,
967 1667 1002 1730 in
1026 1688 1090 1750 quo
1109 1688 1224 1751 nervos
1246 1666 1318 1749 quis

218 1777 353 1848 exserat,
368 1771 416 1835 ita
429 1772 531 1836 cutim
550 1771 585 1835 in
600 1772 759 1856 plerisque
773 1771 826 1835 vix
847 1770 1047 1853 perstringit.
1091 1770 1201 1834 Telum
1216 1769 1317 1852 igitur

217 1878 310 1936 tanta
324 1873 495 1955 Majcstatc
516 1874 684 1958 indignam
707 1880 877 1958 pertexant
901 1873 966 1952 alii,
989 1880 1023 1937 et
1047 1894 1119 1956 quae
1142 1880 1316 1954 utrumque

214 1975 283 2058 jam
319 1978 482 2061 Scriptum
512 1979 618 2042 Tuum
648 1978 865 2055 circumvolat,
895 1976 1080 2040 Muccurum
1107 1974 1230 2068 nubem
1258 1977 1317 2039 alii

217 2078 359 2164 abigant,
373 2103 459 2160 voce,
479 2083 573 2166 style,
596 2081 848 2165 argumentis.-

434 2214 471 2266 'lu
483 2231 568 2279 regere
579 2217 686 2281 imperio
697 2219 777 2267 terras
789 2215 853 2278 (Rex
863 2214 965 2280 mma)
976 2219 1112 2265 memento.

434 2296 537 2347 Parcere
546 2297 672 2362 subjectis,
683 2303 710 2348 et
721 2297 846 2348 debellare
855 2297 981 2361 superbos.

432 2377 483 2428 Hae
495 2379 553 2428 'l'ibi
563 2385 638 2429 amnt
648 2383 739 2440 artes¹¹,

215 2493 310 2557 Hanc
330 2515 450 2571 curam,
467 2517 562 2577 quam
586 2494 787 2578 amplecteris
808 2495 895 2558 bono
916 2494 1054 2577 publice,
1075 2514 1214 2572 oramus,
1231 2501 1311 2558 stre·

211 2596 282 2679 pitu
304 2598 423 2661 Scholae
437 2600 619 2681 AEqaivocae
643 2621 685 2662 ne
707 2599 792 2662 sinas
813 2599 949 2661 ulterius
970 2597 1176 2680 interpellari.
1223 2599 1311 2662 Dum

211 2700 314 2778 nobis,
330 2722 369 2764 ex
390 2701 448 2764 lite
470 2701 518 2780 lis,
542 2724 581 2765 ex
604 2701 824 2784 Responsione
848 2701 1025 2784 Responsio
1046 2701 1216 2777 incumbit,
1233 2700 1311 2763 dum

209 2824 267 2886 per
295 2805 482 2867 Adversarii
514 2805 744 2870 declinationes
775 2826 795 2868 a
823 2825 920 2867 causa
948 2803 1098 2880 maxima,
1123 2803 1163 2866 ad
1192 2804 1312 2867 leviora

210 2905 345 2969 subinde
361 2907 424 2970 alia
440 2914 537 2991 atque
555 2909 627 2985 alia,
643 2907 800 2970 divertere
822 2907 985 2989 cogimur3
1009 2905 1130 2988 nequid
1151 2905 1205 2970 hie
1226 2907 1311 2969 tanti

210 3008 282 3072 Tibi
298 3009 350 3085 sit,
362 3015 399 3072 ut
415 3010 534 3093 stylum
547 3010 685 3092 Regium
699 3010 818 3072 iterum
833 3008 874 3071 ad
888 3009 951 3071 ista
965 3008 1155 3091 distringas3
1178 3008 1307 3092 nequid,

208 3119 247 3173 ut
269 3111 410 3194 pretiosa
432 3121 490 3175 tua
510 3119 656 3195 tempora
677 3120 829 3189 moretur,
853 3112 1066 3175 obsecramus.
1112 3113 1171 3174 Sat
1193 3112 1264 3191 erit,
1282 3112 1308 3175 si

207 3214 353 3296 legendis
382 3214 621 3279 velitationibus
646 3216 773 3294 nostris,
799 3224 833 3279 et
857 3215 946 3298 quasi
973 3214 1012 3277 de
1041 3215 1161 3292 littore,
1186 3216 1308 3299 prospi-

207 3317 330 3380 ciendis
352 3318 520 3400 reciprocis
541 3318 831 3382 contradicentium
847 3318 1031 3396 assultibus,
1047 3317 1134 3382 horae
1150 3318 1221 3382 Tibi
1237 3342 1306 3383 sur-

206 3421 345 3503 reptitiae
360 3421 445 3484 euris
460 3422 644 3505 majoribus,
662 3430 864 3504 supererunt.

250 3522 303 3585 Ad
322 3525 418 3586 licam
437 3545 511 3588 vero
534 3525 668 3587 Sacram
689 3525 901 3607 Majcstalem,
917 3525 1009 3608 cujus
1023 3524 1163 3588 victoriae
1186 3525 1307 3589 insisti·

206 3646 288 3702 mus,
315 3629 407 3710 cujus
437 3627 587 3711 reliquias
616 3629 848 3711 prosequimur,
873 3627 1024 3710 quicquid
1047 3628 1108 3692 hoc
1138 3636 1195 3707 est,
1221 3628 1306 3712 quod

206 3729 346 3793 secundo
368 3730 437 3813 jam
458 3729 499 3792 ad
520 3731 745 3793 Bellcrminum
762 3733 962 3794 Ea-Torlum
986 3731 1183 3813 reponimus,
1207 3733 1305 3814 gestit

206 3852 240 3894 se
262 3833 409 3915 recipere.
456 3833 530 3896 'libi
551 3832 686 3897 debetur
699 3834 761 3898 hoe
776 3843 893 3912 totum,
909 3835 987 3898 'l'uis
1002 3835 1163 3915 Auspiciis
1178 3856 1304 3919 suseep-

204 3941 286 4013 tum,
304 3935 381 3998 Tuis
400 3936 539 4018 aeslipiis
561 3936 602 3999 ad
622 3938 720 4000 finem
743 3938 944 4020 perductum,
961 3938 1067 4001 Tuum
1082 3938 1143 4002 sibi
1161 3939 1305 4004 lbtelarc

204 4038 325 4102 Nomen
338 4039 477 4103 libenter
491 4039 673 4123 praetendit.
711 4043 869 4125 Expertus
884 4041 919 4104 in
938 4042 1031 4104 Torta
1046 4043 1175 4104 Retcrto
1191 4043 1305 4107 Patro-

203 4165 283 4207 num
298 4152 364 4207 tam
379 4145 565 4228 benignum,
578 4154 645 4210 tam
658 4167 784 4230 aequnm
797 4146 817 4208 J
818 4145 963 4210 adicem:
985 4145 1154 4210 audentior
1169 4146 1303 4211 eandem

204 4247 414 4311 Serenieaimoe
429 4255 488 4311 tae
503 4250 687 4331 Majeaata
701 4250 906 4314 clementiam
930 4249 1056 4314 accedo.
1102 4251 1209 4316 Quam
1224 4251 1302 4314 laci-

198 4348 267 4415 lem
290 4350 400 4429 venias,
423 4352 498 4430 Illa,
522 4353 563 4414 Tc
584 4352 715 4430 invenit,
741 4360 808 4415 tam
835 4353 963 4415 facilem
988 4360 1021 4416 et
1044 4353 1112 4416 haec
1132 4354 1302 4434 Responsio

95 4502 174 4639 E·
298 4484 415 4549 amam.
427 4485 457 4535 11.
468 4487 503 4535 rx.
516 4485 583 4551 aa]
786 4539 790 4551 ,
851 4490 961 4554 apag.
976 4490 1031 4539 ¹ann.
1045 4492 1077 4540 a.
1091 4491 1208 4554 sar-sa
