2910 4926
436 286 618 335 immonis
640 287 824 336 nrsrousro.
1122 276 1185 338 139

81 433 215 522 videtur,
231 464 327 528 quem
344 442 414 508 haec
435 465 511 508 vero
531 445 703 527 lanpuidc!
746 444 886 509 Videtur
901 444 1030 528 quidem
1051 448 1186 510 retinere

83 569 149 612 non
164 568 256 632 posse
266 547 441 628 paritatem
456 569 557 625 suam,
574 546 702 612 videtur
720 554 832 612 temen
850 569 922 613 eam
944 549 1084 614 libenter
1098 551 1185 614 nolle

83 652 250 714 dimittere.
294 650 339 712 Et
364 649 426 713 hoe
450 671 546 733 quam
572 671 640 714 non
662 650 825 735 sapientis,
852 651 1009 717 dimittere
1029 652 1064 717 id
1087 653 1184 732 nolle,

84 752 170 837 quod
184 773 324 837 nequeas
337 753 496 815 retinere?

115 889 189 948 Quod
199 888 272 940 addit
279 887 342 949 Rex,
350 887 495 939 cardinales
506 889 664 953 presbyteros
675 894 701 941 et
707 889 831 941 Diaconos
841 890 977 954 aliquando
988 891 1099 944 minores
1109 892 1186 944 tuisse

148 973 281 1037 Episcopis
291 987 343 1023 non
354 971 536 1030 Cardinalibus
548 988 634 1023 verum
649 977 692 1027 est
712 1010 718 1023 .
736 1010 743 1024 .
760 1009 766 1024 .
785 974 850 1032 Quia
859 974 910 1038 ipsi
921 989 1019 1039 quoque
1030 975 1062 1024 ad
1074 975 1186 1027 Concilio

148 1054 262 1105 Romam
272 1055 432 1116 vocabantur,
443 1059 469 1105 et
479 1055 602 1104 nobiliore
613 1056 667 1105 loeo
678 1055 806 1116 sedebant,
817 1070 893 1119 quam
905 1055 1046 1118 Presbyteri
1059 1060 1085 1106 et
1096 1057 1184 1106 Disco

148 1137 176 1186 ni
189 1135 341 1196 Cardiuales,
353 1136 415 1186 olim
426 1136 504 1186 etism
515 1135 547 1185 ad
558 1136 706 1186 electionem
718 1136 850 1186 Pontificio
867 1136 1185 1201 admittebantur—[lien.

148 1217 223 1281 Apol.
235 1231 281 1281 pro
290 1216 376 1281 Respl
387 1232 411 1281 p.
423 1219 461 1268 39.
474 1217 542 1282 [Op.,
553 1221 615 1266 tom.
624 1217 668 1266 rii.
680 1217 726 1267 ool.
739 1219 794 1269 726.
807 1216 849 1281 D.]

127 1325 244 1408 Neque
266 1325 301 1388 id
322 1324 368 1388 ibi
391 1323 486 1388 modo
509 1323 589 1387 dixit
613 1325 692 1403 Rex,
709 1323 895 1390 Cardinsles
917 1324 1135 1410 Presbyteros,
1151 1332 1184 1390 et
1198 1334 1308 1401 [llpiseo

83 1428 255 1505 Diaconos,
277 1427 417 1491 minores
433 1426 604 1509 aliquando
625 1426 724 1491 fuisse
738 1427 905 1513 Episcopis
935 1449 1002 1492 non
1026 1425 1183 1493 Cardine·
1198 1401 1323 1517 ffiilffi

82 1533 186 1597 libus:
210 1532 266 1596 sed
281 1553 319 1595 ex
335 1531 457 1596 Christi
471 1537 581 1595 mente
593 1538 625 1594 et
635 1532 864 1615 Apostolorum
878 1531 1086 1596 institutione
1101 1533 1181 1616 ipsa,
1196 1530 1248 1645 ξω
1260 1531 1329 1581 Pecs

83 1635 243 1699 minorem
265 1635 480 1698 Diaconetum
499 1633 746 1718 Presbyteretu:
770 1641 944 1718 utrumque
958 1642 1068 1699 autem
1090 1636 1183 1721 Epis·
1196 1600 1315 1711 „mm

84 1745 212 1823 copatu.
256 1737 328 1801 Nee
347 1737 451 1800 ullum
466 1736 518 1800 hic
533 1757 622 1799 reum
637 1737 773 1800 obtinere
786 1759 889 1822 posse,
905 1759 965 1801 nec
982 1738 1065 1802 ullos
1080 1739 1183 1802 Jnrie·
1196 1726 1269 1789 ΒΜ
1279 1724 1339 1789 est]

84 1842 240 1904 cormettes
253 1839 463 1918 intercedere,
480 1839 675 1923 quominus,
694 1861 772 1922 quos
786 1840 935 1904 Christus
950 1841 1061 1920 voluit,
1075 1842 1182 1926 jussit,

83 1944 250 2008 interiores
266 1965 345 2022 esse,
364 1942 532 2007 inferiores
555 1950 587 2007 et
604 1944 678 2020 sint,
694 1951 727 2007 et
742 1943 932 2007 habeantur.
979 1945 1027 2008 Ut
1043 1965 1081 2007 cx
1096 1966 1184 2027 pres-

84 2048 199 2134 bytero
222 2047 294 2132 quis
319 2047 423 2130 (adde,
439 2048 466 2110 si
488 2048 583 2125 voles,
601 2054 633 2111 et
656 2047 837 2129 Cordiuale)
862 2048 1039 2131 Episcopus
1062 2049 1129 2126 fist,
1151 2047 1186 2111 id

83 2174 160 2217 vero
174 2153 327 2217 Ecclesiee
340 2152 467 2235 legibus
483 2160 751 2215 consentaneum:
775 2159 813 2215 ut
828 2158 937 2215 eutem
953 2173 992 2215 ex
1015 2152 1185 2235 Episcopo,

84 2256 253 2342 presbyter
267 2256 318 2319 vel
342 2255 531 2331 Cardinolis‚
547 2254 612 2317 vim
633 2255 668 2317 in
686 2276 724 2319 eo
745 2255 816 2318 fieri
838 2254 955 2318 divinae
975 2253 1186 2332 institutioni,

84 2360 203 2445 gradus
218 2361 367 2444 perverti,
383 2359 529 2422 ordinem
546 2358 711 2437 confundi,
727 2365 760 2423 et
781 2379 855 2422 cum
875 2358 1025 2422 Patribus
1040 2358 1075 2421 in
1090 2358 1187 2422 Chal-

84 2463 258 2527 cedonensi
283 2463 436 2541 Concilio,
452 2463 646 2546 Episcopum
661 2462 696 2524 in
711 2460 891 2546 presbyteri
911 2461 1045 2545 gradum
1062 2461 1187 2540 deduci,

83 2564 119 2630 id
133 2587 208 2630 vero
222 2567 419 2648 socrilepiem
434 2563 442 2604 ¹
457 2586 535 2629 esse.
582 2564 646 2629 Sed
662 2564 707 2629 sic
721 2571 832 2628 tamen
851 2565 997 2647 caeritepi
1012 2571 1090 2627 sunt
1104 2564 1189 2628 Pon·

83 2667 197 2747 tifioes,
223 2669 292 2753 jam
321 2669 396 2731 inde
428 2668 468 2731 eb
491 2690 529 2732 eo
551 2674 695 2752 tempore
718 2689 780 2751 quo
804 2667 972 2751 depressus
998 2668 1187 2751 Imperator,

85 2777 182 2854 atque
204 2771 304 2854 ipsius
327 2771 475 2835 manibus
490 2778 600 2854 erepta
619 2777 772 2855 potestas,
792 2776 864 2833 tum
881 2770 1025 2835 Concilio
1040 2770 1187 2853 eogendi,

83 2882 156 2937 tum
172 2875 344 2939 Pontifices
360 2874 508 2958 eligendi.
533 2873 660 2940 Quibus
673 2895 749 2937 vcro
760 2874 815 2957 jus
832 2873 919 2952 olim,
935 2880 973 2935 ut
989 2874 1033 2935 ad
1049 2874 1167 2936 Concit'

83 2983 279 3055 vocarentur,
301 2986 339 3041 ut
355 2980 420 3041 toeo
436 2978 581 3041 nobiliori
594 2978 746 3054 rederent,
761 2982 798 3039 ut
822 2976 867 3039 od
886 2977 1063 3040 electionem
1078 2977 1189 3039 Ponti-

77 3080 153 3162 fieis
167 3081 415 3159 admitterentur,
428 3080 542 3163 ecquid
557 3102 596 3144 ex
605 3081 765 3161 Apostolo,
781 3099 820 3142 ex
832 3079 993 3156 Patribus,
1006 3099 1046 3142 cx
1061 3080 1189 3160 antiqno

84 3191 118 3248 et
133 3206 208 3248 vero
230 3185 383 3248 Ecclesiae
396 3186 473 3266 jure
496 3183 601 3247 afferri
625 3188 741 3267 potest,
758 3202 816 3246 cur
830 3182 974 3263 hocjnre
988 3181 1115 3264 privari,
1132 3203 1190 3245 cur

85 3287 128 3350 ad
141 3287 222 3350 illud
237 3287 341 3371 primo
356 3308 483 3370 quoque
504 3293 649 3369 tempore
670 3283 798 3348 restitui
817 3305 884 3347 non
906 3284 1071 3348 debeant?
1116 3284 1189 3348 Nec

83 3391 119 3455 id
134 3392 262 3471 mirum,
278 3414 424 3456 curcum
442 3393 503 3455 soli
520 3393 589 3475 jam
605 3389 681 3467 sint,
698 3388 760 3452 sibi
774 3388 836 3451 hoc
850 3394 1017 3451 assumant
1026 3413 1036 3466 3
1059 3386 1188 3451 sedeur

85 3498 147 3558 soli
174 3517 244 3559 esse
268 3495 416 3574 debeant,
437 3503 475 3559 ut
500 3496 562 3559 hoc
584 3493 707 3577 possint
730 3512 902 3555 assumere.
948 3492 1015 3555 Cur
1028 3511 1103 3554 vero
1118 3491 1188 3575 jam

85 3600 204 3663 daret?
247 3601 340 3662 Nibil
360 3602 441 3662 enim
467 3600 640 3681 dipritatis,
665 3603 720 3659 out
737 3596 988 3677 preeminentioe,
1015 3595 1188 3677 antiquitus

85 3705 229 3786 cuiquam
244 3703 350 3782 dabat,
366 3724 432 3767 esse
450 3703 687 3766 Cardinolemm.

118 3847 208 3911 Neque
221 3849 283 3913 [leg.
294 3849 361 3912 non]
381 3853 466 3898 tomen
483 3853 522 3897 est
536 3861 632 3906 verum,
645 3844 712 3910 quod
729 3845 777 3895 boc
794 3845 849 3907 loeo
865 3843 955 3894 scribit
965 3841 1028 3903 Rex,
1040 3840 1189 3894 Cardlnsles

150 3945 208 3979 cum
223 3930 346 3980 Pontificc
362 3930 434 3992 iungi
451 3929 505 3978 viee
517 3927 688 3978 Consiliorum
704 3927 869 3990 generalium,
881 3929 908 3976 ot
926 3924 983 3974 ideo
999 3939 1073 3974 usum
1089 3939 1189 3987 genera

150 4012 214 4061 lium
233 4012 404 4062 Consiliorum
423 4012 526 4076 penitus
548 4010 693 4060 exolevisse.
727 4009 794 4059 Nam
812 4024 844 4059 ex
861 4023 911 4071 quo
927 4011 1040 4071 tempore
1058 4010 1190 4072 eoepcrunt

151 4092 296 4144 Curdiuales
307 4108 337 4144 es
347 4093 487 4143 eminentis
498 4091 627 4152 excellere,
640 4105 689 4154 qua
699 4105 767 4140 nunc
778 4089 914 4151 excellunt,
925 4088 1015 4140 habita
1030 4093 1091 4138 sunt
1107 4088 1190 4139 mults

151 4173 264 4226 Concilio
276 4174 416 4235 Generalis,
427 4175 475 4224 tria
488 4173 674 4233 belemensis,
685 4171 735 4222 duo
748 4171 934 4235 Lugdunensis,
947 4186 1026 4220 unum
1037 4169 1189 4228 viennense,

118 4375 125 4409 ¹
149 4377 235 4442 [Cone.
255 4379 356 4476 Chulcl'¹
373 4381 435 4431 Can.
454 4382 525 4430 xxix.
549 4379 618 4445 [vide
662 4384 688 4429 et
704 4380 789 4457 Disco.
820 4377 936 4441 Cordiu]
955 4393 979 4442 p.
992 4379 1031 4428 30.
1049 4376 1085 4442 [p.
1100 4377 1140 4426 66.
1157 4373 1190 4426 ad

87 4447 272 4573 memdiuilil
285 4445 424 4574 illiniin]
441 4508 473 4560 de
485 4509 554 4575 Epis.
567 4509 617 4560 rit.
661 4444 801 4509 “10AEle
851 4442 983 4506 aponi]
