2910 4926
277 266 342 327 318
593 280 636 329 sn
658 282 850 332 eunomium
872 284 1071 335 emmanu

277 435 360 519 qnod
377 436 433 514 sic,
448 436 567 520 pabulo
581 436 740 521 neglecto,
756 440 942 519 accurrerit,
960 439 1048 524 qnod
1061 446 1131 504 tam
1143 439 1314 505 humiliter
1325 438 1381 505 de·

275 539 436 604 sotionem
452 538 643 619 exhibuerit,
661 542 746 624 quod
761 550 831 606 tam
845 542 1051 627 disciplinate
1065 543 1204 607 membra
1218 545 1359 608 moon-it

310 692 381 744 idom
394 694 463 744 enlm
475 692 621 753 Deneseolt.
700 695 745 759 qui
761 694 822 745 tecit
837 699 959 746 utracess
975 695 1034 746 serre
1046 694 1105 761 [lep.
1116 694 1200 761 fato]
1211 696 1382 749 stindomiln

341 776 453 827 dimissis
475 776 563 827 vitulis
585 778 640 827 sine
665 779 718 828 ullo
743 777 847 828 Restare
871 792 955 828 croam
981 778 1031 828 Dei
1060 777 1115 844 [lep.
1141 776 1259 845 Domini]
1280 778 1381 831 torrent

343 860 355 909 l
368 858 429 922 llog.
441 858 582 926 rt-[Boll
593 859 669 924 Apol.
679 874 725 924 pro
734 858 819 925 usn]
831 874 856 924 p.
868 863 924 911 las.
949 859 1019 925 [Op.,
1030 864 1095 913 tom.
1104 861 1148 911 rit
1160 861 1207 911 ool.
1217 861 1274 914 779.
1286 861 1333 926 1).]

114 986 245 1053 [turneio
332 975 395 1039 Sed
424 996 484 1039 nec
513 977 666 1039 indomita
694 977 789 1059 Equo
818 977 898 1055 haec,
931 984 969 1042 ut
1003 978 1141 1042 Voccc:
1178 999 1244 1062 quo
1272 978 1381 1044 minus

113 1056 247 1186 fflss]
278 1079 405 1143 mirum.
451 1078 602 1143 Vidimus
624 1080 710 1144 enim
733 1080 998 1145 condoceiactum
1018 1080 1073 1145 hic
1087 1080 1173 1165 apud
1187 1102 1248 1145 nos
1262 1102 1381 1166 eqmm

278 1182 382 1260 multi,
399 1181 454 1265 qui
477 1182 569 1265 signo
592 1182 677 1261 dato,
697 1183 737 1247 de
758 1183 905 1266 genibus,
923 1204 1146 1267 quemcunque
1167 1185 1332 1250 innuisset
1352 1185 1382 1250 ei

278 1284 449 1362 Dominus,
465 1284 633 1349 confestim
656 1286 829 1365 adorasset,
845 1287 927 1351 citra
942 1294 1053 1350 tamen
1068 1286 1260 1351 miraculum
1275 1308 1380 1353 omne.

157 1388 223 1451 230
279 1387 377 1453 Ibant
398 1390 506 1453 Vacca
524 1412 630 1455 arcam
647 1390 797 1469 ferentes,
813 1392 906 1456 ibant
930 1390 1051 1455 relictis
1064 1390 1175 1455 vitulis
1192 1391 1260 1456 suis
1277 1393 1380 1476 mugi-

278 1500 381 1570 entes,
396 1492 488 1558 ibant
503 1502 601 1573 recta,
616 1515 677 1558 nec
692 1495 815 1558 domita
830 1502 952 1573 tamen,
969 1516 1030 1558 nec
1045 1493 1147 1559 docta
1161 1495 1257 1558 viam
1288 1494 1382 1559 Nihil
1411 1570 1416 1577 Ι

278 1594 332 1660 hic
362 1596 514 1660 dootrinae
544 1596 751 1676 contrarium,
781 1597 864 1661 nihil
891 1597 954 1661 nisi
982 1597 1080 1663 verbo
1111 1597 1174 1663 Dei
1202 1619 1381 1681 congruum

278 1699 432 1783 inprimis.
478 1700 637 1764 Naturam
661 1722 832 1784 quamque,
858 1701 910 1765 vel
934 1701 1120 1778 belluinam,
1145 1700 1241 1784 dirigi
1266 1700 1308 1765 sb
1332 1722 1380 1781 eo,

279 1803 334 1887 qui
356 1812 480 1867 naturae
504 1824 571 1867 suae
597 1803 712 1893 cuique
736 1811 849 1867 auctor
872 1810 931 1867 est.
977 1803 1109 1867 Monuit
1132 1810 1242 1867 autom
1265 1824 1315 1882 eo,
1332 1804 1382 1869 vel

279 1907 431 1971 lsraelem
450 1909 556 1991 ipsum
576 1908 673 1991 (quod
695 1907 831 1970 totidem
853 1928 936 1991 pone
950 1907 1056 1971 verbis
1071 1907 1226 1991 expressit
1242 1907 1381 1989 Esaias),

277 2014 379 2075 Boves
394 2032 584 2095 cognoscere,
600 2030 781 2093 cognoscere
803 2015 833 2073 et
854 2011 959 2072 asima
974 2029 1116 2091 presepe
1130 2009 1259 2072 Domini
1271 2011 1333 2089 oui,
1348 2016 1382 2073 ot

277 2116 357 2194 illos,
387 2117 514 2197 stirpam
543 2114 708 2196 iqfelicem,
738 2114 839 2176 Deum
867 2113 969 2175 uuum
997 2133 1172 2194 supremum
1201 2113 1349 2195 ipsoram
1361 2118 1381 2178 ⁸.

277 2219 349 2283 Nco
367 2219 413 2283 iro
430 2240 492 2302 quo
513 2218 623 2301 dirigit
631 2243 641 2296 3
664 2239 738 2281 cum
760 2216 868 2280 Vacca
883 2224 994 2280 tamen
1016 2224 1105 2281 recta
1125 2225 1212 2296 eant,
1228 2216 1269 2280 od
1283 2216 1382 2282 desti·

277 2330 392 2386 natum
407 2344 426 2386 a
442 2324 512 2386 Deo
526 2324 619 2385 Arae
634 2321 750 2384 locum.

308 2474 342 2525 Et
350 2476 393 2539 qui
405 2475 472 2535 lacit,
480 2480 510 2524 ut
517 2475 663 2539 jumentum
724 2473 860 2538 aliquando
870 2473 1022 2538 loqueretur,
1030 2479 1056 2524 et
1064 2473 1198 2538 Prophetas
1205 2474 1382 2539 insipientium

341 2557 506 2619 redarguerat.
529 2557 554 2606 N
556 2572 607 2605 um.
619 2556 797 2621 xxii—[Bell.
810 2556 884 2620 Apol.
897 2571 943 2620 pro
959 2556 1046 2620 Resp]
1067 2571 1092 2620 p.
1104 2558 1159 2607 133.
1181 2556 1251 2621 [Op.,
1262 2562 1325 2607 tom.
1337 2557 1383 2606 rii.

341 2639 386 2688 σοι.
400 2640 454 2691 uo.
468 2637 513 2700 n]

115 2751 234 2867 fflffl'w
322 2755 387 2818 Sed
416 2775 521 2837 nequo
551 2754 729 2818 secundum
759 2755 799 2817 (lc
822 2755 924 2816 Asino
949 2753 1110 2835 quadrat3
1147 2752 1330 2834 quadraret,
1355 2751 1382 2814 si

113 2833 264 2931 numanum
277 2858 326 2922 vcl
349 2859 501 2939 Ampelum
522 2859 685 2921 adorasset
707 2859 818 2935 Asina,
835 2857 917 2920 sieut
937 2856 1051 2938 Equo:
1075 2856 1126 2918 vel
1145 2855 1240 2936 Equo
1261 2855 1380 2931 locuta,

114 2948 226 3013 quanm]
277 2963 361 3026 sicut
390 2964 502 3041 Asina,
532 2963 757 3027 haereticorum
795 2961 1053 3024 incredulitatem
1084 2959 1251 3041 arguisset.
1313 2958 1382 3022 Ubi

276 3073 396 3143 tamon,
423 3066 525 3129 nimio
550 3067 623 3149 plus
652 3066 766 3130 tribuit
797 3065 975 3129 Cardinalis
1005 3063 1112 3144 Equo,
1138 3083 1235 3145 quam
1261 3062 1380 3125 Asina

276 3170 384 3231 Asina
399 3179 448 3233 sat
464 3177 542 3246 erat,
555 3169 581 3231 si
597 3175 761 3249 argueret·
784 3169 885 3248 Equae
900 3175 1019 3243 autem,
1036 3186 1102 3228 non
1116 3165 1151 3227 id
1166 3164 1257 3241 satis,
1269 3164 1333 3227 nisi
1348 3173 1382 3228 et

277 3273 493 3355 triumpharet,
518 3272 636 3335 mirum
663 3280 782 3346 autom,
805 3271 840 3332 ni
867 3277 899 3332 et
925 3270 961 3331 Io
983 3269 1082 3330 Paeau
1103 3274 1199 3331 canat
1225 3267 1382 3331 miraculo

276 3376 353 3441 huic
368 3376 466 3458 Eque
488 3376 719 3456 triumphantis.
766 3374 890 3436 Mirum
908 3381 1026 3449 autem,
1044 3371 1128 3454 quod
1151 3370 1197 3434 sic
1218 3371 1266 3451 (ut
1280 3379 1330 3434 est
1345 3371 1382 3433 in

275 3480 397 3561 fabula)
426 3489 577 3544 venerata
597 3479 677 3561 jam,
701 3499 768 3541 non
792 3483 825 3539 et
855 3475 991 3558 gustarit
1018 3474 1058 3537 de
1088 3495 1126 3537 cu
1154 3474 1380 3557 pauxillulum,

276 3584 453 3666 praesertim
476 3603 551 3645 oum
572 3583 685 3665 jejuna
710 3585 794 3643 esset
819 3587 862 3656 et,
888 3577 971 3660 quod
998 3577 1104 3660 majus
1134 3587 1194 3655 est,
1221 3576 1379 3640 famelica.

277 3686 400 3751 Quidni
424 3696 533 3748 autem
562 3684 597 3746 id
621 3683 716 3747 detur
745 3683 902 3764 liceatque
927 3680 1025 3762 Eque
1055 3679 1130 3743 huic
1160 3681 1379 3761 triumphanti,

277 3788 363 3871 quod
383 3808 466 3870 saepe
487 3795 687 3870 compertum
703 3793 752 3849 est
767 3786 863 3847 licere
878 3784 960 3846 muri
975 3783 1175 3864 trepidanti?
1219 3784 1266 3845 At
1283 3782 1381 3865 (quod

277 3898 345 3954 erat
360 3891 502 3954 instituti
518 3890 629 3971 divini)
641 3889 675 3952 in
686 3890 789 3951 Asina
805 3889 954 3969 loquente,
963 3886 1120 3950 habemus
1135 3885 1170 3948 in
1186 3885 1256 3968 ipso
1271 3885 1378 3949 verbo

277 3995 395 4058 Petrus
404 4004 418 4032 ¹¹
433 3994 519 4057 enim
536 3993 705 4058 consilium
718 3991 780 4055 Dei
796 3991 942 4074 explicat,
955 3991 990 4052 in
1005 3991 1112 4052 Asina
1127 4010 1181 4052 ore
1197 3988 1379 4072 aperiendo,

276 4099 410 4162 utillud
426 4098 496 4162 sine
511 4097 610 4162 dubio
625 4118 691 4161 uon
702 4096 800 4159 fuerit
816 4094 969 4158 doctrinae
985 4093 1192 4158 contrarium.

309 4234 343 4283 Et
359 4234 402 4297 qni
415 4233 476 4284 Ceto
494 4234 633 4292 mandavit,
648 4236 677 4281 ut
690 4232 783 4281 Jouam
795 4266 800 4278 .
813 4266 819 4278 .
832 4266 838 4278 .
852 4264 858 4276 .
871 4233 1003 4279 evomeret.
1021 4228 1079 4277 Jon.
1092 4226 1233 4291 ii-[Bell.
1248 4227 1322 4291 llpol.
1333 4243 1379 4292 pro

339 4316 426 4380 Resp]
440 4331 463 4379 ρ.
478 4318 532 4366 134.
549 4314 618 4378 [Op.,
630 4320 689 4363 tom.
703 4313 746 4361 rii.
759 4312 804 4361 ool.
817 4311 872 4362 tto.
885 4310 930 4373 D.]

406 4511 414 4538 ²
431 4506 472 4556 lis.
486 4507 502 4555 i.
516 4511 539 4556 3.
980 4510 991 4529 ¹¹
1009 4499 1181 4550 2Petii.1o.
