2910 4926
263 259 328 321 248
578 276 620 322 nn
643 274 833 323 assumens
854 272 1054 323 samonum

264 446 331 488 non
346 424 406 508 ipsi
420 445 459 488 ex
475 426 605 490 cerebro
616 439 727 491 nostro
742 427 917 491 commenti
931 447 1052 504 sumus,
1061 431 1099 488 ut
1113 415 1371 505 εἰκονολατρείαε

266 528 393 593 Nicens
422 529 571 604 secunda,
599 526 830 615 ἀρτολστρείσς
855 528 1095 594 Lateranensis.
1139 528 1194 605 Et,
1218 547 1262 590 en
1284 523 1371 588 rstio

267 632 457 711 Cardinalis,
473 653 530 696 cur
545 633 735 698 Tridentino
749 639 880 718 praestet
894 634 1058 697 Nicenum
1072 631 1222 715 primum.

300 792 491 855 Chrysostomus
501 829 583 843 .....
601 794 739 844 ‘Frustra’
758 795 850 856 inquit,
868 794 992 843 ‘hebetur
1013 791 1163 855 quotidiana
1186 788 1289 848 oblstio,
1309 800 1369 837 cum

331 888 406 924 nemo
416 875 458 935 sit,
466 876 510 938 qui
522 876 598 924 simul
610 877 746 941 participet
751 876 892 941 es-[sseu.
899 877 974 940 Apol.
984 890 1030 939 pro
1040 873 1126 938 Resp]
1138 888 1163 937 p.
1173 875 1212 923 99.
1225 870 1294 937 [0p,
1305 875 1369 920 tom.

330 955 553 1020 mmmm

104 1088 157 1153 [De
167 1090 245 1140 miss·
309 1070 388 1134 Non
399 1070 498 1135 habet
513 1074 662 1136 novitatis
679 1073 850 1156 quicquam
862 1073 965 1135 Missa
975 1073 1116 1153 privata,
1130 1069 1369 1151 antiquissime

103 1155 202 1218 pm
212 1169 253 1204 ⁰¹·
268 1179 334 1249 est;
348 1175 417 1257 jam
432 1197 533 1258 nsque
549 1199 567 1239 a
583 1177 804 1261 Chrysostomi
819 1177 933 1240 sseculo
950 1178 1020 1258 (nee
1035 1182 1085 1238 est
1097 1173 1248 1237 saeculum
1257 1179 1369 1234 tamen

103 1219 251 1333 sgtiinlffi
267 1276 349 1341 illud
370 1280 641 1362 antiquissimum.)
702 1281 766 1344 Sed
787 1281 1044 1364 Chrysostomus,
1068 1297 1265 1361 umquamne
1286 1274 1369 1338 cele

104 1345 218 1474 ffiry-
267 1378 371 1444 brevit
395 1383 521 1444 musam
538 1384 725 1462 privatam?
769 1385 874 1447 Certe.
922 1383 1063 1448 Questus
1079 1382 1166 1444 enim
1189 1380 1228 1443 de
1250 1376 1370 1462 populo

269 1503 337 1560 suo,
360 1482 463 1546 rarius
487 1484 527 1547 sd
543 1485 814 1549 communionem
830 1484 1011 1548 accedente.
1056 1484 1166 1547 Etiam
1187 1503 1246 1545 nos
1266 1481 1367 1544 inter-

268 1586 346 1649 dum
370 1587 543 1669 querimur,
572 1589 658 1672 apud
687 1610 767 1672 quos
794 1589 929 1650 Missam
946 1588 1109 1668 punctam
1132 1586 1277 1650 venalem
1301 1604 1368 1647 non

268 1689 416 1772 reperias.
463 1691 527 1753 Sed
558 1691 716 1774 numquid
741 1691 782 1754 de
815 1692 903 1753 Clero
933 1691 1053 1753 etiam?
1092 1689 1228 1770 (Glevum
1257 1694 1368 1750 eutem

268 1791 409 1856 habebat
419 1795 655 1875 numerosum).
683 1793 806 1859 Quodsi
820 1795 943 1856 Cleram
952 1793 1012 1857 sibi
1027 1792 1232 1855 assistentem
1241 1789 1367 1867 habuit,

274 1898 318 1978 (et
327 1898 441 1962 habuit
456 1898 681 1979 assistentem)
695 1899 778 1960 male
794 1897 856 1961 fide
871 1897 1004 1961 omnino
1018 1895 1169 1959 intercisa
1183 1901 1259 1958 sunt
1270 1892 1369 1957 verbs

269 2001 333 2079 illa,
341 2000 470 2082 frustra
484 2003 658 2065 assistimus
669 2003 798 2063 Alteri:
814 2000 901 2063 unde
913 2000 1001 2076 scias,
1018 1999 1120 2062 solum
1136 2020 1203 2062 non
1217 1998 1367 2061 astitisse.

271 2106 356 2169 Satis
378 2106 413 2169 in
436 2127 473 2169 eo
496 2106 651 2169 momenti
666 2105 773 2183 firerit,
793 2125 835 2167 ne
850 2103 947 2166 fuerit
961 2105 1092 2184 priuata
1107 2108 1177 2164 tum
1193 2102 1298 2163 Missa
1312 2101 1370 2165 ills

270 2208 501 2292 Clu-ysostomi.
547 2210 597 2273 De
614 2211 730 2290 popolo
745 2208 828 2272 forte
842 2227 948 2284 neme,
972 2213 1005 2269 st
1021 2227 1087 2268 non
1101 2225 1196 2269 nemo
1220 2203 1259 2267 de
1277 2205 1368 2266 Olera

268 2311 316 2374 illi
331 2319 402 2375 turn
418 2312 530 2376 astitit.

303 2464 375 2522 Quod
386 2479 445 2527 ergo
456 2465 520 2515 dicit
531 2466 637 2516 ‘trustes
652 2466 722 2526 lierl,’
736 2466 862 2528 signifieat
872 2465 964 2515 frustra
976 2465 1030 2515 fieri
1041 2465 1069 2514 ln
1082 2464 1169 2514 ordine
1180 2463 1212 2513 ad
1224 2462 1369 2513 Communi·

258 2566 261 2571 ·
334 2550 426 2605 mutes,
438 2561 488 2595 non
500 2583 505 2594 .
519 2583 524 2595 .
538 2547 587 2596 ad
599 2547 688 2596 Deuna
713 2547 823 2611 Optsbst
830 2547 898 2596 enim
907 2547 1105 2609 chrysostomus,
1118 2550 1147 2595 ut
1157 2547 1234 2595 etism
1242 2549 1331 2608 optare
1342 2560 1369 2594 se

334 2625 703 2689 dicituridentinssynoduse.
713 2665 718 2676 .
730 2664 735 2676 .
746 2632 774 2676 ut
783 2628 858 2676 simul
866 2629 995 2677 offerretur
1003 2626 1152 2676 sacrificium
1160 2626 1221 2687 Deo,
1228 2627 1368 2690 etpopulns

333 2708 509 2757 communione
526 2708 783 2773 reficeretur.-[Bell.
802 2709 876 2773 Apol.
894 2725 940 2773 pro
960 2708 1044 2773 Resp]
1062 2725 1086 2772 p.
1096 2711 1149 2757 100.
1168 2709 1234 2772 [Op.,
1250 2709 1367 2758 tomuli.

333 2789 379 2838 col.
392 2790 446 2841 760.
459 2788 498 2852 0.]

312 2904 355 2966 Et
371 2901 500 2983 suestra
525 2905 605 2967 illud
628 2906 706 2988 ejus,
722 2907 755 2968 in
778 2907 886 2968 ordine
909 2906 953 2967 ad
975 2907 1080 2982 laicos,
1097 2927 1163 2968 non
1182 2904 1310 2986 frustra
1334 2907 1368 2968 in

268 3006 377 3068 ordine
399 3008 443 3068 ad
465 3010 643 3071 assistentes
667 3009 727 3072 sibi
751 3010 931 3072 Ministros.
976 3010 1048 3072 Nee
1072 3011 1250 3092 culpandus
1270 3011 1305 3073 in
1329 3032 1368 3075 eo

268 3109 528 3192 Chrysostomus‚
552 3113 607 3194 qui
627 3114 756 3194 optarit.
801 3113 895 3175 Nihil
916 3113 1003 3175 enim
1025 3114 1065 3191 ei,
1087 3115 1149 3175 nisi
1168 3120 1240 3176 vola
1258 3136 1366 3195 super-

269 3219 389 3276 ero-etl.
435 3215 481 3277 At
504 3215 662 3298 culpanda
680 3215 829 3299 Synodus
844 3224 950 3278 vestra
963 3215 1163 3294 Tridentina,
1181 3237 1251 3298 quae
1270 3217 1369 3298 (quod

267 3317 314 3380 its
325 3319 504 3400 optandum)
520 3340 586 3382 non
599 3326 707 3400 optare
723 3319 836 3397 solum,
850 3319 976 3382 decreto
992 3319 1089 3381 etiarn
1105 3321 1227 3383 sancire
1239 3320 1351 3384 debuit
1357 3348 1366 3398 3

268 3427 305 3482 ut
329 3421 374 3483 sie
396 3421 492 3484 simul
518 3427 692 3505 utrumque
717 3423 816 3499 fieret,
837 3444 876 3485 cx
902 3428 1010 3484 mente
1036 3422 1173 3486 Christi:
1203 3444 1272 3501 nec,
1295 3445 1368 3505 quae

269 3525 429 3587 Dominus
455 3525 522 3608 ipse
552 3525 729 3610 conjunxit,
757 3525 807 3587 vel
831 3526 939 3607 populi
963 3525 1169 3608 negligentia,
1186 3525 1235 3589 vel
1258 3534 1369 3591 nostra

268 3627 476 3711 praesumptio
507 3636 678 3711 separaret.
738 3628 848 3710 Friget
884 3651 958 3692 vero
990 3631 1120 3708 privata
1157 3631 1252 3692 nessa
1281 3631 1368 3714 apud

270 3731 546 3814 Chrysostomum,
563 3730 618 3793 ubi
634 3753 708 3794 eum
723 3730 778 3794 illo
792 3731 847 3793 alii
862 3733 969 3794 Alteri
985 3735 1162 3797 astiterunt.

300 3953 318 3976 ²
329 3946 369 4010 [Ὦ
386 3949 429 4003 τῆς
447 3946 578 4006 συνηθείας,
594 3948 611 3995 ὣ
627 3950 670 4007 τῆς
691 3945 794 4011 speclei·
837 3947 972 4008 adstantes,
980 3965 1030 3998 non
1038 3952 1119 3999 solum
1132 3953 1257 4015 spirituali
1267 3953 1367 4015 affectu,

268 4013 338 4071 ψεως,
361 4009 415 4075 εἰκῇ
431 4011 499 4061 θυσία
515 4013 666 4074 redempturi,
683 4013 736 4077 εἰκῇ
751 4031 794 4060 πα·
837 4013 880 4062 sed
903 4013 1077 4064 sacramentali
1100 4017 1177 4065 etlam
1200 4018 1367 4068 Eucharisriae

268 4074 418 4138 ρεστήκσμεν
435 4079 470 4137 τῷ
497 4077 661 4138 θυσιαστηρίῳ,
684 4078 758 4127 οὐδεὶς
781 4078 794 4125 o'
837 4079 996 4140 perceptione
1019 4082 1240 4140 communicarent,
1263 4098 1312 4144 quo
1334 4084 1367 4132 sd

268 4141 385 4200 μετέχων,
393 4158 414 4188 κ.
423 4158 445 4188 s.
455 4141 661 4204 t-suhrysosr.
671 4141 747 4190 Hom.
756 4142 792 4189 iii.
837 4157 878 4191 eos
889 4142 964 4204 hujus
975 4146 1126 4193 sanctissimi
1142 4147 1258 4195 sacrificii
1270 4148 1368 4198 fructus

268 4203 369 4266 inllph.
386 4206 440 4267 Op,
452 4210 513 4254 tom.
526 4207 563 4255 iii.
576 4221 599 4268 p.
610 4206 665 4256 778.
678 4206 722 4255 lin.
732 4205 782 4269 22]
838 4207 938 4255 uberior
955 4210 1228 4269 proveniret.'’-Cone.
1252 4211 1367 4263 Trident.

302 4276 313 4299 ¹¹
343 4268 648 4333 Bell.inmarg.adloc.]
711 4302 716 4312 ·
838 4270 901 4320 Sess.
920 4273 982 4321 xxii.
1001 4274 1217 4336 capsi—Cone,
1236 4281 1297 4326 tom.
1314 4277 1366 4327 xiv.

301 4341 313 4366 ⁰
342 4334 469 4397 “Optaret
480 4335 584 4396 quidem
595 4338 794 4397 sacrosanctesy-
838 4350 862 4399 p.
873 4336 976 4400 mitt]

268 4397 357 4457 nodus,
379 4404 409 4447 ut
429 4399 457 4448 in
478 4399 586 4461 singulis
607 4399 691 4449 missis
709 4399 795 4449 fideles
871 4400 1261 4467 ¹⁸[l'ideOvid.'1'rist.i.2.l.l
