<?xml version="1.0" encoding="UTF-8"?>
<!DOCTYPE html PUBLIC "-//W3C//DTD XHTML 1.0 Transitional//EN"
    "http://www.w3.org/TR/xhtml1/DTD/xhtml1-transitional.dtd">
<html xmlns="http://www.w3.org/1999/xhtml" xml:lang="en" lang="en">
 <head>
  <title>
</title>
<meta http-equiv="Content-Type" content="text/html;charset=utf-8" />
  <meta name='ocr-system' content='tesseract 3.04.00' />
  <meta name='ocr-capabilities' content='ocr_page ocr_carea ocr_par ocr_line ocrx_word'/>
</head>
<body>
  <div class='ocr_page' id='page_1' title='image "./responsioadapol00andrgoog_0335.png"; bbox 0 0 2910 4926; ppageno 0'>
   <div class='ocr_carea' id='block_1_1' title="bbox 272 278 1064 340">
    <p class='ocr_par' dir='ltr' id='par_1_1' title="bbox 272 278 1064 340">
     <span class='ocr_line' id='line_1_1' title="bbox 272 278 1064 340; baseline -0.004 0"><span class='ocrx_word' id='word_1_1' title='bbox 272 278 338 340; x_wconf 68' lang='lat'>292</span> <span class='ocrx_word' id='word_1_2' title='bbox 586 290 629 338; x_wconf 75' lang='lat' dir='ltr'>nn</span> <span class='ocrx_word' id='word_1_3' title='bbox 650 289 844 337; x_wconf 71' lang='lat' dir='ltr'>cenamus</span> <span class='ocrx_word' id='word_1_4' title='bbox 862 288 1064 337; x_wconf 71' lang='lat' dir='ltr'>nummi</span> 
     </span>
    </p>
   </div>
   <div class='ocr_carea' id='block_1_2' title="bbox 274 440 1384 735">
    <p class='ocr_par' dir='ltr' id='par_1_2' title="bbox 274 440 1384 735">
     <span class='ocr_line' id='line_1_2' title="bbox 274 440 1382 530; baseline -0.005 -20"><span class='ocrx_word' id='word_1_5' title='bbox 274 446 361 530; x_wconf 88' lang='lat' dir='ltr'>quod</span> <span class='ocrx_word' id='word_1_6' title='bbox 375 449 554 509; x_wconf 72' lang='lat' dir='ltr'>immnut</span> <span class='ocrx_word' id='word_1_7' title='bbox 574 448 606 510; x_wconf 91' lang='lat' dir='ltr'>ei</span> <span class='ocrx_word' id='word_1_8' title='bbox 624 446 728 528; x_wconf 80' lang='lat' dir='ltr'>quiris</span> <span class='ocrx_word' id='word_1_9' title='bbox 749 444 938 528; x_wconf 78' lang='lat' dir='ltr'>transfuga;</span> <span class='ocrx_word' id='word_1_10' title='bbox 961 444 1080 508; x_wconf 86' lang='lat' dir='ltr'>deiude</span> <span class='ocrx_word' id='word_1_11' title='bbox 1101 443 1215 507; x_wconf 76' lang='lat' dir='ltr'>aculeo</span> <span class='ocrx_word' id='word_1_12' title='bbox 1237 440 1382 519; x_wconf 80' lang='lat' dir='ltr'>dimisso,</span> 
     </span>
     <span class='ocr_line' id='line_1_3' title="bbox 275 546 1384 630; baseline -0.003 -17"><span class='ocrx_word' id='word_1_13' title='bbox 275 571 335 613; x_wconf 77' lang='lat' dir='ltr'>m</span> <span class='ocrx_word' id='word_1_14' title='bbox 357 558 404 614; x_wconf 76' lang='lat' dir='ltr'>ert</span> <span class='ocrx_word' id='word_1_15' title='bbox 422 552 577 613; x_wconf 77' lang='lat' dir='ltr'>eollieituo</span> <span class='ocrx_word' id='word_1_16' title='bbox 599 550 639 612; x_wconf 89' lang='lat' dir='ltr'>de</span> <span class='ocrx_word' id='word_1_17' title='bbox 661 570 706 627; x_wconf 87' lang='lat' dir='ltr'>re,</span> <span class='ocrx_word' id='word_1_18' title='bbox 730 570 791 612; x_wconf 84' lang='lat' dir='ltr'>nec</span> <span class='ocrx_word' id='word_1_19' title='bbox 811 550 856 611; x_wconf 85' lang='lat' dir='ltr'>ud</span> <span class='ocrx_word' id='word_1_20' title='bbox 879 550 967 610; x_wconf 70' lang='lat' dir='ltr'>illum</span> <span class='ocrx_word' id='word_1_21' title='bbox 982 550 1133 630; x_wconf 75' lang='lat' dir='ltr'>pertinet,</span> <span class='ocrx_word' id='word_1_22' title='bbox 1156 547 1198 611; x_wconf 86' lang='lat' dir='ltr'>de</span> <span class='ocrx_word' id='word_1_23' title='bbox 1219 547 1310 625; x_wconf 63' lang='lat' dir='ltr'>lesa,</span> <span class='ocrx_word' id='word_1_24' title='bbox 1331 546 1384 610; x_wconf 84' lang='lat' dir='ltr'>vel</span> 
     </span>
     <span class='ocr_line' id='line_1_4' title="bbox 276 650 1360 735; baseline -0.004 -18"><span class='ocrx_word' id='word_1_25' title='bbox 276 655 410 717; x_wconf 82' lang='lat' dir='ltr'>alterius</span> <span class='ocrx_word' id='word_1_26' title='bbox 417 654 524 734; x_wconf 81' lang='lat' dir='ltr'>soma,</span> <span class='ocrx_word' id='word_1_27' title='bbox 539 653 664 735; x_wconf 76' lang='lat' dir='ltr'>relfide</span> <span class='ocrx_word' id='word_1_28' title='bbox 678 674 747 716; x_wconf 83' lang='lat' dir='ltr'>sua.</span> <span class='ocrx_word' id='word_1_29' title='bbox 792 654 848 715; x_wconf 81' lang='lat' dir='ltr'>Sic</span> <span class='ocrx_word' id='word_1_30' title='bbox 863 654 976 716; x_wconf 85' lang='lat' dir='ltr'>Romae</span> <span class='ocrx_word' id='word_1_31' title='bbox 991 652 1155 731; x_wconf 82' lang='lat' dir='ltr'>scribitur,</span> <span class='ocrx_word' id='word_1_32' title='bbox 1170 652 1217 715; x_wconf 79' lang='lat' dir='ltr'>sic</span> <span class='ocrx_word' id='word_1_33' title='bbox 1229 650 1360 714; x_wconf 75' lang='lat' dir='ltr'>vivitur.</span> 
     </span>
    </p>
   </div>
   <div class='ocr_carea' id='block_1_3' title="bbox 310 802 1382 867">
    <p class='ocr_par' dir='ltr' id='par_1_3' title="bbox 310 802 1382 867">
     <span class='ocr_line' id='line_1_5' title="bbox 310 802 1382 867; baseline -0.003 -12"><span class='ocrx_word' id='word_1_34' title='bbox 310 805 361 855; x_wconf 84' lang='lat' dir='ltr'>Hie</span> <span class='ocrx_word' id='word_1_35' title='bbox 372 844 378 854; x_wconf 96' lang='lat'>.</span> <span class='ocrx_word' id='word_1_36' title='bbox 390 843 397 855; x_wconf 92' lang='lat'><strong>.</strong></span> <span class='ocrx_word' id='word_1_37' title='bbox 409 845 415 854; x_wconf 91' lang='lat'>.</span> <span class='ocrx_word' id='word_1_38' title='bbox 429 806 482 855; x_wconf 83' lang='lat' dir='ltr'>Rex</span> <span class='ocrx_word' id='word_1_39' title='bbox 498 805 586 855; x_wconf 65' lang='lat' dir='ltr'>adem</span> <span class='ocrx_word' id='word_1_40' title='bbox 603 806 659 854; x_wconf 81' lang='lat' dir='ltr'>tuoe</span> <span class='ocrx_word' id='word_1_41' title='bbox 675 806 790 854; x_wconf 73' lang='lat' dir='ltr'>veritatis</span> <span class='ocrx_word' id='word_1_42' title='bbox 807 805 910 867; x_wconf 70' lang='lat' dir='ltr'>negarit</span> <span class='ocrx_word' id='word_1_43' title='bbox 928 803 1078 853; x_wconf 75' lang='lat' dir='ltr'>Pontificem</span> <span class='ocrx_word' id='word_1_44' title='bbox 1098 802 1242 853; x_wconf 76' lang='lat' dir='ltr'>Romnum</span> <span class='ocrx_word' id='word_1_45' title='bbox 1260 802 1382 853; x_wconf 68' lang='lat' dir='ltr'>Bodetia</span> 
     </span>
    </p>
   </div>
   <div class='ocr_carea' id='block_1_4' title="bbox 344 885 1384 1035">
    <p class='ocr_par' dir='ltr' id='par_1_4' title="bbox 344 885 1384 1035">
     <span class='ocr_line' id='line_1_6' title="bbox 344 885 1384 952; baseline -0.002 -14"><span class='ocrx_word' id='word_1_46' title='bbox 344 888 473 939; x_wconf 67' lang='lat' dir='ltr'>[nivem</span> <span class='ocrx_word' id='word_1_47' title='bbox 485 906 537 939; x_wconf 77' lang='lat' dir='ltr'>ease</span> <span class='ocrx_word' id='word_1_48' title='bbox 550 889 722 941; x_wconf 75' lang='lat' dir='ltr'>llonarebum.</span> <span class='ocrx_word' id='word_1_49' title='bbox 737 904 788 952; x_wconf 74' lang='lat' dir='ltr'>qus</span> <span class='ocrx_word' id='word_1_50' title='bbox 802 890 928 951; x_wconf 76' lang='lat' dir='ltr'>Spiritum</span> <span class='ocrx_word' id='word_1_51' title='bbox 943 887 1066 937; x_wconf 67' lang='lat' dir='ltr'>&amp;mum</span> <span class='ocrx_word' id='word_1_52' title='bbox 1081 886 1217 937; x_wconf 75' lang='lat' dir='ltr'>affirmavit</span> <span class='ocrx_word' id='word_1_53' title='bbox 1227 923 1236 936; x_wconf 90' lang='lat'>.</span> <span class='ocrx_word' id='word_1_54' title='bbox 1247 924 1253 935; x_wconf 96' lang='lat'>.</span> <span class='ocrx_word' id='word_1_55' title='bbox 1264 922 1273 935; x_wconf 91' lang='lat'><strong>.</strong></span> <span class='ocrx_word' id='word_1_56' title='bbox 1285 885 1384 936; x_wconf 69' lang='lat' dir='ltr'>onusti</span> 
     </span>
     <span class='ocr_line' id='line_1_7' title="bbox 344 966 1384 1035; baseline 0.001 -20"><span class='ocrx_word' id='word_1_57' title='bbox 344 971 472 1020; x_wconf 73' lang='lat' dir='ltr'>i&#39;imrium</span> <span class='ocrx_word' id='word_1_58' title='bbox 483 971 657 1035; x_wconf 70' lang='lat' dir='ltr'>ease-[Bell.</span> <span class='ocrx_word' id='word_1_59' title='bbox 668 972 742 1034; x_wconf 73' lang='lat' dir='ltr'>Apol</span> <span class='ocrx_word' id='word_1_60' title='bbox 754 986 801 1034; x_wconf 93' lang='lat' dir='ltr'>pro</span> <span class='ocrx_word' id='word_1_61' title='bbox 813 970 897 1034; x_wconf 56' lang='lat' dir='ltr'>Respa</span> <span class='ocrx_word' id='word_1_62' title='bbox 908 986 934 1034; x_wconf 82' lang='lat' dir='ltr'>p.</span> <span class='ocrx_word' id='word_1_63' title='bbox 944 973 997 1020; x_wconf 70' lang='lat'>121.</span> <span class='ocrx_word' id='word_1_64' title='bbox 1010 970 1080 1034; x_wconf 83' lang='lat' dir='ltr'>[0p‚</span> <span class='ocrx_word' id='word_1_65' title='bbox 1089 978 1151 1021; x_wconf 85' lang='lat' dir='ltr'>tom.</span> <span class='ocrx_word' id='word_1_66' title='bbox 1161 970 1207 1019; x_wconf 78' lang='lat' dir='ltr'>rii.</span> <span class='ocrx_word' id='word_1_67' title='bbox 1217 968 1331 1021; x_wconf 69' lang='lat' dir='ltr'>ool-772</span> <span class='ocrx_word' id='word_1_68' title='bbox 1339 966 1384 1031; x_wconf 87' lang='lat' dir='ltr'>D.]</span> 
     </span>
    </p>
   </div>
   <div class='ocr_carea' id='block_1_5' title="bbox 115 1077 1390 4257">
    <p class='ocr_par' dir='ltr' id='par_1_5' title="bbox 115 1077 1385 1473">
     <span class='ocr_line' id='line_1_8' title="bbox 116 1077 1385 1154; baseline -0.008 -5"><span class='ocrx_word' id='word_1_69' title='bbox 116 1097 246 1148; x_wconf 65' lang='lat' dir='ltr'>remeas</span> <span class='ocrx_word' id='word_1_70' title='bbox 320 1080 508 1154; x_wconf 70' lang='lat' dir='ltr'>Monunio,</span> <span class='ocrx_word' id='word_1_71' title='bbox 524 1092 557 1141; x_wconf 89' lang='lat' dir='ltr'>et</span> <span class='ocrx_word' id='word_1_72' title='bbox 572 1080 763 1141; x_wconf 81' lang='lat' dir='ltr'>lloaurcdio</span> <span class='ocrx_word' id='word_1_73' title='bbox 781 1080 928 1141; x_wconf 65' lang='lat' dir='ltr'>Ecclesia</span> <span class='ocrx_word' id='word_1_74' title='bbox 942 1099 963 1140; x_wconf 86' lang='lat' dir='ltr'>a</span> <span class='ocrx_word' id='word_1_75' title='bbox 977 1077 1123 1140; x_wconf 81' lang='lat' dir='ltr'>Sundero</span> <span class='ocrx_word' id='word_1_76' title='bbox 1142 1085 1231 1154; x_wconf 89' lang='lat' dir='ltr'>sunt,</span> <span class='ocrx_word' id='word_1_77' title='bbox 1245 1084 1280 1139; x_wconf 87' lang='lat' dir='ltr'>et</span> <span class='ocrx_word' id='word_1_78' title='bbox 1301 1077 1385 1140; x_wconf 86' lang='lat' dir='ltr'>San·</span> 
     </span>
     <span class='ocr_line' id='line_1_9' title="bbox 115 1140 1383 1279; baseline -0.002 -31"><span class='ocrx_word' id='word_1_79' title='bbox 115 1140 263 1279; x_wconf 50' lang='lat' dir='ltr'>ffloehlio</span> <span class='ocrx_word' id='word_1_80' title='bbox 279 1184 347 1248; x_wconf 91' lang='lat' dir='ltr'>deri</span> <span class='ocrx_word' id='word_1_81' title='bbox 364 1193 460 1265; x_wconf 83' lang='lat' dir='ltr'>patre</span> <span class='ocrx_word' id='word_1_82' title='bbox 474 1185 617 1262; x_wconf 82' lang='lat' dir='ltr'>Diodoto,</span> <span class='ocrx_word' id='word_1_83' title='bbox 641 1206 661 1245; x_wconf 85' lang='lat' dir='ltr'>a</span> <span class='ocrx_word' id='word_1_84' title='bbox 684 1182 828 1246; x_wconf 88' lang='lat' dir='ltr'>tenebris</span> <span class='ocrx_word' id='word_1_85' title='bbox 853 1182 1024 1258; x_wconf 87' lang='lat' dir='ltr'>mendacii,</span> <span class='ocrx_word' id='word_1_86' title='bbox 1046 1203 1113 1245; x_wconf 93' lang='lat' dir='ltr'>non</span> <span class='ocrx_word' id='word_1_87' title='bbox 1136 1182 1205 1244; x_wconf 75' lang='lat' dir='ltr'>luce</span> <span class='ocrx_word' id='word_1_88' title='bbox 1226 1181 1383 1245; x_wconf 70' lang='lat' dir='ltr'>veritatis.</span> 
     </span>
     <span class='ocr_line' id='line_1_10' title="bbox 116 1284 1385 1370; baseline -0.007 -15"><span class='ocrx_word' id='word_1_89' title='bbox 116 1289 228 1355; x_wconf 59' lang='lat' dir='ltr'>weh]</span> <span class='ocrx_word' id='word_1_90' title='bbox 280 1288 430 1370; x_wconf 77' lang='lat' dir='ltr'>Namque</span> <span class='ocrx_word' id='word_1_91' title='bbox 453 1288 521 1350; x_wconf 79' lang='lat' dir='ltr'>haec</span> <span class='ocrx_word' id='word_1_92' title='bbox 535 1286 657 1366; x_wconf 71' lang='lat' dir='ltr'>fumosi</span> <span class='ocrx_word' id='word_1_93' title='bbox 676 1288 782 1368; x_wconf 66' lang='lat' dir='ltr'>typhi*</span> <span class='ocrx_word' id='word_1_94' title='bbox 796 1287 939 1360; x_wconf 80' lang='lat' dir='ltr'>uomina,</span> <span class='ocrx_word' id='word_1_95' title='bbox 954 1296 987 1348; x_wconf 88' lang='lat' dir='ltr'>et</span> <span class='ocrx_word' id='word_1_96' title='bbox 1003 1286 1068 1364; x_wconf 74' lang='lat' dir='ltr'>tur,</span> <span class='ocrx_word' id='word_1_97' title='bbox 1084 1294 1117 1348; x_wconf 90' lang='lat' dir='ltr'>et</span> <span class='ocrx_word' id='word_1_98' title='bbox 1138 1284 1221 1348; x_wconf 88' lang='lat' dir='ltr'>liber</span> <span class='ocrx_word' id='word_1_99' title='bbox 1238 1285 1385 1347; x_wconf 68' lang='lat' dir='ltr'>rer-itatis</span> 
     </span>
     <span class='ocr_line' id='line_1_11' title="bbox 280 1388 1384 1473; baseline -0.003 -20"><span class='ocrx_word' id='word_1_100' title='bbox 280 1391 432 1473; x_wconf 82' lang='lat' dir='ltr'><strong>dispellit.</strong></span> <span class='ocrx_word' id='word_1_101' title='bbox 484 1391 590 1455; x_wconf 84' lang='lat' dir='ltr'>Quam</span> <span class='ocrx_word' id='word_1_102' title='bbox 616 1392 713 1453; x_wconf 82' lang='lat' dir='ltr'>lacem</span> <span class='ocrx_word' id='word_1_103' title='bbox 734 1390 915 1454; x_wconf 83' lang='lat' dir='ltr'>Cardinalis</span> <span class='ocrx_word' id='word_1_104' title='bbox 940 1390 969 1452; x_wconf 91' lang='lat' dir='ltr'>si</span> <span class='ocrx_word' id='word_1_105' title='bbox 990 1388 1105 1465; x_wconf 86' lang='lat' dir='ltr'>rideat,</span> <span class='ocrx_word' id='word_1_106' title='bbox 1128 1388 1170 1452; x_wconf 87' lang='lat' dir='ltr'>ab</span> <span class='ocrx_word' id='word_1_107' title='bbox 1192 1389 1269 1470; x_wconf 83' lang='lat' dir='ltr'>igue</span> <span class='ocrx_word' id='word_1_108' title='bbox 1292 1388 1384 1451; x_wconf 80' lang='lat' dir='ltr'>fatuo</span> 
     </span>
    </p>

    <p class='ocr_par' dir='ltr' id='par_1_6' title="bbox 280 1491 1385 1784">
     <span class='ocr_line' id='line_1_12' title="bbox 280 1491 1186 1575; baseline -0.002 -19"><span class='ocrx_word' id='word_1_109' title='bbox 280 1494 418 1557; x_wconf 87' lang='lat' dir='ltr'>Sanderi</span> <span class='ocrx_word' id='word_1_110' title='bbox 432 1494 543 1556; x_wconf 88' lang='lat' dir='ltr'>lumen</span> <span class='ocrx_word' id='word_1_111' title='bbox 558 1493 619 1556; x_wconf 89' lang='lat' dir='ltr'>sibi</span> <span class='ocrx_word' id='word_1_112' title='bbox 635 1492 799 1569; x_wconf 70' lang='lat' dir='ltr'>amendat,</span> <span class='ocrx_word' id='word_1_113' title='bbox 815 1508 913 1575; x_wconf 86' lang='lat' dir='ltr'>utque</span> <span class='ocrx_word' id='word_1_114' title='bbox 928 1494 963 1555; x_wconf 91' lang='lat' dir='ltr'>in</span> <span class='ocrx_word' id='word_1_115' title='bbox 977 1512 1017 1555; x_wconf 89' lang='lat' dir='ltr'>eo</span> <span class='ocrx_word' id='word_1_116' title='bbox 1030 1491 1186 1555; x_wconf 80' lang='lat' dir='ltr'>ambulet.</span> 
     </span>
     <span class='ocr_line' id='line_1_13' title="bbox 313 1634 1383 1699; baseline -0.001 -14"><span class='ocrx_word' id='word_1_117' title='bbox 313 1637 377 1685; x_wconf 87' lang='lat' dir='ltr'>Cum</span> <span class='ocrx_word' id='word_1_118' title='bbox 388 1637 515 1686; x_wconf 73' lang='lat' dir='ltr'>ordinarie</span> <span class='ocrx_word' id='word_1_119' title='bbox 527 1636 632 1686; x_wconf 84' lang='lat' dir='ltr'>interior</span> <span class='ocrx_word' id='word_1_120' title='bbox 647 1637 690 1696; x_wconf 81' lang='lat' dir='ltr'>sit,</span> <span class='ocrx_word' id='word_1_121' title='bbox 701 1637 745 1699; x_wconf 84' lang='lat' dir='ltr'>qui</span> <span class='ocrx_word' id='word_1_122' title='bbox 759 1634 864 1685; x_wconf 83' lang='lat' dir='ltr'>alterius</span> <span class='ocrx_word' id='word_1_123' title='bbox 876 1637 944 1685; x_wconf 76' lang='lat' dir='ltr'>vices</span> <span class='ocrx_word' id='word_1_124' title='bbox 953 1637 1029 1698; x_wconf 75' lang='lat' dir='ltr'>gerit,</span> <span class='ocrx_word' id='word_1_125' title='bbox 1040 1650 1071 1684; x_wconf 87' lang='lat' dir='ltr'>eo</span> <span class='ocrx_word' id='word_1_126' title='bbox 1081 1636 1153 1699; x_wconf 83' lang='lat' dir='ltr'>cujus</span> <span class='ocrx_word' id='word_1_127' title='bbox 1169 1636 1238 1684; x_wconf 75' lang='lat' dir='ltr'>vices</span> <span class='ocrx_word' id='word_1_128' title='bbox 1251 1635 1328 1698; x_wconf 76' lang='lat' dir='ltr'>gerit,</span> <span class='ocrx_word' id='word_1_129' title='bbox 1339 1672 1345 1683; x_wconf 95' lang='lat'>.</span> <span class='ocrx_word' id='word_1_130' title='bbox 1358 1671 1383 1684; x_wconf 89' lang='lat'>..</span> 
     </span>
     <span class='ocr_line' id='line_1_14' title="bbox 345 1715 1385 1784; baseline -0.003 -15"><span class='ocrx_word' id='word_1_131' title='bbox 345 1726 412 1769; x_wconf 82' lang='lat' dir='ltr'>certe</span> <span class='ocrx_word' id='word_1_132' title='bbox 423 1722 445 1769; x_wconf 83' lang='lat' dir='ltr'>ai</span> <span class='ocrx_word' id='word_1_133' title='bbox 456 1720 567 1784; x_wconf 75' lang='lat' dir='ltr'>Spiritus</span> <span class='ocrx_word' id='word_1_134' title='bbox 581 1719 688 1769; x_wconf 71' lang='lat' dir='ltr'>Sanetus</span> <span class='ocrx_word' id='word_1_135' title='bbox 700 1718 797 1768; x_wconf 77' lang='lat' dir='ltr'>Christi</span> <span class='ocrx_word' id='word_1_136' title='bbox 813 1720 881 1767; x_wconf 70' lang='lat' dir='ltr'>tices</span> <span class='ocrx_word' id='word_1_137' title='bbox 896 1718 962 1780; x_wconf 74' lang='lat' dir='ltr'>gerit</span> <span class='ocrx_word' id='word_1_138' title='bbox 979 1718 1008 1765; x_wconf 90' lang='lat' dir='ltr'>in</span> <span class='ocrx_word' id='word_1_139' title='bbox 1024 1716 1136 1766; x_wconf 73' lang='lat' dir='ltr'>Faecleeia</span> <span class='ocrx_word' id='word_1_140' title='bbox 1151 1715 1269 1779; x_wconf 67' lang='lat' dir='ltr'>regenda.</span> <span class='ocrx_word' id='word_1_141' title='bbox 1281 1715 1385 1766; x_wconf 70' lang='lat' dir='ltr'>(bristo</span> 
     </span>
    </p>

    <p class='ocr_par' dir='ltr' id='par_1_7' title="bbox 345 1796 1357 1865">
     <span class='ocr_line' id='line_1_15' title="bbox 345 1796 1357 1865; baseline -0.003 -15"><span class='ocrx_word' id='word_1_142' title='bbox 345 1802 450 1850; x_wconf 85' lang='lat' dir='ltr'>interior</span> <span class='ocrx_word' id='word_1_143' title='bbox 459 1800 625 1865; x_wconf 75' lang='lat' dir='ltr'>erit—[Bell</span> <span class='ocrx_word' id='word_1_144' title='bbox 636 1800 711 1863; x_wconf 78' lang='lat' dir='ltr'>Apol.</span> <span class='ocrx_word' id='word_1_145' title='bbox 723 1814 769 1863; x_wconf 90' lang='lat' dir='ltr'>pro</span> <span class='ocrx_word' id='word_1_146' title='bbox 783 1799 865 1863; x_wconf 72' lang='lat' dir='ltr'>deep}</span> <span class='ocrx_word' id='word_1_147' title='bbox 877 1814 901 1862; x_wconf 88' lang='lat' dir='ltr'>p.</span> <span class='ocrx_word' id='word_1_148' title='bbox 912 1801 967 1848; x_wconf 72' lang='lat'>12²1.</span> <span class='ocrx_word' id='word_1_149' title='bbox 980 1798 1046 1863; x_wconf 82' lang='lat' dir='ltr'>[Op.‚</span> <span class='ocrx_word' id='word_1_150' title='bbox 1057 1804 1118 1847; x_wconf 85' lang='lat' dir='ltr'>tom.</span> <span class='ocrx_word' id='word_1_151' title='bbox 1130 1799 1174 1847; x_wconf 81' lang='lat' dir='ltr'>rii</span> <span class='ocrx_word' id='word_1_152' title='bbox 1186 1798 1233 1847; x_wconf 84' lang='lat' dir='ltr'>ool.</span> <span class='ocrx_word' id='word_1_153' title='bbox 1245 1799 1302 1849; x_wconf 73' lang='lat'>772.</span> <span class='ocrx_word' id='word_1_154' title='bbox 1314 1796 1357 1863; x_wconf 90' lang='lat' dir='ltr'>D.]</span> 
     </span>
    </p>

    <p class='ocr_par' dir='ltr' id='par_1_8' title="bbox 117 1897 1390 4257">
     <span class='ocr_line' id='line_1_16' title="bbox 121 1897 1384 1982; baseline -0.002 -21"><span class='ocrx_word' id='word_1_155' title='bbox 121 1910 245 1975; x_wconf 78' lang='lat' dir='ltr'>[spiritu</span> <span class='ocrx_word' id='word_1_156' title='bbox 323 1900 395 1964; x_wconf 84' lang='lat' dir='ltr'>Nee</span> <span class='ocrx_word' id='word_1_157' title='bbox 415 1900 447 1963; x_wconf 92' lang='lat' dir='ltr'>id</span> <span class='ocrx_word' id='word_1_158' title='bbox 467 1921 551 1982; x_wconf 67' lang='lat' dir='ltr'>aegre</span> <span class='ocrx_word' id='word_1_159' title='bbox 565 1898 646 1962; x_wconf 82' lang='lat' dir='ltr'>feret</span> <span class='ocrx_word' id='word_1_160' title='bbox 663 1898 855 1975; x_wconf 86' lang='lat' dir='ltr'>Cardinalis,</span> <span class='ocrx_word' id='word_1_161' title='bbox 870 1899 909 1976; x_wconf 85' lang='lat' dir='ltr'>si,</span> <span class='ocrx_word' id='word_1_162' title='bbox 925 1918 1000 1960; x_wconf 85' lang='lat' dir='ltr'>eum</span> <span class='ocrx_word' id='word_1_163' title='bbox 1023 1898 1137 1980; x_wconf 85' lang='lat' dir='ltr'>Regna</span> <span class='ocrx_word' id='word_1_164' title='bbox 1156 1897 1271 1959; x_wconf 90' lang='lat' dir='ltr'>mundi</span> <span class='ocrx_word' id='word_1_165' title='bbox 1286 1916 1384 1959; x_wconf 88' lang='lat' dir='ltr'>nemo</span> 
     </span>
     <span class='ocr_line' id='line_1_17' title="bbox 117 1978 1384 2106; baseline -0.002 -40"><span class='ocrx_word' id='word_1_166' title='bbox 117 1978 262 2106; x_wconf 47' lang='lat'>⁸:2⁰3„</span> <span class='ocrx_word' id='word_1_167' title='bbox 280 2024 366 2066; x_wconf 88' lang='lat' dir='ltr'>unus</span> <span class='ocrx_word' id='word_1_168' title='bbox 381 2004 575 2081; x_wconf 84' lang='lat' dir='ltr'>moderetur,</span> <span class='ocrx_word' id='word_1_169' title='bbox 591 2025 686 2066; x_wconf 87' lang='lat' dir='ltr'>nemo</span> <span class='ocrx_word' id='word_1_170' title='bbox 697 2001 901 2065; x_wconf 80' lang='lat' dir='ltr'>moderandis</span> <span class='ocrx_word' id='word_1_171' title='bbox 915 2023 975 2085; x_wconf 84' lang='lat' dir='ltr'>par</span> <span class='ocrx_word' id='word_1_172' title='bbox 988 2001 1038 2079; x_wconf 90' lang='lat' dir='ltr'>sit,</span> <span class='ocrx_word' id='word_1_173' title='bbox 1051 2022 1112 2064; x_wconf 82' lang='lat' dir='ltr'>uec</span> <span class='ocrx_word' id='word_1_174' title='bbox 1125 2022 1228 2064; x_wconf 87' lang='lat' dir='ltr'>unum</span> <span class='ocrx_word' id='word_1_175' title='bbox 1244 1999 1384 2083; x_wconf 83' lang='lat' dir='ltr'>aliquem</span> 
     </span>
     <span class='ocr_line' id='line_1_18' title="bbox 118 2058 1383 2189; baseline -0.003 -19"><span class='ocrx_word' id='word_1_176' title='bbox 118 2058 217 2187; x_wconf 63' lang='lat' dir='ltr'>bima</span> <span class='ocrx_word' id='word_1_177' title='bbox 281 2128 391 2189; x_wconf 82' lang='lat' dir='ltr'>parem</span> <span class='ocrx_word' id='word_1_178' title='bbox 410 2115 561 2189; x_wconf 88' lang='lat' dir='ltr'>putemus</span> <span class='ocrx_word' id='word_1_179' title='bbox 577 2107 793 2171; x_wconf 86' lang='lat' dir='ltr'>Ecclesiamm</span> <span class='ocrx_word' id='word_1_180' title='bbox 815 2108 923 2188; x_wconf 86' lang='lat' dir='ltr'>(quam</span> <span class='ocrx_word' id='word_1_181' title='bbox 943 2106 1008 2168; x_wconf 89' lang='lat' dir='ltr'>late</span> <span class='ocrx_word' id='word_1_182' title='bbox 1028 2113 1118 2187; x_wconf 87' lang='lat' dir='ltr'>patet</span> <span class='ocrx_word' id='word_1_183' title='bbox 1137 2103 1235 2185; x_wconf 90' lang='lat' dir='ltr'>orbis)</span> <span class='ocrx_word' id='word_1_184' title='bbox 1253 2104 1383 2166; x_wconf 85' lang='lat' dir='ltr'>uuiver-</span> 
     </span>
     <span class='ocr_line' id='line_1_19' title="bbox 120 2172 1384 2294; baseline -0.002 -22"><span class='ocrx_word' id='word_1_185' title='bbox 120 2172 244 2287; x_wconf 50' lang='lat' dir='ltr'>mnus,</span> <span class='ocrx_word' id='word_1_186' title='bbox 282 2211 371 2274; x_wconf 84' lang='lat' dir='ltr'>sitati</span> <span class='ocrx_word' id='word_1_187' title='bbox 394 2211 553 2294; x_wconf 73' lang='lat' dir='ltr'>regendae.</span> <span class='ocrx_word' id='word_1_188' title='bbox 599 2211 633 2272; x_wconf 91' lang='lat' dir='ltr'>Si</span> <span class='ocrx_word' id='word_1_189' title='bbox 649 2210 826 2286; x_wconf 84' lang='lat' dir='ltr'>Christum,</span> <span class='ocrx_word' id='word_1_190' title='bbox 843 2219 877 2271; x_wconf 91' lang='lat' dir='ltr'>et</span> <span class='ocrx_word' id='word_1_191' title='bbox 904 2209 959 2291; x_wconf 90' lang='lat' dir='ltr'>qui</span> <span class='ocrx_word' id='word_1_192' title='bbox 982 2231 1001 2271; x_wconf 89' lang='lat' dir='ltr'>a</span> <span class='ocrx_word' id='word_1_193' title='bbox 1024 2208 1156 2271; x_wconf 86' lang='lat' dir='ltr'>Christo</span> <span class='ocrx_word' id='word_1_194' title='bbox 1180 2207 1299 2270; x_wconf 87' lang='lat' dir='ltr'>missus</span> <span class='ocrx_word' id='word_1_195' title='bbox 1324 2218 1384 2284; x_wconf 86' lang='lat' dir='ltr'>est,</span> 
     </span>
     <span class='ocr_line' id='line_1_20' title="bbox 120 2302 1385 2433; baseline -0.002 -57"><span class='ocrx_word' id='word_1_196' title='bbox 120 2302 242 2433; x_wconf 50' lang='lat' dir='ltr'>iniss]</span> <span class='ocrx_word' id='word_1_197' title='bbox 283 2314 446 2396; x_wconf 71' lang='lat' dir='ltr'>Spiritum,</span> <span class='ocrx_word' id='word_1_198' title='bbox 457 2315 576 2397; x_wconf 89' lang='lat' dir='ltr'>absque</span> <span class='ocrx_word' id='word_1_199' title='bbox 588 2314 651 2377; x_wconf 90' lang='lat' dir='ltr'>alio</span> <span class='ocrx_word' id='word_1_200' title='bbox 667 2314 696 2374; x_wconf 77' lang='lat' dir='ltr'><em>V</em></span> <span class='ocrx_word' id='word_1_201' title='bbox 693 2313 792 2375; x_wconf 83' lang='lat' dir='ltr'>icario</span> <span class='ocrx_word' id='word_1_202' title='bbox 807 2333 978 2395; x_wconf 89' lang='lat' dir='ltr'>quoquam,</span> <span class='ocrx_word' id='word_1_203' title='bbox 990 2332 1127 2394; x_wconf 86' lang='lat' dir='ltr'>praeesse</span> <span class='ocrx_word' id='word_1_204' title='bbox 1137 2311 1299 2394; x_wconf 87' lang='lat' dir='ltr'>patiamur</span> <span class='ocrx_word' id='word_1_205' title='bbox 1309 2310 1385 2374; x_wconf 86' lang='lat' dir='ltr'>huie</span> 
     </span>
     <span class='ocr_line' id='line_1_21' title="bbox 121 2382 1385 2497; baseline -0.003 -15"><span class='ocrx_word' id='word_1_206' title='bbox 121 2382 149 2417; x_wconf 82' lang='lat' dir='ltr'>m</span> <span class='ocrx_word' id='word_1_207' title='bbox 173 2383 230 2419; x_wconf 59' lang='grc' dir='ltr'>Μ’</span> <span class='ocrx_word' id='word_1_208' title='bbox 282 2419 428 2493; x_wconf 80' lang='lat' dir='ltr'>muueu’3</span> <span class='ocrx_word' id='word_1_209' title='bbox 452 2419 479 2480; x_wconf 81' lang='lat' dir='ltr'>si</span> <span class='ocrx_word' id='word_1_210' title='bbox 499 2417 645 2481; x_wconf 88' lang='lat' dir='ltr'>contenti</span> <span class='ocrx_word' id='word_1_211' title='bbox 669 2415 794 2479; x_wconf 89' lang='lat' dir='ltr'>duobus</span> <span class='ocrx_word' id='word_1_212' title='bbox 823 2416 884 2492; x_wconf 87' lang='lat' dir='ltr'>his,</span> <span class='ocrx_word' id='word_1_213' title='bbox 902 2416 1039 2478; x_wconf 80' lang='lat' dir='ltr'>tutiores</span> <span class='ocrx_word' id='word_1_214' title='bbox 1068 2436 1128 2477; x_wconf 88' lang='lat' dir='ltr'>nos</span> <span class='ocrx_word' id='word_1_215' title='bbox 1150 2414 1300 2497; x_wconf 87' lang='lat' dir='ltr'>denique,</span> <span class='ocrx_word' id='word_1_216' title='bbox 1323 2414 1385 2478; x_wconf 85' lang='lat' dir='ltr'>sub</span> 
     </span>
     <span class='ocr_line' id='line_1_22' title="bbox 282 2518 1384 2602; baseline -0.001 -20"><span class='ocrx_word' id='word_1_217' title='bbox 282 2521 382 2583; x_wconf 85' lang='lat' dir='ltr'>ductu</span> <span class='ocrx_word' id='word_1_218' title='bbox 399 2522 537 2602; x_wconf 79' lang='lat' dir='ltr'>Spiritus</span> <span class='ocrx_word' id='word_1_219' title='bbox 558 2522 678 2597; x_wconf 78' lang='lat' dir='ltr'>Sancti,</span> <span class='ocrx_word' id='word_1_220' title='bbox 701 2541 798 2601; x_wconf 85' lang='lat' dir='ltr'>quam</span> <span class='ocrx_word' id='word_1_221' title='bbox 824 2518 884 2581; x_wconf 83' lang='lat' dir='ltr'>sub</span> <span class='ocrx_word' id='word_1_222' title='bbox 900 2518 1075 2600; x_wconf 80' lang='lat' dir='ltr'>Pontificio,</span> <span class='ocrx_word' id='word_1_223' title='bbox 1098 2539 1168 2580; x_wconf 91' lang='lat' dir='ltr'>esse</span> <span class='ocrx_word' id='word_1_224' title='bbox 1192 2526 1384 2581; x_wconf 86' lang='lat' dir='ltr'>statuamus.</span> 
     </span>
     <span class='ocr_line' id='line_1_23' title="bbox 284 2621 1386 2704; baseline -0.003 -19"><span class='ocrx_word' id='word_1_225' title='bbox 284 2623 391 2685; x_wconf 85' lang='lat' dir='ltr'>Sensit</span> <span class='ocrx_word' id='word_1_226' title='bbox 415 2623 530 2704; x_wconf 86' lang='lat' dir='ltr'>stringi</span> <span class='ocrx_word' id='word_1_227' title='bbox 556 2643 589 2684; x_wconf 83' lang='lat' dir='ltr'>se</span> <span class='ocrx_word' id='word_1_228' title='bbox 619 2621 800 2685; x_wconf 85' lang='lat' dir='ltr'>Cardinalis</span> <span class='ocrx_word' id='word_1_229' title='bbox 823 2622 886 2699; x_wconf 88' lang='lat' dir='ltr'>hic,</span> <span class='ocrx_word' id='word_1_230' title='bbox 912 2622 1060 2682; x_wconf 68' lang='lat' dir='ltr'>notitiam</span> <span class='ocrx_word' id='word_1_231' title='bbox 1084 2641 1161 2702; x_wconf 80' lang='lat' dir='ltr'>ergo</span> <span class='ocrx_word' id='word_1_232' title='bbox 1186 2623 1326 2682; x_wconf 73' lang='lat' dir='ltr'>heresim</span> <span class='ocrx_word' id='word_1_233' title='bbox 1351 2631 1386 2682; x_wconf 89' lang='lat' dir='ltr'>et</span> 
     </span>
     <span class='ocr_line' id='line_1_24' title="bbox 282 2723 1387 2808; baseline -0.001 -23"><span class='ocrx_word' id='word_1_234' title='bbox 282 2746 430 2806; x_wconf 72' lang='lat' dir='ltr'>armerum</span> <span class='ocrx_word' id='word_1_235' title='bbox 453 2734 655 2789; x_wconf 83' lang='lat' dir='ltr'>commentus</span> <span class='ocrx_word' id='word_1_236' title='bbox 681 2736 740 2788; x_wconf 91' lang='lat' dir='ltr'>est.</span> <span class='ocrx_word' id='word_1_237' title='bbox 790 2724 896 2808; x_wconf 88' lang='lat' dir='ltr'>Siquis</span> <span class='ocrx_word' id='word_1_238' title='bbox 916 2724 1068 2804; x_wconf 78' lang='lat' dir='ltr'>Spiritum</span> <span class='ocrx_word' id='word_1_239' title='bbox 1093 2724 1242 2785; x_wconf 79' lang='lat' dir='ltr'>Sanctam</span> <span class='ocrx_word' id='word_1_240' title='bbox 1267 2723 1387 2786; x_wconf 68' lang='lat' dir='ltr'>chrisa</span> 
     </span>
     <span class='ocr_line' id='line_1_25' title="bbox 282 2825 1385 2911; baseline 0 -21"><span class='ocrx_word' id='word_1_241' title='bbox 282 2830 364 2891; x_wconf 80' lang='lat' dir='ltr'>m&#39;cee</span> <span class='ocrx_word' id='word_1_242' title='bbox 378 2831 501 2911; x_wconf 74' lang='lat' dir='ltr'>erptere</span> <span class='ocrx_word' id='word_1_243' title='bbox 521 2829 616 2905; x_wconf 80' lang='lat' dir='ltr'>dicat,</span> <span class='ocrx_word' id='word_1_244' title='bbox 633 2850 667 2891; x_wconf 89' lang='lat' dir='ltr'>eo</span> <span class='ocrx_word' id='word_1_245' title='bbox 682 2830 749 2911; x_wconf 67' lang='lat' dir='ltr'>ipim</span> <span class='ocrx_word' id='word_1_246' title='bbox 766 2829 919 2909; x_wconf 78' lang='lat' dir='ltr'>Spiritum</span> <span class='ocrx_word' id='word_1_247' title='bbox 937 2828 1060 2889; x_wconf 74' lang='lat' dir='ltr'>Christo</span> <span class='ocrx_word' id='word_1_248' title='bbox 1077 2825 1256 2907; x_wconf 81' lang='lat' dir='ltr'>inferiorem</span> <span class='ocrx_word' id='word_1_249' title='bbox 1271 2827 1385 2890; x_wconf 82' lang='lat' dir='ltr'>dicere.</span> 
     </span>
     <span class='ocr_line' id='line_1_26' title="bbox 285 2931 1386 3008; baseline -0.001 -13"><span class='ocrx_word' id='word_1_250' title='bbox 285 2932 476 2996; x_wconf 87' lang='lat' dir='ltr'>Diffidenter</span> <span class='ocrx_word' id='word_1_251' title='bbox 490 2942 599 2995; x_wconf 88' lang='lat' dir='ltr'>tamen</span> <span class='ocrx_word' id='word_1_252' title='bbox 617 2933 686 2995; x_wconf 88' lang='lat' dir='ltr'>hoc.</span> <span class='ocrx_word' id='word_1_253' title='bbox 732 2933 810 2996; x_wconf 82' lang='lat' dir='ltr'>Non</span> <span class='ocrx_word' id='word_1_254' title='bbox 825 2932 913 2996; x_wconf 90' lang='lat' dir='ltr'>enim</span> <span class='ocrx_word' id='word_1_255' title='bbox 929 2931 1077 3008; x_wconf 75' lang='lat' dir='ltr'>absolate,</span> <span class='ocrx_word' id='word_1_256' title='bbox 1094 2931 1150 2994; x_wconf 84' lang='lat' dir='ltr'>sed</span> <span class='ocrx_word' id='word_1_257' title='bbox 1162 2932 1323 2994; x_wconf 70' lang='lat' dir='ltr'>ordinarie</span> <span class='ocrx_word' id='word_1_258' title='bbox 1336 2933 1386 2994; x_wconf 79' lang='lat' dir='ltr'>ia-</span> 
     </span>
     <span class='ocr_line' id='line_1_27' title="bbox 275 3035 1386 3119; baseline -0.001 -20"><span class='ocrx_word' id='word_1_259' title='bbox 275 3037 428 3117; x_wconf 82' lang='lat' dir='ltr'>seriorem</span> <span class='ocrx_word' id='word_1_260' title='bbox 451 3058 526 3113; x_wconf 78' lang='lat' dir='ltr'>esee,</span> <span class='ocrx_word' id='word_1_261' title='bbox 546 3039 598 3118; x_wconf 78' lang='lat' dir='ltr'>qai</span> <span class='ocrx_word' id='word_1_262' title='bbox 615 3039 695 3100; x_wconf 70' lang='lat' dir='ltr'>vices</span> <span class='ocrx_word' id='word_1_263' title='bbox 714 3038 845 3099; x_wconf 80' lang='lat' dir='ltr'>alteriue</span> <span class='ocrx_word' id='word_1_264' title='bbox 856 3041 958 3119; x_wconf 75' lang='lat' dir='ltr'>perat.</span> <span class='ocrx_word' id='word_1_265' title='bbox 1005 3035 1201 3097; x_wconf 82' lang='lat' dir='ltr'>Ordiaurie?</span> <span class='ocrx_word' id='word_1_266' title='bbox 1224 3056 1288 3118; x_wconf 91' lang='lat' dir='ltr'>qua</span> <span class='ocrx_word' id='word_1_267' title='bbox 1308 3055 1386 3098; x_wconf 82' lang='lat' dir='ltr'>voce</span> 
     </span>
     <span class='ocr_line' id='line_1_28' title="bbox 283 3139 1387 3223; baseline 0 -20"><span class='ocrx_word' id='word_1_268' title='bbox 283 3140 461 3203; x_wconf 84' lang='lat' dir='ltr'>meditatur</span> <span class='ocrx_word' id='word_1_269' title='bbox 481 3142 601 3223; x_wconf 86' lang='lat' dir='ltr'>fugam,</span> <span class='ocrx_word' id='word_1_270' title='bbox 624 3141 722 3223; x_wconf 89' lang='lat' dir='ltr'>siquis</span> <span class='ocrx_word' id='word_1_271' title='bbox 743 3149 868 3223; x_wconf 89' lang='lat' dir='ltr'>premat</span> <span class='ocrx_word' id='word_1_272' title='bbox 892 3140 1020 3202; x_wconf 82' lang='lat' dir='ltr'>arctius.</span> <span class='ocrx_word' id='word_1_273' title='bbox 1067 3140 1206 3201; x_wconf 81' lang='lat' dir='ltr'>Missum</span> <span class='ocrx_word' id='word_1_274' title='bbox 1221 3160 1241 3201; x_wconf 89' lang='lat' dir='ltr'>a</span> <span class='ocrx_word' id='word_1_275' title='bbox 1256 3139 1387 3203; x_wconf 83' lang='lat' dir='ltr'>Christo</span> 
     </span>
     <span class='ocr_line' id='line_1_29' title="bbox 286 3239 1387 3327; baseline -0.003 -21"><span class='ocrx_word' id='word_1_276' title='bbox 286 3244 452 3327; x_wconf 84' lang='lat' dir='ltr'>Spiritum,</span> <span class='ocrx_word' id='word_1_277' title='bbox 469 3266 535 3308; x_wconf 92' lang='lat' dir='ltr'>non</span> <span class='ocrx_word' id='word_1_278' title='bbox 559 3244 690 3325; x_wconf 85' lang='lat' dir='ltr'>negabit</span> <span class='ocrx_word' id='word_1_279' title='bbox 715 3244 815 3324; x_wconf 84' lang='lat' dir='ltr'>(scio.)</span> <span class='ocrx_word' id='word_1_280' title='bbox 868 3244 1037 3306; x_wconf 82' lang='lat' dir='ltr'>Ordirmrie</span> <span class='ocrx_word' id='word_1_281' title='bbox 1060 3252 1169 3304; x_wconf 89' lang='lat' dir='ltr'>autem</span> <span class='ocrx_word' id='word_1_282' title='bbox 1189 3239 1321 3322; x_wconf 78' lang='lat' dir='ltr'>inferior</span> <span class='ocrx_word' id='word_1_283' title='bbox 1339 3247 1387 3304; x_wconf 79' lang='lat' dir='ltr'>eat</span> 
     </span>
     <span class='ocr_line' id='line_1_30' title="bbox 283 3345 1385 3431; baseline -0.003 -22"><span class='ocrx_word' id='word_1_284' title='bbox 283 3350 431 3425; x_wconf 75' lang='lat' dir='ltr'>mittente,</span> <span class='ocrx_word' id='word_1_285' title='bbox 448 3350 500 3429; x_wconf 79' lang='lat' dir='ltr'>qui</span> <span class='ocrx_word' id='word_1_286' title='bbox 516 3350 670 3410; x_wconf 75' lang='lat' dir='ltr'>mittitur:</span> <span class='ocrx_word' id='word_1_287' title='bbox 692 3369 818 3431; x_wconf 88' lang='lat' dir='ltr'>nempe,</span> <span class='ocrx_word' id='word_1_288' title='bbox 834 3355 871 3410; x_wconf 93' lang='lat' dir='ltr'>ut</span> <span class='ocrx_word' id='word_1_289' title='bbox 883 3348 1100 3429; x_wconf 74' lang='lat' dir='ltr'>Apostolorum</span> <span class='ocrx_word' id='word_1_290' title='bbox 1113 3345 1248 3428; x_wconf 86' lang='lat' dir='ltr'>collegio</span> <span class='ocrx_word' id='word_1_291' title='bbox 1260 3346 1385 3424; x_wconf 87' lang='lat' dir='ltr'>Petrus,</span> 
     </span>
     <span class='ocr_line' id='line_1_31' title="bbox 284 3448 1386 3535; baseline -0.004 -21"><span class='ocrx_word' id='word_1_292' title='bbox 284 3474 382 3535; x_wconf 90' lang='lat' dir='ltr'>aquo</span> <span class='ocrx_word' id='word_1_293' title='bbox 398 3453 508 3514; x_wconf 75' lang='lat' dir='ltr'>mimae</span> <span class='ocrx_word' id='word_1_294' title='bbox 523 3453 556 3513; x_wconf 85' lang='lat' dir='ltr'>ia</span> <span class='ocrx_word' id='word_1_295' title='bbox 572 3449 770 3514; x_wconf 73' lang='lat' dir='ltr'>Sorrmrioms.</span> <span class='ocrx_word' id='word_1_296' title='bbox 807 3451 948 3514; x_wconf 85' lang='lat' dir='ltr'>Missum</span> <span class='ocrx_word' id='word_1_297' title='bbox 964 3459 1072 3512; x_wconf 88' lang='lat' dir='ltr'>autem</span> <span class='ocrx_word' id='word_1_298' title='bbox 1091 3448 1256 3530; x_wconf 90' lang='lat' dir='ltr'>Spiritum,</span> <span class='ocrx_word' id='word_1_299' title='bbox 1273 3449 1314 3511; x_wconf 91' lang='lat' dir='ltr'>ad</span> <span class='ocrx_word' id='word_1_300' title='bbox 1332 3449 1386 3510; x_wconf 78' lang='lat' dir='ltr'>Ve-</span> 
     </span>
     <span class='ocr_line' id='line_1_32' title="bbox 285 3551 1386 3634; baseline -0.001 -19"><span class='ocrx_word' id='word_1_301' title='bbox 285 3555 405 3615; x_wconf 82' lang='lat' dir='ltr'>cdriam</span> <span class='ocrx_word' id='word_1_302' title='bbox 422 3573 556 3633; x_wconf 80' lang='lat' dir='ltr'>operam,</span> <span class='ocrx_word' id='word_1_303' title='bbox 572 3560 609 3615; x_wconf 90' lang='lat' dir='ltr'>ut</span> <span class='ocrx_word' id='word_1_304' title='bbox 627 3555 659 3615; x_wconf 82' lang='lat' dir='ltr'>ia</span> <span class='ocrx_word' id='word_1_305' title='bbox 678 3555 855 3616; x_wconf 84' lang='lat' dir='ltr'>memoriam</span> <span class='ocrx_word' id='word_1_306' title='bbox 878 3555 923 3615; x_wconf 81' lang='lat' dir='ltr'>eia</span> <span class='ocrx_word' id='word_1_307' title='bbox 944 3558 1131 3628; x_wconf 69' lang='lat' dir='ltr'>revocarem,</span> <span class='ocrx_word' id='word_1_308' title='bbox 1151 3571 1221 3634; x_wconf 88' lang='lat' dir='ltr'>quae</span> <span class='ocrx_word' id='word_1_309' title='bbox 1237 3551 1386 3614; x_wconf 81' lang='lat' dir='ltr'>Christus</span> 
     </span>
     <span class='ocr_line' id='line_1_33' title="bbox 285 3654 1388 3737; baseline -0.004 -18"><span class='ocrx_word' id='word_1_310' title='bbox 285 3655 409 3719; x_wconf 82' lang='lat' dir='ltr'>dixerat</span> <span class='ocrx_word' id='word_1_311' title='bbox 418 3682 428 3733; x_wconf 79' lang='lat'>3</span> <span class='ocrx_word' id='word_1_312' title='bbox 451 3676 520 3731; x_wconf 88' lang='lat' dir='ltr'>nec,</span> <span class='ocrx_word' id='word_1_313' title='bbox 538 3658 741 3737; x_wconf 65' lang='lat' dir='ltr'>asemetprao,</span> <span class='ocrx_word' id='word_1_314' title='bbox 758 3657 815 3719; x_wconf 79' lang='lat' dir='ltr'>eed</span> <span class='ocrx_word' id='word_1_315' title='bbox 832 3678 851 3718; x_wconf 84' lang='lat' dir='ltr'>a</span> <span class='ocrx_word' id='word_1_316' title='bbox 871 3657 993 3718; x_wconf 67' lang='lat' dir='ltr'>Christo</span> <span class='ocrx_word' id='word_1_317' title='bbox 1016 3661 1223 3735; x_wconf 79' lang='lat' dir='ltr'>accepturum,</span> <span class='ocrx_word' id='word_1_318' title='bbox 1240 3674 1306 3736; x_wconf 79' lang='lat' dir='ltr'>quoe</span> <span class='ocrx_word' id='word_1_319' title='bbox 1321 3654 1388 3716; x_wconf 80' lang='lat' dir='ltr'>illis</span> 
     </span>
     <span class='ocr_line' id='line_1_34' title="bbox 286 3757 1388 3841; baseline 0.001 -22"><span class='ocrx_word' id='word_1_320' title='bbox 286 3757 490 3830; x_wconf 41' lang='lat' dir='ltr'>anamim&amp;</span> <span class='ocrx_word' id='word_1_321' title='bbox 513 3779 555 3821; x_wconf 88' lang='lat' dir='ltr'>ue</span> <span class='ocrx_word' id='word_1_322' title='bbox 577 3759 639 3821; x_wconf 86' lang='lat' dir='ltr'>hoc</span> <span class='ocrx_word' id='word_1_323' title='bbox 660 3759 788 3841; x_wconf 89' lang='lat' dir='ltr'>quidem</span> <span class='ocrx_word' id='word_1_324' title='bbox 811 3759 951 3841; x_wconf 85' lang='lat' dir='ltr'>negabit.</span> <span class='ocrx_word' id='word_1_325' title='bbox 997 3760 1040 3821; x_wconf 88' lang='lat' dir='ltr'>Et</span> <span class='ocrx_word' id='word_1_326' title='bbox 1057 3758 1133 3841; x_wconf 90' lang='lat' dir='ltr'>quid</span> <span class='ocrx_word' id='word_1_327' title='bbox 1154 3757 1225 3833; x_wconf 87' lang='lat' dir='ltr'>hoe,</span> <span class='ocrx_word' id='word_1_328' title='bbox 1241 3777 1388 3820; x_wconf 83' lang='lat' dir='ltr'>revocare</span> 
     </span>
     <span class='ocr_line' id='line_1_35' title="bbox 286 3862 1389 3943; baseline 0.002 -20"><span class='ocrx_word' id='word_1_329' title='bbox 286 3863 320 3923; x_wconf 82' lang='lat' dir='ltr'>ia</span> <span class='ocrx_word' id='word_1_330' title='bbox 342 3867 469 3923; x_wconf 83' lang='lat' dir='ltr'>mentem</span> <span class='ocrx_word' id='word_1_331' title='bbox 487 3882 554 3943; x_wconf 77' lang='lat' dir='ltr'>que</span> <span class='ocrx_word' id='word_1_332' title='bbox 571 3862 713 3925; x_wconf 75' lang='lat' dir='ltr'>Christus</span> <span class='ocrx_word' id='word_1_333' title='bbox 728 3864 863 3940; x_wconf 66' lang='lat' dir='ltr'>diderat,</span> <span class='ocrx_word' id='word_1_334' title='bbox 882 3885 901 3924; x_wconf 83' lang='lat' dir='ltr'>a</span> <span class='ocrx_word' id='word_1_335' title='bbox 927 3864 1049 3924; x_wconf 75' lang='lat' dir='ltr'>Christo</span> <span class='ocrx_word' id='word_1_336' title='bbox 1073 3863 1212 3942; x_wconf 82' lang='lat' dir='ltr'>accipere</span> <span class='ocrx_word' id='word_1_337' title='bbox 1234 3881 1300 3942; x_wconf 78' lang='lat' dir='ltr'>que</span> <span class='ocrx_word' id='word_1_338' title='bbox 1322 3862 1389 3925; x_wconf 82' lang='lat' dir='ltr'>illia</span> 
     </span>
     <span class='ocr_line' id='line_1_36' title="bbox 286 3964 1389 4048; baseline -0.001 -22"><span class='ocrx_word' id='word_1_339' title='bbox 286 3964 461 4039; x_wconf 70' lang='lat' dir='ltr'>aanetndet,</span> <span class='ocrx_word' id='word_1_340' title='bbox 476 3965 573 4041; x_wconf 89' lang='lat' dir='ltr'>aliud,</span> <span class='ocrx_word' id='word_1_341' title='bbox 591 3986 686 4047; x_wconf 89' lang='lat' dir='ltr'>quam</span> <span class='ocrx_word' id='word_1_342' title='bbox 701 3968 782 4029; x_wconf 81' lang='lat' dir='ltr'>vices</span> <span class='ocrx_word' id='word_1_343' title='bbox 797 3968 945 4048; x_wconf 76' lang='lat' dir='ltr'>eoeplere?</span> <span class='ocrx_word' id='word_1_344' title='bbox 990 3966 1150 4027; x_wconf 81' lang='lat' dir='ltr'>Paracleti</span> <span class='ocrx_word' id='word_1_345' title='bbox 1166 3984 1285 4026; x_wconf 89' lang='lat' dir='ltr'>nomen</span> <span class='ocrx_word' id='word_1_346' title='bbox 1309 3964 1389 4046; x_wconf 91' lang='lat' dir='ltr'>quid</span> 
     </span>
     <span class='ocr_line' id='line_1_37' title="bbox 286 4066 1389 4152; baseline 0.001 -24"><span class='ocrx_word' id='word_1_347' title='bbox 286 4066 373 4129; x_wconf 87' lang='lat' dir='ltr'>aliud</span> <span class='ocrx_word' id='word_1_348' title='bbox 388 4076 491 4145; x_wconf 88' lang='lat' dir='ltr'>sonat,</span> <span class='ocrx_word' id='word_1_349' title='bbox 508 4090 604 4152; x_wconf 88' lang='lat' dir='ltr'>quam</span> <span class='ocrx_word' id='word_1_350' title='bbox 620 4070 840 4133; x_wconf 79' lang='lat' dir='ltr'>Advocatum?</span> <span class='ocrx_word' id='word_1_351' title='bbox 884 4070 1064 4132; x_wconf 74' lang='lat' dir='ltr'>Adeoeatzm</span> <span class='ocrx_word' id='word_1_352' title='bbox 1084 4067 1161 4151; x_wconf 90' lang='lat' dir='ltr'>quid</span> <span class='ocrx_word' id='word_1_353' title='bbox 1176 4066 1272 4144; x_wconf 89' lang='lat' dir='ltr'>aliud,</span> <span class='ocrx_word' id='word_1_354' title='bbox 1289 4088 1389 4149; x_wconf 89' lang='lat' dir='ltr'>quam</span> 
     </span>
     <span class='ocr_line' id='line_1_38' title="bbox 286 4171 1390 4257; baseline 0.005 -25"><span class='ocrx_word' id='word_1_355' title='bbox 286 4171 419 4233; x_wconf 88' lang='lat' dir='ltr'>alterius</span> <span class='ocrx_word' id='word_1_356' title='bbox 433 4172 517 4235; x_wconf 87' lang='lat' dir='ltr'>vices</span> <span class='ocrx_word' id='word_1_357' title='bbox 532 4174 736 4257; x_wconf 83' lang='lat' dir='ltr'>explentem?</span> <span class='ocrx_word' id='word_1_358' title='bbox 781 4174 824 4236; x_wconf 89' lang='lat' dir='ltr'>Et</span> <span class='ocrx_word' id='word_1_359' title='bbox 840 4173 1019 4235; x_wconf 77' lang='lat' dir='ltr'>Advocatua</span> <span class='ocrx_word' id='word_1_360' title='bbox 1039 4177 1144 4233; x_wconf 82' lang='lat' dir='ltr'>noster</span> <span class='ocrx_word' id='word_1_361' title='bbox 1161 4173 1311 4249; x_wconf 68' lang='lat' dir='ltr'>Christus,</span> <span class='ocrx_word' id='word_1_362' title='bbox 1327 4194 1390 4237; x_wconf 86' lang='lat' dir='ltr'>neo</span> 
     </span>
    </p>
   </div>
   <div class='ocr_carea' id='block_1_6' title="bbox 286 4274 1391 4360">
    <p class='ocr_par' dir='ltr' id='par_1_9' title="bbox 286 4274 1391 4360">
     <span class='ocr_line' id='line_1_39' title="bbox 286 4274 1391 4360; baseline 0.002 -23"><span class='ocrx_word' id='word_1_363' title='bbox 286 4274 379 4338; x_wconf 86' lang='lat' dir='ltr'>nobis</span> <span class='ocrx_word' id='word_1_364' title='bbox 394 4282 503 4338; x_wconf 87' lang='lat' dir='ltr'>tamen</span> <span class='ocrx_word' id='word_1_365' title='bbox 525 4277 625 4360; x_wconf 84' lang='lat' dir='ltr'>(puto)</span> <span class='ocrx_word' id='word_1_366' title='bbox 644 4275 785 4340; x_wconf 81' lang='lat' dir='ltr'>inferior.</span> <span class='ocrx_word' id='word_1_367' title='bbox 831 4276 990 4359; x_wconf 87' lang='lat' dir='ltr'>Denique,</span> <span class='ocrx_word' id='word_1_368' title='bbox 1008 4297 1067 4339; x_wconf 88' lang='lat' dir='ltr'>nec</span> <span class='ocrx_word' id='word_1_369' title='bbox 1086 4296 1163 4338; x_wconf 89' lang='lat' dir='ltr'>voce</span> <span class='ocrx_word' id='word_1_370' title='bbox 1181 4274 1250 4358; x_wconf 82' lang='lat' dir='ltr'>ipsa</span> <span class='ocrx_word' id='word_1_371' title='bbox 1267 4276 1391 4339; x_wconf 76' lang='lat' dir='ltr'>Vacarii</span> 
     </span>
    </p>
   </div>
   <div class='ocr_carea' id='block_1_7' title="bbox 318 4444 1132 4575">
    <p class='ocr_par' dir='ltr' id='par_1_10' title="bbox 318 4444 1132 4575">
     <span class='ocr_line' id='line_1_40' title="bbox 343 4444 1132 4575; baseline 0.003 -84"><span class='ocrx_word' id='word_1_372' title='bbox 343 4444 424 4573; x_wconf 64' lang='lat' dir='ltr'>pVide</span> <span class='ocrx_word' id='word_1_373' title='bbox 435 4461 516 4508; x_wconf 75' lang='lat' dir='ltr'>supra</span> <span class='ocrx_word' id='word_1_374' title='bbox 528 4461 551 4509; x_wconf 89' lang='lat' dir='ltr'>p.</span> <span class='ocrx_word' id='word_1_375' title='bbox 562 4448 601 4495; x_wconf 83' lang='lat'>91.</span> <span class='ocrx_word' id='word_1_376' title='bbox 613 4452 664 4496; x_wconf 83' lang='lat' dir='ltr'>not</span> <span class='ocrx_word' id='word_1_377' title='bbox 674 4446 704 4508; x_wconf 81' lang='grc'>“.]</span> <span class='ocrx_word' id='word_1_378' title='bbox 892 4455 902 4483; x_wconf 78' lang='lat'><em>¹</em></span> <span class='ocrx_word' id='word_1_379' title='bbox 920 4445 1001 4575; x_wconf 55' lang='lat' dir='ltr'>pleon.</span> <span class='ocrx_word' id='word_1_380' title='bbox 1014 4447 1064 4494; x_wconf 87' lang='lat' dir='ltr'>xiv.</span> <span class='ocrx_word' id='word_1_381' title='bbox 1077 4445 1132 4573; x_wconf 58' lang='grc' dir='ltr'>2δῆ</span> 
     </span>
     <span class='ocr_line' id='line_1_41' title="bbox 318 4508 1119 4574; baseline -0.002 -15"><span class='ocrx_word' id='word_1_382' title='bbox 318 4508 327 4541; x_wconf 63' lang='lat' dir='ltr'>t</span> <span class='ocrx_word' id='word_1_383' title='bbox 353 4510 410 4559; x_wconf 79' lang='lat' dir='ltr'>dot</span> <span class='ocrx_word' id='word_1_384' title='bbox 423 4511 512 4573; x_wconf 83' lang='lat' dir='ltr'>Apost.</span> <span class='ocrx_word' id='word_1_385' title='bbox 524 4511 577 4560; x_wconf 85' lang='lat' dir='ltr'>viii.</span> <span class='ocrx_word' id='word_1_386' title='bbox 591 4511 640 4574; x_wconf 71' lang='lat' dir='ltr'>lt]</span> <span class='ocrx_word' id='word_1_387' title='bbox 895 4509 905 4541; x_wconf 77' lang='lat'>¹¹</span> <span class='ocrx_word' id='word_1_388' title='bbox 932 4510 1119 4563; x_wconf 80' lang='lat' dir='ltr'>Joaa.rvi.15.</span> 
     </span>
    </p>
   </div>
   <div class='ocr_carea' id='block_1_8' title="bbox 0 0 1472 4926">
    <p class='ocr_par' dir='ltr' id='par_1_11' title="bbox 0 0 1472 4926">
     <span class='ocr_line' id='line_1_42' title="bbox 0 0 1472 4926; baseline 0 0"><span class='ocrx_word' id='word_1_389' title='bbox 0 0 1472 4926; x_wconf 95' lang='lat' dir='ltr'> </span> 
     </span>
    </p>
   </div>
  </div>
 </body>
</html>
