<?xml version="1.0" encoding="UTF-8"?>
<!DOCTYPE html PUBLIC "-//W3C//DTD XHTML 1.0 Transitional//EN"
    "http://www.w3.org/TR/xhtml1/DTD/xhtml1-transitional.dtd">
<html xmlns="http://www.w3.org/1999/xhtml" xml:lang="en" lang="en">
 <head>
  <title>
</title>
<meta http-equiv="Content-Type" content="text/html;charset=utf-8" />
  <meta name='ocr-system' content='tesseract 3.04.00' />
  <meta name='ocr-capabilities' content='ocr_page ocr_carea ocr_par ocr_line ocrx_word'/>
</head>
<body>
  <div class='ocr_page' id='page_1' title='image "./responsioadapol00andrgoog_0427.png"; bbox 0 0 2910 4926; ppageno 0'>
   <div class='ocr_carea' id='block_1_1' title="bbox 268 271 1050 338">
    <p class='ocr_par' dir='ltr' id='par_1_1' title="bbox 268 271 1050 338">
     <span class='ocr_line' id='line_1_1' title="bbox 268 271 1050 338; baseline 0.005 -4"><span class='ocrx_word' id='word_1_1' title='bbox 268 271 334 334; x_wconf 79' lang='lat'><strong>384</strong></span> <span class='ocrx_word' id='word_1_2' title='bbox 575 288 617 336; x_wconf 75' lang='lat' dir='ltr'><strong>so</strong></span> <span class='ocrx_word' id='word_1_3' title='bbox 638 287 829 337; x_wconf 71' lang='lat' dir='ltr'><strong>einamma</strong></span> <span class='ocrx_word' id='word_1_4' title='bbox 852 290 1050 338; x_wconf 81' lang='lat' dir='ltr'><strong>armsunmr</strong></span> 
     </span>
    </p>
   </div>
   <div class='ocr_carea' id='block_1_2' title="bbox 242 419 1394 1784">
    <p class='ocr_par' dir='ltr' id='par_1_2' title="bbox 242 419 1394 1784">
     <span class='ocr_line' id='line_1_2' title="bbox 267 419 1374 531; baseline 0.007 -24"><span class='ocrx_word' id='word_1_5' title='bbox 267 419 389 527; x_wconf 91' lang='lat' dir='ltr'><strong>liquido</strong></span> <span class='ocrx_word' id='word_1_6' title='bbox 414 442 655 524; x_wconf 88' lang='lat' dir='ltr'><strong>demonstravit,</strong></span> <span class='ocrx_word' id='word_1_7' title='bbox 683 446 768 530; x_wconf 89' lang='lat' dir='ltr'><strong>quod</strong></span> <span class='ocrx_word' id='word_1_8' title='bbox 792 445 867 510; x_wconf 88' lang='lat' dir='ltr'><strong>fecit</strong></span> <span class='ocrx_word' id='word_1_9' title='bbox 894 447 1067 527; x_wconf 85' lang='lat' dir='ltr'><strong>Lutherus,</strong></span> <span class='ocrx_word' id='word_1_10' title='bbox 1095 449 1185 531; x_wconf 85' lang='lat' dir='ltr'><strong>justu</strong></span> <span class='ocrx_word' id='word_1_11' title='bbox 1210 469 1249 513; x_wconf 84' lang='lat' dir='ltr'><strong>ex</strong></span> <span class='ocrx_word' id='word_1_12' title='bbox 1275 471 1374 515; x_wconf 87' lang='lat' dir='ltr'><strong>causa</strong></span> 
     </span>
     <span class='ocr_line' id='line_1_3' title="bbox 268 549 1373 637; baseline 0.005 -24"><span class='ocrx_word' id='word_1_13' title='bbox 268 549 391 631; x_wconf 82' lang='lat' dir='ltr'><strong>fecisse,</strong></span> <span class='ocrx_word' id='word_1_14' title='bbox 415 557 511 634; x_wconf 83' lang='lat' dir='ltr'><strong>atque</strong></span> <span class='ocrx_word' id='word_1_15' title='bbox 533 551 724 614; x_wconf 67' lang='lat' dir='ltr'><strong><em>occasionem</em></strong></span> <span class='ocrx_word' id='word_1_16' title='bbox 746 550 793 613; x_wconf 92' lang='lat' dir='ltr'><strong>illi</strong></span> <span class='ocrx_word' id='word_1_17' title='bbox 820 550 917 616; x_wconf 81' lang='lat' dir='ltr'><strong>fuisse</strong></span> <span class='ocrx_word' id='word_1_18' title='bbox 940 552 1018 616; x_wconf 87' lang='lat' dir='ltr'><strong>satis</strong></span> <span class='ocrx_word' id='word_1_19' title='bbox 1044 552 1212 617; x_wconf 85' lang='lat' dir='ltr'>idoneam:</span> <span class='ocrx_word' id='word_1_20' title='bbox 1242 575 1314 637; x_wconf 82' lang='lat' dir='ltr'><strong>quae</strong></span> <span class='ocrx_word' id='word_1_21' title='bbox 1338 564 1373 620; x_wconf 89' lang='lat' dir='ltr'><strong>et</strong></span> 
     </span>
     <span class='ocr_line' id='line_1_4' title="bbox 267 653 1371 739; baseline 0.003 -21"><span class='ocrx_word' id='word_1_22' title='bbox 267 654 414 720; x_wconf 90' lang='lat' dir='ltr'><strong>inimicos</strong></span> <span class='ocrx_word' id='word_1_23' title='bbox 427 656 497 739; x_wconf 88' lang='lat' dir='ltr'><strong>ejus</strong></span> <span class='ocrx_word' id='word_1_24' title='bbox 515 656 607 738; x_wconf 83' lang='lat' dir='ltr'><strong>(quos</strong></span> <span class='ocrx_word' id='word_1_25' title='bbox 629 653 722 719; x_wconf 92' lang='lat' dir='ltr'><strong>initio</strong></span> <span class='ocrx_word' id='word_1_26' title='bbox 741 675 809 719; x_wconf 90' lang='lat' dir='ltr'><strong>non</strong></span> <span class='ocrx_word' id='word_1_27' title='bbox 826 655 942 738; x_wconf 88' lang='lat' dir='ltr'><strong>potuit)</strong></span> <span class='ocrx_word' id='word_1_28' title='bbox 961 656 1095 721; x_wconf 88' lang='lat' dir='ltr'><strong>tandem</strong></span> <span class='ocrx_word' id='word_1_29' title='bbox 1116 663 1225 721; x_wconf 86' lang='lat' dir='ltr'><strong>tamen</strong></span> <span class='ocrx_word' id='word_1_30' title='bbox 1245 658 1371 722; x_wconf 85' lang='lat' dir='ltr'><strong>Suffra-</strong></span> 
     </span>
     <span class='ocr_line' id='line_1_5' title="bbox 268 758 1373 845; baseline 0.004 -23"><span class='ocrx_word' id='word_1_31' title='bbox 268 766 395 841; x_wconf 84' lang='lat' dir='ltr'><strong>gatores</strong></span> <span class='ocrx_word' id='word_1_32' title='bbox 410 758 533 822; x_wconf 90' lang='lat' dir='ltr'><strong>habuit.</strong></span> <span class='ocrx_word' id='word_1_33' title='bbox 578 760 652 827; x_wconf 76' lang='lat' dir='ltr'><strong>Qua</strong></span> <span class='ocrx_word' id='word_1_34' title='bbox 666 781 732 823; x_wconf 85' lang='lat' dir='ltr'><strong>una</strong></span> <span class='ocrx_word' id='word_1_35' title='bbox 744 779 780 822; x_wconf 88' lang='lat' dir='ltr'><strong>re</strong></span> <span class='ocrx_word' id='word_1_36' title='bbox 802 758 942 843; x_wconf 92' lang='lat' dir='ltr'><strong>primum</strong></span> <span class='ocrx_word' id='word_1_37' title='bbox 959 759 1081 824; x_wconf 87' lang='lat' dir='ltr'><strong>bellum</strong></span> <span class='ocrx_word' id='word_1_38' title='bbox 1095 760 1205 838; x_wconf 88' lang='lat' dir='ltr'><strong>movit,</strong></span> <span class='ocrx_word' id='word_1_39' title='bbox 1221 783 1286 845; x_wconf 90' lang='lat' dir='ltr'><strong>qua</strong></span> <span class='ocrx_word' id='word_1_40' title='bbox 1301 783 1373 826; x_wconf 86' lang='lat' dir='ltr'><strong>una</strong></span> 
     </span>
     <span class='ocr_line' id='line_1_6' title="bbox 242 860 1371 945; baseline 0.004 -21"><span class='ocrx_word' id='word_1_41' title='bbox 242 928 245 935; x_wconf 68' lang='grc'><strong>,</strong></span> <span class='ocrx_word' id='word_1_42' title='bbox 268 882 303 925; x_wconf 90' lang='lat' dir='ltr'><strong>re</strong></span> <span class='ocrx_word' id='word_1_43' title='bbox 323 860 364 924; x_wconf 84' lang='lat' dir='ltr'><strong>od</strong></span> <span class='ocrx_word' id='word_1_44' title='bbox 387 868 568 926; x_wconf 83' lang='lat' dir='ltr'><strong>extremum</strong></span> <span class='ocrx_word' id='word_1_45' title='bbox 590 864 692 926; x_wconf 84' lang='lat' dir='ltr'><strong>victor</strong></span> <span class='ocrx_word' id='word_1_46' title='bbox 712 861 801 926; x_wconf 84' lang='lat' dir='ltr'><strong>abiit.</strong></span> <span class='ocrx_word' id='word_1_47' title='bbox 846 862 962 945; x_wconf 83' lang='lat' dir='ltr'><strong>Neque</strong></span> <span class='ocrx_word' id='word_1_48' title='bbox 987 883 1063 926; x_wconf 85' lang='lat' dir='ltr'><strong>vero</strong></span> <span class='ocrx_word' id='word_1_49' title='bbox 1087 884 1125 926; x_wconf 91' lang='lat' dir='ltr'><strong>ea</strong></span> <span class='ocrx_word' id='word_1_50' title='bbox 1147 865 1307 928; x_wconf 79' lang='lat' dir='ltr'><strong>occasione</strong></span> <span class='ocrx_word' id='word_1_51' title='bbox 1330 866 1371 929; x_wconf 83' lang='lat' dir='ltr'><strong>de</strong></span> 
     </span>
     <span class='ocr_line' id='line_1_7' title="bbox 267 964 1371 1048; baseline 0.003 -20"><span class='ocrx_word' id='word_1_52' title='bbox 267 965 342 1028; x_wconf 85' lang='lat' dir='ltr'><strong>coelo</strong></span> <span class='ocrx_word' id='word_1_53' title='bbox 357 965 479 1043; x_wconf 77' lang='lat' dir='ltr'><strong>cecidit,</strong></span> <span class='ocrx_word' id='word_1_54' title='bbox 490 986 602 1029; x_wconf 88' lang='lat' dir='ltr'><strong>verum</strong></span> <span class='ocrx_word' id='word_1_55' title='bbox 618 965 666 1048; x_wconf 89' lang='lat' dir='ltr'><strong>(ut</strong></span> <span class='ocrx_word' id='word_1_56' title='bbox 677 964 814 1046; x_wconf 84' lang='lat' dir='ltr'><strong>videtur)</strong></span> <span class='ocrx_word' id='word_1_57' title='bbox 830 965 912 1029; x_wconf 89' lang='lat' dir='ltr'><strong>coelo</strong></span> <span class='ocrx_word' id='word_1_58' title='bbox 921 964 1081 1028; x_wconf 76' lang='lat' dir='ltr'><strong>militavit.</strong></span> <span class='ocrx_word' id='word_1_59' title='bbox 1112 966 1228 1047; x_wconf 81' lang='lat' dir='ltr'><strong>Adpssi</strong></span> <span class='ocrx_word' id='word_1_60' title='bbox 1236 973 1371 1047; x_wconf 69' lang='lat' dir='ltr'><strong>pateram</strong></span> 
     </span>
     <span class='ocr_line' id='line_1_8' title="bbox 267 1067 1368 1152; baseline 0.004 -20"><span class='ocrx_word' id='word_1_61' title='bbox 267 1067 434 1147; x_wconf 79' lang='lat' dir='ltr'><strong>conclusit,</strong></span> <span class='ocrx_word' id='word_1_62' title='bbox 458 1089 500 1132; x_wconf 89' lang='lat' dir='ltr'><strong>ne</strong></span> <span class='ocrx_word' id='word_1_63' title='bbox 520 1068 673 1152; x_wconf 82' lang='lat' dir='ltr'><strong>pestilens</strong></span> <span class='ocrx_word' id='word_1_64' title='bbox 694 1068 749 1132; x_wconf 91' lang='lat' dir='ltr'><strong>ille</strong></span> <span class='ocrx_word' id='word_1_65' title='bbox 770 1068 878 1131; x_wconf 87' lang='lat' dir='ltr'><strong>fumus</strong></span> <span class='ocrx_word' id='word_1_66' title='bbox 906 1067 1027 1132; x_wconf 92' lang='lat' dir='ltr'><strong>diutius</strong></span> <span class='ocrx_word' id='word_1_67' title='bbox 1048 1077 1157 1152; x_wconf 88' lang='lat' dir='ltr'><strong>posset</strong></span> <span class='ocrx_word' id='word_1_68' title='bbox 1182 1071 1368 1151; x_wconf 85' lang='lat' dir='ltr'><strong>ascendere,</strong></span> 
     </span>
     <span class='ocr_line' id='line_1_9' title="bbox 267 1169 1394 1257; baseline 0.004 -24"><span class='ocrx_word' id='word_1_69' title='bbox 267 1169 384 1253; x_wconf 90' lang='lat' dir='ltr'><strong>quibus</strong></span> <span class='ocrx_word' id='word_1_70' title='bbox 407 1171 454 1236; x_wconf 91' lang='lat' dir='ltr'><strong>sol</strong></span> <span class='ocrx_word' id='word_1_71' title='bbox 477 1177 573 1255; x_wconf 85' lang='lat' dir='ltr'><strong>atque</strong></span> <span class='ocrx_word' id='word_1_72' title='bbox 595 1192 650 1235; x_wconf 85' lang='lat' dir='ltr'><strong>aer</strong></span> <span class='ocrx_word' id='word_1_73' title='bbox 671 1178 739 1235; x_wconf 86' lang='lat' dir='ltr'><strong>tam</strong></span> <span class='ocrx_word' id='word_1_74' title='bbox 762 1171 818 1235; x_wconf 92' lang='lat' dir='ltr'><strong>diu</strong></span> <span class='ocrx_word' id='word_1_75' title='bbox 841 1170 1010 1236; x_wconf 87' lang='lat' dir='ltr'><strong>obscurati.</strong></span> <span class='ocrx_word' id='word_1_76' title='bbox 1056 1171 1241 1236; x_wconf 83' lang='lat' dir='ltr'><strong>Bonifacius</strong></span> <span class='ocrx_word' id='word_1_77' title='bbox 1255 1181 1368 1237; x_wconf 89' lang='lat' dir='ltr'><strong>autem</strong></span> <span class='ocrx_word' id='word_1_78' title='bbox 1390 1250 1394 1257; x_wconf 95' lang='lat'>.</span> 
     </span>
     <span class='ocr_line' id='line_1_10' title="bbox 266 1272 1368 1356; baseline 0.003 -20"><span class='ocrx_word' id='word_1_79' title='bbox 266 1272 382 1336; x_wconf 90' lang='lat' dir='ltr'><strong>tertius</strong></span> <span class='ocrx_word' id='word_1_80' title='bbox 412 1274 562 1338; x_wconf 80' lang='lat' dir='ltr'><strong>Pontifex</strong></span> <span class='ocrx_word' id='word_1_81' title='bbox 593 1274 761 1352; x_wconf 84' lang='lat' dir='ltr'><strong>maximus,</strong></span> <span class='ocrx_word' id='word_1_82' title='bbox 791 1275 977 1338; x_wconf 75' lang='lat' dir='ltr'><strong>universatis</strong></span> <span class='ocrx_word' id='word_1_83' title='bbox 1008 1273 1194 1356; x_wconf 82' lang='lat' dir='ltr'><strong>Episcopus,</strong></span> <span class='ocrx_word' id='word_1_84' title='bbox 1233 1275 1368 1340; x_wconf 82' lang='lat' dir='ltr'><strong>Stellam</strong></span> 
     </span>
     <span class='ocr_line' id='line_1_11' title="bbox 264 1376 1367 1461; baseline 0.002 -21"><span class='ocrx_word' id='word_1_85' title='bbox 264 1376 368 1460; x_wconf 79' lang='lat' dir='ltr'><strong>magis</strong></span> <span class='ocrx_word' id='word_1_86' title='bbox 382 1377 491 1456; x_wconf 83' lang='lat' dir='ltr'><strong>refert,</strong></span> <span class='ocrx_word' id='word_1_87' title='bbox 506 1377 613 1442; x_wconf 85' lang='lat' dir='ltr'><strong>radios</strong></span> <span class='ocrx_word' id='word_1_88' title='bbox 626 1377 733 1461; x_wconf 90' lang='lat' dir='ltr'><strong>plures</strong></span> <span class='ocrx_word' id='word_1_89' title='bbox 754 1376 862 1455; x_wconf 88' lang='lat' dir='ltr'><strong>habet,</strong></span> <span class='ocrx_word' id='word_1_90' title='bbox 878 1377 1026 1461; x_wconf 89' lang='lat' dir='ltr'><strong>majores,</strong></span> <span class='ocrx_word' id='word_1_91' title='bbox 1041 1377 1103 1440; x_wconf 87' lang='lat' dir='ltr'><strong>nisi</strong></span> <span class='ocrx_word' id='word_1_92' title='bbox 1117 1376 1208 1440; x_wconf 83' lang='lat' dir='ltr'><strong>valde</strong></span> <span class='ocrx_word' id='word_1_93' title='bbox 1223 1378 1367 1461; x_wconf 85' lang='lat' dir='ltr'><strong>caligent</strong></span> 
     </span>
     <span class='ocr_line' id='line_1_12' title="bbox 264 1479 1367 1564; baseline 0.002 -21"><span class='ocrx_word' id='word_1_94' title='bbox 264 1479 349 1543; x_wconf 92' lang='lat' dir='ltr'><strong>oculi</strong></span> <span class='ocrx_word' id='word_1_95' title='bbox 363 1480 537 1560; x_wconf 82' lang='lat' dir='ltr'><strong>Cardinsli,</strong></span> <span class='ocrx_word' id='word_1_96' title='bbox 554 1481 663 1545; x_wconf 85' lang='lat' dir='ltr'><strong>Stellae</strong></span> <span class='ocrx_word' id='word_1_97' title='bbox 678 1480 812 1545; x_wconf 75' lang='lat' dir='ltr'><strong>similior</strong></span> <span class='ocrx_word' id='word_1_98' title='bbox 825 1480 939 1559; x_wconf 88' lang='lat' dir='ltr'><strong>multo,</strong></span> <span class='ocrx_word' id='word_1_99' title='bbox 964 1501 1060 1564; x_wconf 81' lang='lat' dir='ltr'><strong>quam</strong></span> <span class='ocrx_word' id='word_1_100' title='bbox 1078 1481 1193 1544; x_wconf 83' lang='lat' dir='ltr'><strong>Frater</strong></span> <span class='ocrx_word' id='word_1_101' title='bbox 1207 1482 1367 1545; x_wconf 76' lang='lat' dir='ltr'><strong>botherus</strong></span> 
     </span>
     <span class='ocr_line' id='line_1_13' title="bbox 262 1581 1046 1685; baseline 0 -39"><span class='ocrx_word' id='word_1_102' title='bbox 262 1581 449 1667; x_wconf 81' lang='lat' dir='ltr'><strong>Vitebergae</strong></span> <span class='ocrx_word' id='word_1_103' title='bbox 462 1585 575 1648; x_wconf 81' lang='lat' dir='ltr'><strong>latens</strong></span> <span class='ocrx_word' id='word_1_104' title='bbox 620 1582 709 1649; x_wconf 84' lang='lat' dir='ltr'><strong>Cedo</strong></span> <span class='ocrx_word' id='word_1_105' title='bbox 724 1583 866 1667; x_wconf 86' lang='lat' dir='ltr'><strong>quemvis</strong></span> <span class='ocrx_word' id='word_1_106' title='bbox 881 1583 1046 1685; x_wconf 69' lang='lat' dir='ltr'><strong>arbitrum.</strong></span> 
     </span>
     <span class='ocr_line' id='line_1_14' title="bbox 296 1718 1365 1784; baseline 0.002 -16"><span class='ocrx_word' id='word_1_107' title='bbox 296 1718 333 1768; x_wconf 76' lang='lat' dir='ltr'><strong>nt</strong></span> <span class='ocrx_word' id='word_1_108' title='bbox 349 1732 408 1769; x_wconf 89' lang='lat' dir='ltr'><strong>cum</strong></span> <span class='ocrx_word' id='word_1_109' title='bbox 426 1720 493 1771; x_wconf 78' lang='lat' dir='ltr'><strong>bons</strong></span> <span class='ocrx_word' id='word_1_110' title='bbox 510 1718 587 1784; x_wconf 75' lang='lat' dir='ltr'><strong>Regis</strong></span> <span class='ocrx_word' id='word_1_111' title='bbox 605 1720 687 1781; x_wconf 82' lang='lat' dir='ltr'><strong>venia,</strong></span> <span class='ocrx_word' id='word_1_112' title='bbox 699 1719 843 1771; x_wconf 83' lang='lat' dir='ltr'><strong>Bonitscius</strong></span> <span class='ocrx_word' id='word_1_113' title='bbox 856 1720 964 1783; x_wconf 78' lang='lat' dir='ltr'><strong>(tertius)</strong></span> <span class='ocrx_word' id='word_1_114' title='bbox 976 1735 1029 1771; x_wconf 87' lang='lat' dir='ltr'><strong>uon</strong></span> <span class='ocrx_word' id='word_1_115' title='bbox 1043 1735 1069 1770; x_wconf 91' lang='lat' dir='ltr'><strong>se</strong></span> <span class='ocrx_word' id='word_1_116' title='bbox 1083 1719 1250 1770; x_wconf 84' lang='lat' dir='ltr'><strong>universalem</strong></span> <span class='ocrx_word' id='word_1_117' title='bbox 1262 1719 1365 1784; x_wconf 77' lang='lat' dir='ltr'><strong>Episco</strong></span> 
     </span>
    </p>
   </div>
   <div class='ocr_carea' id='block_1_3' title="bbox 327 1802 1364 1949">
    <p class='ocr_par' dir='ltr' id='par_1_3' title="bbox 327 1802 1364 1949">
     <span class='ocr_line' id='line_1_15' title="bbox 327 1802 1364 1868; baseline 0.001 -17"><span class='ocrx_word' id='word_1_118' title='bbox 327 1816 389 1866; x_wconf 91' lang='lat' dir='ltr'><strong>pum</strong></span> <span class='ocrx_word' id='word_1_119' title='bbox 406 1803 556 1861; x_wconf 80' lang='lat' dir='ltr'><strong>nominarit,</strong></span> <span class='ocrx_word' id='word_1_120' title='bbox 570 1803 615 1854; x_wconf 89' lang='lat' dir='ltr'><strong>sed</strong></span> <span class='ocrx_word' id='word_1_121' title='bbox 632 1802 743 1854; x_wconf 81' lang='lat' dir='ltr'><strong>sPhocs</strong></span> <span class='ocrx_word' id='word_1_122' title='bbox 754 1803 908 1868; x_wconf 78' lang='lat' dir='ltr'><strong>Imperatore</strong></span> <span class='ocrx_word' id='word_1_123' title='bbox 918 1803 955 1853; x_wconf 89' lang='lat' dir='ltr'><strong>sic</strong></span> <span class='ocrx_word' id='word_1_124' title='bbox 965 1803 1106 1868; x_wconf 77' lang='lat' dir='ltr'><strong>appellatus</strong></span> <span class='ocrx_word' id='word_1_125' title='bbox 1122 1802 1364 1868; x_wconf 83' lang='lat' dir='ltr'><strong>ost.-[Bell.Apol.</strong></span> 
     </span>
     <span class='ocr_line' id='line_1_16' title="bbox 327 1882 965 1949; baseline 0 -15"><span class='ocrx_word' id='word_1_126' title='bbox 327 1898 373 1947; x_wconf 89' lang='lat' dir='ltr'><strong>pro</strong></span> <span class='ocrx_word' id='word_1_127' title='bbox 384 1882 470 1949; x_wconf 84' lang='lat' dir='ltr'><strong>Resp]</strong></span> <span class='ocrx_word' id='word_1_128' title='bbox 481 1899 506 1947; x_wconf 89' lang='lat' dir='ltr'><strong>p.</strong></span> <span class='ocrx_word' id='word_1_129' title='bbox 516 1886 570 1935; x_wconf 77' lang='lat'>153.</span> <span class='ocrx_word' id='word_1_130' title='bbox 590 1884 660 1949; x_wconf 90' lang='lat' dir='ltr'><strong>[Op.,</strong></span> <span class='ocrx_word' id='word_1_131' title='bbox 671 1888 733 1935; x_wconf 87' lang='lat' dir='ltr'><strong>tom.</strong></span> <span class='ocrx_word' id='word_1_132' title='bbox 743 1885 787 1934; x_wconf 87' lang='lat' dir='ltr'><strong>rii.</strong></span> <span class='ocrx_word' id='word_1_133' title='bbox 800 1885 847 1935; x_wconf 89' lang='lat' dir='ltr'><strong>col.</strong></span> <span class='ocrx_word' id='word_1_134' title='bbox 856 1885 912 1936; x_wconf 80' lang='grc'><strong>790.</strong></span> <span class='ocrx_word' id='word_1_135' title='bbox 922 1883 965 1948; x_wconf 91' lang='lat' dir='ltr'><strong>D.]</strong></span> 
     </span>
    </p>
   </div>
   <div class='ocr_carea' id='block_1_4' title="bbox 94 1981 1363 3712">
    <p class='ocr_par' dir='ltr' id='par_1_4' title="bbox 94 1981 1363 3712">
     <span class='ocr_line' id='line_1_17' title="bbox 98 1981 1363 2072; baseline 0.001 -26"><span class='ocrx_word' id='word_1_136' title='bbox 98 1992 210 2071; x_wconf 61' lang='lat' dir='ltr'><strong>[ponta</strong></span> <span class='ocrx_word' id='word_1_137' title='bbox 233 2059 239 2072; x_wconf 42' lang='lat'><strong>·</strong></span> <span class='ocrx_word' id='word_1_138' title='bbox 307 1981 372 2047; x_wconf 84' lang='lat' dir='ltr'><strong>Sed</strong></span> <span class='ocrx_word' id='word_1_139' title='bbox 395 1981 578 2065; x_wconf 78' lang='lat' dir='ltr'><strong>Bonisocius</strong></span> <span class='ocrx_word' id='word_1_140' title='bbox 602 2004 635 2047; x_wconf 87' lang='lat' dir='ltr'><strong>se</strong></span> <span class='ocrx_word' id='word_1_141' title='bbox 656 1985 861 2048; x_wconf 67' lang='lat' dir='ltr'><strong>uoiomsotem</strong></span> <span class='ocrx_word' id='word_1_142' title='bbox 881 1982 1071 2065; x_wconf 71' lang='lat' dir='ltr'><strong>Episcopum</strong></span> <span class='ocrx_word' id='word_1_143' title='bbox 1093 2004 1154 2047; x_wconf 79' lang='lat' dir='ltr'><strong>oon</strong></span> <span class='ocrx_word' id='word_1_144' title='bbox 1179 1986 1363 2062; x_wconf 78' lang='lat' dir='ltr'><strong>nominavit,</strong></span> 
     </span>
     <span class='ocr_line' id='line_1_18' title="bbox 95 2072 1363 2173; baseline 0.001 -25"><span class='ocrx_word' id='word_1_145' title='bbox 95 2072 250 2173; x_wconf 52' lang='lat' dir='ltr'><strong>ssmessm&#39;</strong></span> <span class='ocrx_word' id='word_1_146' title='bbox 263 2105 367 2148; x_wconf 71' lang='lat' dir='ltr'><strong>ocrem</strong></span> <span class='ocrx_word' id='word_1_147' title='bbox 396 2107 417 2149; x_wconf 88' lang='lat' dir='ltr'><strong>c</strong></span> <span class='ocrx_word' id='word_1_148' title='bbox 438 2086 548 2149; x_wconf 80' lang='lat' dir='ltr'><strong>Ptsoco</strong></span> <span class='ocrx_word' id='word_1_149' title='bbox 576 2088 767 2168; x_wconf 83' lang='lat' dir='ltr'><strong>Imperatore</strong></span> <span class='ocrx_word' id='word_1_150' title='bbox 795 2088 842 2150; x_wconf 81' lang='lat' dir='ltr'><strong>sic</strong></span> <span class='ocrx_word' id='word_1_151' title='bbox 871 2087 1044 2167; x_wconf 81' lang='lat' dir='ltr'><strong>appellatus</strong></span> <span class='ocrx_word' id='word_1_152' title='bbox 1068 2093 1125 2149; x_wconf 86' lang='lat' dir='ltr'><strong>est.</strong></span> <span class='ocrx_word' id='word_1_153' title='bbox 1169 2087 1363 2169; x_wconf 83' lang='lat' dir='ltr'><strong>Appellatus</strong></span> 
     </span>
     <span class='ocr_line' id='line_1_19' title="bbox 95 2185 1361 2271; baseline 0 -20"><span class='ocrx_word' id='word_1_154' title='bbox 95 2185 248 2265; x_wconf 61' lang='lat' dir='ltr'><strong>Episcopum</strong></span> <span class='ocrx_word' id='word_1_155' title='bbox 262 2194 357 2268; x_wconf 85' lang='lat' dir='ltr'><strong>certe,</strong></span> <span class='ocrx_word' id='word_1_156' title='bbox 382 2188 438 2252; x_wconf 91' lang='lat' dir='ltr'><strong>sed</strong></span> <span class='ocrx_word' id='word_1_157' title='bbox 462 2196 592 2271; x_wconf 77' lang='lat' dir='ltr'><strong>roponte</strong></span> <span class='ocrx_word' id='word_1_158' title='bbox 608 2187 784 2270; x_wconf 81' lang='lat' dir='ltr'><strong>Bonisoeio,</strong></span> <span class='ocrx_word' id='word_1_159' title='bbox 806 2188 852 2251; x_wconf 92' lang='lat' dir='ltr'><strong>ait</strong></span> <span class='ocrx_word' id='word_1_160' title='bbox 870 2189 1033 2252; x_wconf 82' lang='lat' dir='ltr'><strong>Diaconos</strong></span> <span class='ocrx_word' id='word_1_161' title='bbox 1045 2197 1077 2249; x_wconf 79' lang='lat' dir='ltr'><strong>v:</strong></span> <span class='ocrx_word' id='word_1_162' title='bbox 1108 2187 1240 2257; x_wconf 78' lang='lat' dir='ltr'><strong>obtinuit</strong></span> <span class='ocrx_word' id='word_1_163' title='bbox 1262 2188 1361 2251; x_wconf 78' lang='lat' dir='ltr'><strong>Boni-</strong></span> 
     </span>
     <span class='ocr_line' id='line_1_20' title="bbox 94 2264 1361 2379; baseline -0.002 -23"><span class='ocrx_word' id='word_1_164' title='bbox 94 2264 208 2379; x_wconf 53' lang='lat' dir='ltr'><strong>lffim</strong></span> <span class='ocrx_word' id='word_1_165' title='bbox 253 2290 364 2372; x_wconf 63' lang='lat' dir='ltr'><strong>saeos</strong></span> <span class='ocrx_word' id='word_1_166' title='bbox 378 2293 613 2375; x_wconf 60' lang='lat' dir='ltr'><strong>amaracum</strong></span> <span class='ocrx_word' id='word_1_167' title='bbox 627 2292 817 2372; x_wconf 62' lang='lat' dir='ltr'><strong>Panopen,</strong></span> <span class='ocrx_word' id='word_1_168' title='bbox 834 2289 1202 2354; x_wconf 58' lang='lat' dir='ltr'><strong>microcosmum:</strong></span> <span class='ocrx_word' id='word_1_169' title='bbox 1226 2288 1361 2353; x_wconf 70' lang='lat' dir='ltr'><strong>octenos</strong></span> 
     </span>
     <span class='ocr_line' id='line_1_21' title="bbox 261 2393 1360 2479; baseline -0.002 -21"><span class='ocrx_word' id='word_1_170' title='bbox 261 2416 375 2479; x_wconf 75' lang='lat' dir='ltr'><strong>mopso</strong></span> <span class='ocrx_word' id='word_1_171' title='bbox 395 2398 597 2474; x_wconf 77' lang='lat' dir='ltr'><strong>contentione,</strong></span> <span class='ocrx_word' id='word_1_172' title='bbox 613 2395 659 2458; x_wconf 91' lang='lat' dir='ltr'><strong>ait</strong></span> <span class='ocrx_word' id='word_1_173' title='bbox 674 2395 803 2459; x_wconf 81' lang='lat' dir='ltr'><strong>Plotina</strong></span> <span class='ocrx_word' id='word_1_174' title='bbox 813 2403 837 2457; x_wconf 88' lang='lat'><strong>¹.</strong></span> <span class='ocrx_word' id='word_1_175' title='bbox 881 2394 960 2475; x_wconf 69' lang='lat' dir='ltr'><strong>Epir</strong></span> <span class='ocrx_word' id='word_1_176' title='bbox 975 2395 1004 2456; x_wconf 84' lang='lat' dir='ltr'><strong>is</strong></span> <span class='ocrx_word' id='word_1_177' title='bbox 1018 2393 1057 2455; x_wconf 86' lang='lat' dir='ltr'><strong>ab</strong></span> <span class='ocrx_word' id='word_1_178' title='bbox 1071 2394 1162 2455; x_wconf 83' lang='lat' dir='ltr'><strong>initio</strong></span> <span class='ocrx_word' id='word_1_179' title='bbox 1180 2413 1243 2455; x_wconf 74' lang='lat' dir='ltr'><strong>sua</strong></span> <span class='ocrx_word' id='word_1_180' title='bbox 1258 2393 1360 2457; x_wconf 75' lang='lat' dir='ltr'><strong>adosi-</strong></span> 
     </span>
     <span class='ocr_line' id='line_1_22' title="bbox 261 2497 1359 2579; baseline -0.001 -18"><span class='ocrx_word' id='word_1_181' title='bbox 261 2500 458 2562; x_wconf 79' lang='lat' dir='ltr'><strong>aistrotioois</strong></span> <span class='ocrx_word' id='word_1_182' title='bbox 472 2519 540 2562; x_wconf 74' lang='lat' dir='ltr'><strong>nrm</strong></span> <span class='ocrx_word' id='word_1_183' title='bbox 550 2501 677 2562; x_wconf 77' lang='lat' dir='ltr'><strong>Phoco:</strong></span> <span class='ocrx_word' id='word_1_184' title='bbox 701 2503 805 2578; x_wconf 80' lang='lat' dir='ltr'><strong>estque</strong></span> <span class='ocrx_word' id='word_1_185' title='bbox 819 2497 856 2559; x_wconf 80' lang='lat' dir='ltr'><strong>id</strong></span> <span class='ocrx_word' id='word_1_186' title='bbox 867 2516 957 2579; x_wconf 70' lang='lat' dir='ltr'><strong>repre,</strong></span> <span class='ocrx_word' id='word_1_187' title='bbox 973 2516 1028 2559; x_wconf 81' lang='lat' dir='ltr'><strong>nee</strong></span> <span class='ocrx_word' id='word_1_188' title='bbox 1041 2497 1108 2558; x_wconf 63' lang='lat' dir='ltr'><strong>ane</strong></span> <span class='ocrx_word' id='word_1_189' title='bbox 1122 2497 1219 2558; x_wconf 83' lang='lat' dir='ltr'><strong>multo</strong></span> <span class='ocrx_word' id='word_1_190' title='bbox 1235 2502 1359 2560; x_wconf 83' lang='lat' dir='ltr'><strong>conten-</strong></span> 
     </span>
     <span class='ocr_line' id='line_1_23' title="bbox 259 2598 1359 2682; baseline -0.001 -19"><span class='ocrx_word' id='word_1_191' title='bbox 259 2603 351 2679; x_wconf 84' lang='lat' dir='ltr'><strong>tione,</strong></span> <span class='ocrx_word' id='word_1_192' title='bbox 372 2601 447 2664; x_wconf 69' lang='lat' dir='ltr'><strong>Sede·</strong></span> <span class='ocrx_word' id='word_1_193' title='bbox 461 2602 649 2682; x_wconf 84' lang='lat' dir='ltr'><strong>Apostoliooe</strong></span> <span class='ocrx_word' id='word_1_194' title='bbox 667 2600 784 2676; x_wconf 82' lang='lat' dir='ltr'><strong>dotum,</strong></span> <span class='ocrx_word' id='word_1_195' title='bbox 801 2599 846 2662; x_wconf 85' lang='lat' dir='ltr'><strong>sit</strong></span> <span class='ocrx_word' id='word_1_196' title='bbox 864 2598 1039 2663; x_wconf 88' lang='lat' dir='ltr'><strong>Sabellicus</strong></span> <span class='ocrx_word' id='word_1_197' title='bbox 1051 2608 1074 2661; x_wconf 69' lang='lat' dir='ltr'><strong>l.</strong></span> <span class='ocrx_word' id='word_1_198' title='bbox 1120 2599 1172 2661; x_wconf 89' lang='lat' dir='ltr'><strong>En</strong></span> <span class='ocrx_word' id='word_1_199' title='bbox 1193 2598 1270 2681; x_wconf 90' lang='lat' dir='ltr'><strong>quid</strong></span> <span class='ocrx_word' id='word_1_200' title='bbox 1288 2601 1359 2681; x_wconf 87' lang='lat' dir='ltr'><strong>jam</strong></span> 
     </span>
     <span class='ocr_line' id='line_1_24' title="bbox 259 2702 1359 2787; baseline -0.002 -19"><span class='ocrx_word' id='word_1_201' title='bbox 259 2705 362 2787; x_wconf 84' lang='lat' dir='ltr'><strong>egerit</strong></span> <span class='ocrx_word' id='word_1_202' title='bbox 376 2704 563 2769; x_wconf 75' lang='lat' dir='ltr'><strong>cardinalia</strong></span> <span class='ocrx_word' id='word_1_203' title='bbox 609 2705 688 2767; x_wconf 92' lang='lat' dir='ltr'><strong>Non</strong></span> <span class='ocrx_word' id='word_1_204' title='bbox 702 2702 873 2786; x_wconf 84' lang='lat' dir='ltr'><strong>assumpsit</strong></span> <span class='ocrx_word' id='word_1_205' title='bbox 888 2702 949 2766; x_wconf 89' lang='lat' dir='ltr'><strong>sibi</strong></span> <span class='ocrx_word' id='word_1_206' title='bbox 962 2723 1092 2779; x_wconf 89' lang='lat' dir='ltr'><strong>nomen,</strong></span> <span class='ocrx_word' id='word_1_207' title='bbox 1107 2723 1174 2765; x_wconf 93' lang='lat' dir='ltr'><strong>non</strong></span> <span class='ocrx_word' id='word_1_208' title='bbox 1189 2704 1359 2783; x_wconf 79' lang='lat' dir='ltr'><strong>appellavi-t</strong></span> 
     </span>
     <span class='ocr_line' id='line_1_25' title="bbox 258 2804 1359 2889; baseline -0.003 -19"><span class='ocrx_word' id='word_1_209' title='bbox 258 2809 324 2889; x_wconf 83' lang='lat' dir='ltr'><strong>ipse</strong></span> <span class='ocrx_word' id='word_1_210' title='bbox 338 2829 371 2871; x_wconf 86' lang='lat' dir='ltr'><strong>se</strong></span> <span class='ocrx_word' id='word_1_211' title='bbox 380 2834 390 2881; x_wconf 90' lang='lat'><strong>,·</strong></span> <span class='ocrx_word' id='word_1_212' title='bbox 413 2807 497 2869; x_wconf 84' lang='lat' dir='ltr'><strong>nihil</strong></span> <span class='ocrx_word' id='word_1_213' title='bbox 511 2806 598 2870; x_wconf 91' lang='lat' dir='ltr'><strong>enim</strong></span> <span class='ocrx_word' id='word_1_214' title='bbox 621 2805 748 2888; x_wconf 86' lang='lat' dir='ltr'><strong>egisset,</strong></span> <span class='ocrx_word' id='word_1_215' title='bbox 771 2805 796 2868; x_wconf 91' lang='lat' dir='ltr'><strong>si</strong></span> <span class='ocrx_word' id='word_1_216' title='bbox 812 2807 933 2886; x_wconf 75' lang='lat' dir='ltr'><strong>ipsese,</strong></span> <span class='ocrx_word' id='word_1_217' title='bbox 950 2805 1018 2868; x_wconf 90' lang='lat' dir='ltr'><strong>siue</strong></span> <span class='ocrx_word' id='word_1_218' title='bbox 1033 2804 1151 2868; x_wconf 74' lang='lat' dir='ltr'><strong>Phoco„</strong></span> <span class='ocrx_word' id='word_1_219' title='bbox 1202 2805 1264 2886; x_wconf 87' lang='lat' dir='ltr'><strong>(Eu</strong></span> <span class='ocrx_word' id='word_1_220' title='bbox 1280 2806 1359 2888; x_wconf 90' lang='lat' dir='ltr'><strong>quid</strong></span> 
     </span>
     <span class='ocr_line' id='line_1_26' title="bbox 258 2908 1356 2993; baseline -0.002 -20"><span class='ocrx_word' id='word_1_221' title='bbox 258 2931 318 2974; x_wconf 91' lang='lat' dir='ltr'><strong>nos</strong></span> <span class='ocrx_word' id='word_1_222' title='bbox 344 2910 460 2988; x_wconf 89' lang='lat' dir='ltr'><strong>dicere,</strong></span> <span class='ocrx_word' id='word_1_223' title='bbox 485 2909 645 2993; x_wconf 94' lang='lat' dir='ltr'><strong>quomodo</strong></span> <span class='ocrx_word' id='word_1_224' title='bbox 670 2909 955 2992; x_wconf 84' lang='lat' dir='ltr'><strong>loqui&#39;oporteat‚)</strong></span> <span class='ocrx_word' id='word_1_225' title='bbox 981 2908 1037 2971; x_wconf 91' lang='lat' dir='ltr'><strong>sed</strong></span> <span class='ocrx_word' id='word_1_226' title='bbox 1058 2908 1198 2971; x_wconf 91' lang='lat' dir='ltr'><strong>Phocam</strong></span> <span class='ocrx_word' id='word_1_227' title='bbox 1223 2911 1356 2989; x_wconf 76' lang='lat' dir='ltr'><strong>ropooit,</strong></span> 
     </span>
     <span class='ocr_line' id='line_1_27' title="bbox 258 3011 1358 3097; baseline -0.001 -21"><span class='ocrx_word' id='word_1_228' title='bbox 258 3015 322 3097; x_wconf 77' lang='lat' dir='ltr'><strong>epit</strong></span> <span class='ocrx_word' id='word_1_229' title='bbox 336 3034 404 3076; x_wconf 82' lang='lat' dir='ltr'><strong>cum</strong></span> <span class='ocrx_word' id='word_1_230' title='bbox 425 3015 542 3091; x_wconf 76' lang='lat' dir='ltr'><strong>Phoco,</strong></span> <span class='ocrx_word' id='word_1_231' title='bbox 558 3012 700 3095; x_wconf 86' lang='lat' dir='ltr'><strong>rogando</strong></span> <span class='ocrx_word' id='word_1_232' title='bbox 715 3019 748 3075; x_wconf 92' lang='lat' dir='ltr'><strong>et</strong></span> <span class='ocrx_word' id='word_1_233' title='bbox 767 3011 891 3094; x_wconf 87' lang='lat' dir='ltr'><strong>agendo</strong></span> <span class='ocrx_word' id='word_1_234' title='bbox 906 3011 1056 3088; x_wconf 89' lang='lat' dir='ltr'><strong>obtinuit,</strong></span> <span class='ocrx_word' id='word_1_235' title='bbox 1072 3012 1170 3073; x_wconf 83' lang='lat' dir='ltr'><strong>molto</strong></span> <span class='ocrx_word' id='word_1_236' title='bbox 1185 3032 1358 3093; x_wconf 71' lang='lat' dir='ltr'><strong>proprioque</strong></span> 
     </span>
     <span class='ocr_line' id='line_1_28' title="bbox 256 3114 1357 3199; baseline -0.002 -19"><span class='ocrx_word' id='word_1_237' title='bbox 256 3118 457 3195; x_wconf 77' lang='lat' dir='ltr'><strong>contentiose,</strong></span> <span class='ocrx_word' id='word_1_238' title='bbox 473 3136 554 3199; x_wconf 71' lang='lat' dir='ltr'><strong>aepre</strong></span> <span class='ocrx_word' id='word_1_239' title='bbox 570 3115 694 3178; x_wconf 76' lang='lat' dir='ltr'><strong>tandem</strong></span> <span class='ocrx_word' id='word_1_240' title='bbox 708 3114 849 3192; x_wconf 80' lang='lat' dir='ltr'><strong>obticuit,</strong></span> <span class='ocrx_word' id='word_1_241' title='bbox 865 3121 902 3177; x_wconf 96' lang='lat' dir='ltr'><strong>ut</strong></span> <span class='ocrx_word' id='word_1_242' title='bbox 917 3120 1024 3197; x_wconf 85' lang='lat' dir='ltr'><strong>posset</strong></span> <span class='ocrx_word' id='word_1_243' title='bbox 1039 3114 1107 3196; x_wconf 90' lang='lat' dir='ltr'><strong>ipse</strong></span> <span class='ocrx_word' id='word_1_244' title='bbox 1122 3114 1177 3191; x_wconf 89' lang='lat' dir='ltr'><strong>sio,</strong></span> <span class='ocrx_word' id='word_1_245' title='bbox 1192 3136 1235 3178; x_wconf 89' lang='lat' dir='ltr'><strong>ne</strong></span> <span class='ocrx_word' id='word_1_246' title='bbox 1249 3125 1357 3198; x_wconf 91' lang='lat' dir='ltr'><strong>posset</strong></span> 
     </span>
     <span class='ocr_line' id='line_1_29' title="bbox 255 3217 1356 3304; baseline -0.001 -22"><span class='ocrx_word' id='word_1_247' title='bbox 255 3219 347 3298; x_wconf 83' lang='lat' dir='ltr'><strong>alius,</strong></span> <span class='ocrx_word' id='word_1_248' title='bbox 373 3219 542 3304; x_wconf 85' lang='lat' dir='ltr'><strong>appellari:</strong></span> <span class='ocrx_word' id='word_1_249' title='bbox 575 3239 650 3282; x_wconf 91' lang='lat' dir='ltr'><strong>cum</strong></span> <span class='ocrx_word' id='word_1_250' title='bbox 687 3219 795 3282; x_wconf 84' lang='lat' dir='ltr'><strong>Phoco</strong></span> <span class='ocrx_word' id='word_1_251' title='bbox 821 3223 930 3281; x_wconf 86' lang='lat' dir='ltr'><strong>autem</strong></span> <span class='ocrx_word' id='word_1_252' title='bbox 960 3217 1175 3300; x_wconf 87' lang='lat' dir='ltr'><strong>sanguinario,</strong></span> <span class='ocrx_word' id='word_1_253' title='bbox 1205 3225 1242 3280; x_wconf 89' lang='lat' dir='ltr'><strong>ut</strong></span> <span class='ocrx_word' id='word_1_254' title='bbox 1267 3227 1356 3282; x_wconf 85' lang='lat' dir='ltr'><strong>recte</strong></span> 
     </span>
     <span class='ocr_line' id='line_1_30' title="bbox 254 3320 1354 3406; baseline -0.001 -20"><span class='ocrx_word' id='word_1_255' title='bbox 254 3322 370 3386; x_wconf 89' lang='lat' dir='ltr'><strong>titulus</strong></span> <span class='ocrx_word' id='word_1_256' title='bbox 384 3323 412 3386; x_wconf 89' lang='lat' dir='ltr'><strong>is</strong></span> <span class='ocrx_word' id='word_1_257' title='bbox 427 3324 515 3406; x_wconf 76' lang='lat' dir='ltr'><strong>Aper</strong></span> <span class='ocrx_word' id='word_1_258' title='bbox 528 3323 711 3405; x_wconf 78' lang='lat' dir='ltr'><strong>sorspuirss&#39;s¹</strong></span> <span class='ocrx_word' id='word_1_259' title='bbox 727 3321 789 3384; x_wconf 90' lang='lat' dir='ltr'><strong>dici</strong></span> <span class='ocrx_word' id='word_1_260' title='bbox 805 3321 967 3384; x_wconf 86' lang='lat' dir='ltr'><strong>meruerit.</strong></span> <span class='ocrx_word' id='word_1_261' title='bbox 1006 3320 1190 3383; x_wconf 86' lang='lat' dir='ltr'><strong>Vindicavit</strong></span> <span class='ocrx_word' id='word_1_262' title='bbox 1205 3341 1278 3384; x_wconf 89' lang='lat' dir='ltr'><strong>vero</strong></span> <span class='ocrx_word' id='word_1_263' title='bbox 1294 3322 1354 3385; x_wconf 89' lang='lat' dir='ltr'><strong>sibi</strong></span> 
     </span>
     <span class='ocr_line' id='line_1_31' title="bbox 254 3423 1355 3509; baseline 0 -21"><span class='ocrx_word' id='word_1_264' title='bbox 254 3447 373 3489; x_wconf 90' lang='lat' dir='ltr'><strong>nomeu</strong></span> <span class='ocrx_word' id='word_1_265' title='bbox 400 3427 471 3503; x_wconf 89' lang='lat' dir='ltr'><strong>hoc,</strong></span> <span class='ocrx_word' id='word_1_266' title='bbox 501 3432 657 3509; x_wconf 87' lang='lat' dir='ltr'><strong>tanquam</strong></span> <span class='ocrx_word' id='word_1_267' title='bbox 687 3423 850 3507; x_wconf 89' lang='lat' dir='ltr'><strong>proprium</strong></span> <span class='ocrx_word' id='word_1_268' title='bbox 877 3430 974 3506; x_wconf 91' lang='lat' dir='ltr'><strong>atque</strong></span> <span class='ocrx_word' id='word_1_269' title='bbox 1004 3445 1119 3486; x_wconf 92' lang='lat' dir='ltr'><strong>suum:</strong></span> <span class='ocrx_word' id='word_1_270' title='bbox 1154 3429 1250 3505; x_wconf 87' lang='lat' dir='ltr'><strong>atque</strong></span> <span class='ocrx_word' id='word_1_271' title='bbox 1274 3424 1355 3488; x_wconf 85' lang='lat' dir='ltr'><strong>adeo</strong></span> 
     </span>
     <span class='ocr_line' id='line_1_32' title="bbox 253 3524 1353 3610; baseline -0.004 -17"><span class='ocrx_word' id='word_1_272' title='bbox 253 3530 424 3593; x_wconf 68' lang='lat' dir='ltr'><strong>,nominavit</strong></span> <span class='ocrx_word' id='word_1_273' title='bbox 444 3531 510 3610; x_wconf 84' lang='lat' dir='ltr'><strong>ipse</strong></span> <span class='ocrx_word' id='word_1_274' title='bbox 533 3549 566 3591; x_wconf 85' lang='lat' dir='ltr'><strong>se</strong></span> <span class='ocrx_word' id='word_1_275' title='bbox 587 3549 635 3606; x_wconf 93' lang='lat' dir='ltr'><strong>eo,</strong></span> <span class='ocrx_word' id='word_1_276' title='bbox 657 3548 731 3591; x_wconf 92' lang='lat' dir='ltr'><strong>cum</strong></span> <span class='ocrx_word' id='word_1_277' title='bbox 745 3527 792 3590; x_wconf 89' lang='lat' dir='ltr'><strong>ita</strong></span> <span class='ocrx_word' id='word_1_278' title='bbox 806 3524 972 3589; x_wconf 91' lang='lat' dir='ltr'><strong>ambitiose</strong></span> <span class='ocrx_word' id='word_1_279' title='bbox 987 3531 1122 3608; x_wconf 77' lang='lat' dir='ltr'><strong>soporet,</strong></span> <span class='ocrx_word' id='word_1_280' title='bbox 1142 3532 1258 3607; x_wconf 73' lang='lat' dir='ltr'><strong>operer,</strong></span> <span class='ocrx_word' id='word_1_281' title='bbox 1281 3546 1353 3589; x_wconf 83' lang='lat' dir='ltr'><strong>con-</strong></span> 
     </span>
     <span class='ocr_line' id='line_1_33' title="bbox 254 3628 1354 3712; baseline -0.002 -18"><span class='ocrx_word' id='word_1_282' title='bbox 254 3632 393 3694; x_wconf 82' lang='lat' dir='ltr'><strong>tenderet</strong></span> <span class='ocrx_word' id='word_1_283' title='bbox 419 3652 439 3694; x_wconf 93' lang='lat' dir='ltr'><strong>a</strong></span> <span class='ocrx_word' id='word_1_284' title='bbox 464 3631 581 3709; x_wconf 91' lang='lat' dir='ltr'><strong>Phoca‚</strong></span> <span class='ocrx_word' id='word_1_285' title='bbox 608 3638 645 3694; x_wconf 92' lang='lat' dir='ltr'><strong>ut</strong></span> <span class='ocrx_word' id='word_1_286' title='bbox 671 3637 826 3712; x_wconf 84' lang='lat' dir='ltr'><strong>tanquam</strong></span> <span class='ocrx_word' id='word_1_287' title='bbox 851 3628 989 3712; x_wconf 88' lang='lat' dir='ltr'><strong>proprio,</strong></span> <span class='ocrx_word' id='word_1_288' title='bbox 1016 3635 1111 3712; x_wconf 86' lang='lat' dir='ltr'><strong>atque</strong></span> <span class='ocrx_word' id='word_1_289' title='bbox 1138 3649 1196 3691; x_wconf 93' lang='lat' dir='ltr'><strong>suo</strong></span> <span class='ocrx_word' id='word_1_290' title='bbox 1221 3629 1354 3693; x_wconf 90' lang='lat' dir='ltr'><strong>nomine</strong></span> 
     </span>
    </p>
   </div>
   <div class='ocr_carea' id='block_1_5' title="bbox 252 3729 1252 3815">
    <p class='ocr_par' dir='ltr' id='par_1_5' title="bbox 252 3729 1252 3815">
     <span class='ocr_line' id='line_1_34' title="bbox 252 3729 1252 3815; baseline -0.003 -20"><span class='ocrx_word' id='word_1_291' title='bbox 252 3732 349 3795; x_wconf 85' lang='lat' dir='ltr'><strong>vellet</strong></span> <span class='ocrx_word' id='word_1_292' title='bbox 359 3730 489 3815; x_wconf 89' lang='lat' dir='ltr'><strong>juberet</strong></span> <span class='ocrx_word' id='word_1_293' title='bbox 503 3752 588 3809; x_wconf 90' lang='lat' dir='ltr'><strong>eum,</strong></span> <span class='ocrx_word' id='word_1_294' title='bbox 604 3736 726 3794; x_wconf 87' lang='lat' dir='ltr'><strong>vetaret</strong></span> <span class='ocrx_word' id='word_1_295' title='bbox 741 3730 840 3793; x_wconf 90' lang='lat' dir='ltr'><strong>alium</strong></span> <span class='ocrx_word' id='word_1_296' title='bbox 856 3729 1047 3813; x_wconf 90' lang='lat' dir='ltr'><strong>quempiam,</strong></span> <span class='ocrx_word' id='word_1_297' title='bbox 1062 3731 1252 3813; x_wconf 89' lang='lat' dir='ltr'><strong>nuncupari.</strong></span> 
     </span>
    </p>
   </div>
   <div class='ocr_carea' id='block_1_6' title="bbox 284 3864 1354 4093">
    <p class='ocr_par' dir='ltr' id='par_1_6' title="bbox 284 3864 1354 4093">
     <span class='ocr_line' id='line_1_35' title="bbox 284 3864 1354 3930; baseline 0 -15"><span class='ocrx_word' id='word_1_298' title='bbox 284 3865 415 3924; x_wconf 79' lang='lat' dir='ltr'><strong>Quomodo</strong></span> <span class='ocrx_word' id='word_1_299' title='bbox 431 3865 456 3915; x_wconf 84' lang='lat' dir='ltr'><strong>S.</strong></span> <span class='ocrx_word' id='word_1_300' title='bbox 469 3865 604 3929; x_wconf 80' lang='lat' dir='ltr'><strong>Gregorius</strong></span> <span class='ocrx_word' id='word_1_301' title='bbox 619 3866 652 3916; x_wconf 84' lang='lat' dir='ltr'><strong>ab</strong></span> <span class='ocrx_word' id='word_1_302' title='bbox 665 3864 772 3928; x_wconf 80' lang='lat' dir='ltr'><strong>Euloglo</strong></span> <span class='ocrx_word' id='word_1_303' title='bbox 784 3865 839 3930; x_wconf 79' lang='lat' dir='ltr'><strong>[lep.</strong></span> <span class='ocrx_word' id='word_1_304' title='bbox 852 3865 1007 3929; x_wconf 82' lang='lat' dir='ltr'><strong>Patriarcha]</strong></span> <span class='ocrx_word' id='word_1_305' title='bbox 1020 3864 1193 3915; x_wconf 82' lang='lat' dir='ltr'><strong>Alexandrino</strong></span> <span class='ocrx_word' id='word_1_306' title='bbox 1205 3866 1354 3915; x_wconf 71' lang='lat' dir='ltr'><strong>universalis</strong></span> 
     </span>
     <span class='ocr_line' id='line_1_36' title="bbox 316 3946 1352 4012; baseline -0.001 -16"><span class='ocrx_word' id='word_1_307' title='bbox 316 3947 454 4012; x_wconf 76' lang='lat' dir='ltr'><strong>Episcopus</strong></span> <span class='ocrx_word' id='word_1_308' title='bbox 472 3947 555 3997; x_wconf 87' lang='lat' dir='ltr'><strong>dictus</strong></span> <span class='ocrx_word' id='word_1_309' title='bbox 572 3951 619 4007; x_wconf 89' lang='lat' dir='ltr'><strong>est,</strong></span> <span class='ocrx_word' id='word_1_310' title='bbox 642 3948 696 4010; x_wconf 90' lang='lat' dir='ltr'><strong>ipso</strong></span> <span class='ocrx_word' id='word_1_311' title='bbox 708 3981 714 3995; x_wconf 92' lang='lat'><strong>.</strong></span> <span class='ocrx_word' id='word_1_312' title='bbox 727 3984 732 3995; x_wconf 95' lang='lat'>.</span> <span class='ocrx_word' id='word_1_313' title='bbox 745 3982 751 3996; x_wconf 87' lang='lat'><strong>.</strong></span> <span class='ocrx_word' id='word_1_314' title='bbox 764 3981 771 3995; x_wconf 88' lang='lat'><strong>.</strong></span> <span class='ocrx_word' id='word_1_315' title='bbox 784 3951 848 3996; x_wconf 81' lang='lat' dir='ltr'><strong>testo</strong></span> <span class='ocrx_word' id='word_1_316' title='bbox 867 3948 895 3996; x_wconf 90' lang='lat' dir='ltr'><strong>in</strong></span> <span class='ocrx_word' id='word_1_317' title='bbox 914 3946 1028 4011; x_wconf 75' lang='lat' dir='ltr'><strong>Epistola</strong></span> <span class='ocrx_word' id='word_1_318' title='bbox 1046 3946 1079 3996; x_wconf 83' lang='lat' dir='ltr'><strong>sd</strong></span> <span class='ocrx_word' id='word_1_319' title='bbox 1098 3946 1352 4011; x_wconf 77' lang='lat' dir='ltr'><strong>Eulogium-[Bell.</strong></span> 
     </span>
     <span class='ocr_line' id='line_1_37' title="bbox 316 4027 1046 4093; baseline 0.001 -17"><span class='ocrx_word' id='word_1_320' title='bbox 316 4029 390 4092; x_wconf 82' lang='lat' dir='ltr'><strong>Apol.</strong></span> <span class='ocrx_word' id='word_1_321' title='bbox 402 4027 542 4093; x_wconf 86' lang='lat' dir='ltr'><strong>proRcsp.]</strong></span> <span class='ocrx_word' id='word_1_322' title='bbox 562 4043 585 4092; x_wconf 94' lang='lat' dir='ltr'><strong>p.</strong></span> <span class='ocrx_word' id='word_1_323' title='bbox 596 4030 648 4078; x_wconf 81' lang='lat' dir='ltr'><strong>los.</strong></span> <span class='ocrx_word' id='word_1_324' title='bbox 668 4027 735 4091; x_wconf 87' lang='lat' dir='ltr'><strong>[Op.,</strong></span> <span class='ocrx_word' id='word_1_325' title='bbox 751 4031 811 4077; x_wconf 86' lang='lat' dir='ltr'><strong>tom.</strong></span> <span class='ocrx_word' id='word_1_326' title='bbox 824 4028 867 4078; x_wconf 80' lang='lat' dir='ltr'><strong>vil</strong></span> <span class='ocrx_word' id='word_1_327' title='bbox 878 4028 924 4078; x_wconf 90' lang='lat' dir='ltr'><strong>col.</strong></span> <span class='ocrx_word' id='word_1_328' title='bbox 937 4028 991 4080; x_wconf 82' lang='lat'>790.</span> <span class='ocrx_word' id='word_1_329' title='bbox 1004 4027 1046 4090; x_wconf 90' lang='lat' dir='ltr'><strong>D.]</strong></span> 
     </span>
    </p>
   </div>
   <div class='ocr_carea' id='block_1_7' title="bbox 249 4201 1351 4523">
    <p class='ocr_par' dir='ltr' id='par_1_7' title="bbox 249 4201 1351 4409">
     <span class='ocr_line' id='line_1_38' title="bbox 282 4201 1351 4269; baseline -0.002 -16"><span class='ocrx_word' id='word_1_330' title='bbox 282 4211 293 4234; x_wconf 86' lang='lat'>&#39;</span> <span class='ocrx_word' id='word_1_331' title='bbox 322 4202 487 4253; x_wconf 75' lang='lat' dir='ltr'><strong>Paullerut.</strong></span> <span class='ocrx_word' id='word_1_332' title='bbox 501 4202 571 4252; x_wconf 78' lang='lat' dir='ltr'><strong>Dirc.</strong></span> <span class='ocrx_word' id='word_1_333' title='bbox 583 4201 615 4252; x_wconf 86' lang='lat' dir='ltr'><strong>de</strong></span> <span class='ocrx_word' id='word_1_334' title='bbox 625 4204 703 4265; x_wconf 82' lang='lat' dir='ltr'><strong>gestis</strong></span> <span class='ocrx_word' id='word_1_335' title='bbox 715 4202 777 4253; x_wconf 77' lang='lat' dir='ltr'><strong>lau·</strong></span> <span class='ocrx_word' id='word_1_336' title='bbox 851 4212 863 4235; x_wconf 88' lang='lat'>¹</span> <span class='ocrx_word' id='word_1_337' title='bbox 876 4203 997 4269; x_wconf 62' lang='lat' dir='ltr'><strong>[Pamin</strong></span> <span class='ocrx_word' id='word_1_338' title='bbox 1005 4202 1086 4253; x_wconf 79' lang='lat' dir='ltr'><strong>Bonis.</strong></span> <span class='ocrx_word' id='word_1_339' title='bbox 1097 4203 1143 4252; x_wconf 92' lang='lat'>111.</span> <span class='ocrx_word' id='word_1_340' title='bbox 1154 4203 1269 4268; x_wconf 83' lang='lat' dir='ltr'><strong>[inVitis</strong></span> <span class='ocrx_word' id='word_1_341' title='bbox 1278 4202 1351 4253; x_wconf 88' lang='lat' dir='ltr'><strong>Pout.</strong></span> 
     </span>
     <span class='ocr_line' id='line_1_39' title="bbox 249 4267 895 4333; baseline 0.003 -17"><span class='ocrx_word' id='word_1_342' title='bbox 249 4268 307 4329; x_wconf 78' lang='lat' dir='ltr'><strong>gob.</strong></span> <span class='ocrx_word' id='word_1_343' title='bbox 336 4268 380 4316; x_wconf 88' lang='lat' dir='ltr'><strong>lib.</strong></span> <span class='ocrx_word' id='word_1_344' title='bbox 390 4268 422 4317; x_wconf 84' lang='lat' dir='ltr'><strong>iv.</strong></span> <span class='ocrx_word' id='word_1_345' title='bbox 435 4282 487 4331; x_wconf 80' lang='lat' dir='ltr'><strong>cap.</strong></span> <span class='ocrx_word' id='word_1_346' title='bbox 498 4269 536 4316; x_wconf 89' lang='grc'><strong>11.</strong></span> <span class='ocrx_word' id='word_1_347' title='bbox 550 4267 690 4331; x_wconf 70' lang='lat' dir='ltr'><strong>[ot-Bia</strong></span> <span class='ocrx_word' id='word_1_348' title='bbox 708 4268 776 4318; x_wconf 80' lang='lat' dir='ltr'><strong>Max.</strong></span> <span class='ocrx_word' id='word_1_349' title='bbox 821 4284 845 4333; x_wconf 82' lang='lat' dir='ltr'><strong>p.</strong></span> <span class='ocrx_word' id='word_1_350' title='bbox 857 4271 895 4319; x_wconf 84' lang='grc'><strong>83.</strong></span> 
     </span>
     <span class='ocr_line' id='line_1_40' title="bbox 251 4331 865 4409; baseline -0.002 -29"><span class='ocrx_word' id='word_1_351' title='bbox 251 4332 318 4381; x_wconf 83' lang='lat' dir='ltr'><strong>Patr.</strong></span> <span class='ocrx_word' id='word_1_352' title='bbox 329 4336 389 4382; x_wconf 87' lang='lat' dir='ltr'><strong>tom.</strong></span> <span class='ocrx_word' id='word_1_353' title='bbox 402 4332 456 4380; x_wconf 86' lang='lat' dir='ltr'><strong>xiii.</strong></span> <span class='ocrx_word' id='word_1_354' title='bbox 468 4346 492 4395; x_wconf 92' lang='lat' dir='ltr'><strong>p.</strong></span> <span class='ocrx_word' id='word_1_355' title='bbox 502 4333 558 4381; x_wconf 78' lang='lat'>182.</span> <span class='ocrx_word' id='word_1_356' title='bbox 571 4331 610 4409; x_wconf 76' lang='lat' dir='ltr'><strong>u]</strong></span> <span class='ocrx_word' id='word_1_357' title='bbox 854 4341 865 4373; x_wconf 75' lang='grc'><strong><em>1</em></strong></span> 
     </span>
    </p>

    <p class='ocr_par' dir='ltr' id='par_1_8' title="bbox 250 4395 877 4523">
     <span class='ocr_line' id='line_1_41' title="bbox 284 4395 877 4461; baseline 0 -16"><span class='ocrx_word' id='word_1_358' title='bbox 284 4405 300 4427; x_wconf 77' lang='lat'>&#39;</span> <span class='ocrx_word' id='word_1_359' title='bbox 312 4398 409 4461; x_wconf 73' lang='lat' dir='ltr'><strong>[Anasi.</strong></span> <span class='ocrx_word' id='word_1_360' title='bbox 418 4395 497 4459; x_wconf 84' lang='lat' dir='ltr'><strong>Bibl]</strong></span> <span class='ocrx_word' id='word_1_361' title='bbox 506 4398 533 4445; x_wconf 90' lang='lat' dir='ltr'><strong>iu</strong></span> <span class='ocrx_word' id='word_1_362' title='bbox 543 4395 624 4446; x_wconf 88' lang='lat' dir='ltr'><strong>Bomt.</strong></span> <span class='ocrx_word' id='word_1_363' title='bbox 632 4396 679 4446; x_wconf 91' lang='lat' dir='ltr'><strong>Ill.</strong></span> <span class='ocrx_word' id='word_1_364' title='bbox 693 4395 778 4461; x_wconf 84' lang='lat' dir='ltr'><strong>[Cone.</strong></span> <span class='ocrx_word' id='word_1_365' title='bbox 822 4398 877 4448; x_wconf 86' lang='lat' dir='ltr'><strong>viii.</strong></span> 
     </span>
     <span class='ocr_line' id='line_1_42' title="bbox 250 4460 866 4523; baseline 0.003 -15"><span class='ocrx_word' id='word_1_366' title='bbox 250 4463 310 4509; x_wconf 88' lang='lat' dir='ltr'><strong>tom.</strong></span> <span class='ocrx_word' id='word_1_367' title='bbox 323 4476 344 4509; x_wconf 87' lang='lat' dir='ltr'><strong>v.</strong></span> <span class='ocrx_word' id='word_1_368' title='bbox 357 4460 403 4510; x_wconf 93' lang='lat' dir='ltr'><strong>col.</strong></span> <span class='ocrx_word' id='word_1_369' title='bbox 411 4462 482 4511; x_wconf 79' lang='lat'><strong>1616.</strong></span> <span class='ocrx_word' id='word_1_370' title='bbox 495 4460 536 4523; x_wconf 76' lang='lat' dir='ltr'><strong>A.]</strong></span> <span class='ocrx_word' id='word_1_371' title='bbox 856 4472 866 4495; x_wconf 82' lang='lat'><em>¹</em></span> 
     </span>
    </p>
   </div>
   <div class='ocr_carea' id='block_1_8' title="bbox 903 4332 1352 4527">
    <p class='ocr_par' dir='ltr' id='par_1_9' title="bbox 903 4332 1352 4527">
     <span class='ocr_line' id='line_1_43' title="bbox 926 4332 1352 4396; baseline -0.005 -13"><span class='ocrx_word' id='word_1_372' title='bbox 926 4348 974 4383; x_wconf 89' lang='lat' dir='ltr'><strong>arc.</strong></span> <span class='ocrx_word' id='word_1_373' title='bbox 996 4335 1057 4383; x_wconf 79' lang='lat' dir='ltr'><strong>Ant.</strong></span> <span class='ocrx_word' id='word_1_374' title='bbox 1078 4334 1149 4382; x_wconf 84' lang='lat' dir='ltr'><strong>Cocc.</strong></span> <span class='ocrx_word' id='word_1_375' title='bbox 1170 4332 1261 4382; x_wconf 77' lang='lat' dir='ltr'><strong>Sabell.</strong></span> <span class='ocrx_word' id='word_1_376' title='bbox 1274 4332 1352 4396; x_wconf 73' lang='lat' dir='ltr'><strong>Eun]</strong></span> 
     </span>
     <span class='ocr_line' id='line_1_44' title="bbox 910 4397 1229 4461; baseline 0 -15"><span class='ocrx_word' id='word_1_377' title='bbox 910 4399 958 4461; x_wconf 91' lang='lat' dir='ltr'><strong>ib.]</strong></span> <span class='ocrx_word' id='word_1_378' title='bbox 971 4401 994 4448; x_wconf 85' lang='grc'><strong>6.</strong></span> <span class='ocrx_word' id='word_1_379' title='bbox 1008 4398 1081 4461; x_wconf 86' lang='lat' dir='ltr'><strong>[tom.</strong></span> <span class='ocrx_word' id='word_1_380' title='bbox 1092 4398 1118 4446; x_wconf 87' lang='lat' dir='ltr'><strong>ii.</strong></span> <span class='ocrx_word' id='word_1_381' title='bbox 1131 4412 1154 4460; x_wconf 91' lang='lat' dir='ltr'><strong>p.</strong></span> <span class='ocrx_word' id='word_1_382' title='bbox 1163 4397 1229 4461; x_wconf 62' lang='lat'><strong>³96]</strong></span> 
     </span>
     <span class='ocr_line' id='line_1_45' title="bbox 903 4462 1153 4527; baseline -0.004 -15"><span class='ocrx_word' id='word_1_383' title='bbox 903 4466 958 4512; x_wconf 79' lang='lat' dir='ltr'><strong>Act.</strong></span> <span class='ocrx_word' id='word_1_384' title='bbox 971 4464 1059 4527; x_wconf 79' lang='lat' dir='ltr'><strong>Apost.</strong></span> <span class='ocrx_word' id='word_1_385' title='bbox 1073 4465 1089 4512; x_wconf 89' lang='lat' dir='ltr'><strong>i.</strong></span> <span class='ocrx_word' id='word_1_386' title='bbox 1100 4462 1153 4524; x_wconf 72' lang='lat' dir='ltr'><strong>lu]</strong></span> 
     </span>
    </p>
   </div>
   <div class='ocr_carea' id='block_1_9' title="bbox 0 0 1460 4926">
    <p class='ocr_par' dir='ltr' id='par_1_10' title="bbox 0 0 1460 4926">
     <span class='ocr_line' id='line_1_46' title="bbox 0 0 1460 4926; baseline 0 8"><span class='ocrx_word' id='word_1_387' title='bbox 0 0 1460 4926; x_wconf 95' lang='lat' dir='ltr'><strong> </strong></span> 
     </span>
    </p>
   </div>
  </div>
 </body>
</html>
