2910 4926
461 280 643 328 nronoonn
665 282 846 330 arsionsio.
1140 275 1205 338 499

103 437 160 501 aed
174 458 247 502 vere
271 438 398 521 Regum
420 437 567 503 subditos
589 459 729 515 manere,
745 439 947 523 exemptione
962 441 1203 508 nonobstante.

103 542 148 605 Et
176 541 212 605 ni
237 542 472 625 exemptionem
501 541 586 615 trane
610 541 775 606 fateantur
805 543 900 626 Regii
927 543 1009 627 juris
1036 566 1114 625 esse,
1139 569 1206 626 non

103 644 265 709 immerito
288 645 395 709 denuo
418 645 637 709 revocandam.
684 646 925 729 Tergiversatur
948 668 1024 731 ergo
1043 670 1120 713 voce
1144 650 1207 713 ista

104 771 163 812 sua
177 749 319 811 inveniri.
363 749 504 812 Inveniri
525 748 654 831 quidem
674 749 710 812 in
728 750 894 824 Coneiliis;
918 750 974 813 sed
989 773 1032 815 an
1046 759 1080 816 et
1094 753 1171 816 exiit
1188 775 1207 816 a

108 852 256 914 Consiliis
269 853 421 934 enemptio
435 852 527 914 haec?
550 853 690 915 Inveniri
705 852 834 935 quidem
849 852 885 915 in
902 853 1050 917 Conciliis
1058 881 1069 927 ;
1093 855 1150 918 sed
1165 877 1207 918 an

105 954 250 1033 eandem,
273 976 315 1017 an
330 954 443 1018 eodem
463 955 560 1039 jure?
604 955 692 1032 Nou,
708 955 764 1019 sed
786 955 919 1034 diverso,
942 964 975 1019 et
996 957 1092 1040 plane
1113 979 1205 1022 novo.

106 1059 202 1124 Quod
217 1059 305 1122 enim
320 1059 511 1140 coemptione
526 1058 633 1120 suain
648 1058 760 1121 multis
776 1059 947 1142 gaudeant,
962 1082 1031 1124 non
1050 1068 1205 1144 negatur:

104 1161 201 1239 unde,
217 1182 281 1243 quo
299 1162 383 1246 jure,
406 1167 439 1225 et
464 1182 601 1243 quorum
619 1161 775 1225 beneficio
798 1162 970 1245 gaudeant,
986 1163 1020 1226 id
1043 1164 1206 1247 qnaeritur.

104 1264 176 1329 Neo
198 1264 377 1329 cardinalis
401 1265 605 1346 enemptionis
630 1271 750 1342 unctor,
776 1286 871 1330 saue:
903 1265 960 1329 sed
982 1268 1074 1349 injus
1097 1275 1209 1332 tamen

105 1368 307 1448 exemptionis
316 1386 411 1444 nove,
421 1388 484 1449 qus
495 1387 568 1430 vere
581 1367 707 1449 Regum
721 1367 843 1431 subditi
857 1390 924 1432 non
939 1369 1005 1432 sint
1012 1395 1023 1449 3
1046 1392 1110 1452 qua
1124 1369 1208 1434 cives

106 1492 174 1534 non
188 1469 263 1548 sint,
279 1476 312 1533 et
334 1490 409 1532 oum
431 1468 554 1533 civibus
579 1468 702 1533 caeteris
725 1469 811 1532 civili
833 1471 906 1554 lege
927 1478 1122 1551 teneantnr;
1146 1495 1211 1555 qua

110 1575 218 1637 Omnis
237 1575 342 1636 animo
358 1574 511 1654 potestati
530 1573 672 1654 gladium
688 1575 843 1654 portanti,
867 1575 962 1637 etium
982 1582 1116 1657 propter
1137 1597 1209 1640 con-

106 1678 269 1741 scientiam
295 1697 356 1739 non
381 1673 600 1757 mtjtcntnrk.
645 1676 819 1759 Exemptos
845 1676 1047 1760 aliquatenus
1071 1700 1091 1741 a
1105 1680 1210 1760 juris·

108 1781 242 1843 dictione
266 1779 464 1862 Principum,
483 1786 516 1842 et
540 1799 600 1843 nos
623 1779 844 1861 agnoscimus:
869 1780 924 1844 sed
940 1804 959 1845 a
974 1782 1208 1863 jurisdictione,

109 1905 176 1948 non
200 1883 404 1965 eubjeotione:
438 1882 597 1967 subjectos
624 1903 718 1960 sane3
750 1882 807 1946 sed
833 1884 1000 1965 diplomate
1023 1884 1130 1967 aliquo
1155 1905 1208 1948 ex-

109 1993 233 2070 emptos
247 1985 282 2049 in
298 1985 461 2067 aliquibus,
483 1986 593 2070 ajuro
608 1984 694 2068 quod
707 1983 840 2068 reliquis
855 1985 977 2049 civibus
992 1986 1129 2064 dicitnr3
1152 1987 1209 2051 sed

110 2096 274 2173 exemptos
297 2089 336 2151 ab
360 2090 438 2171 ipsis
452 2088 596 2170 ,Repibtn
618 2088 675 2152 illa
699 2110 757 2152 sua
772 2089 1005 2170 jurisdictione,
1022 2111 1058 2153 ao
1077 2112 1135 2173 per
1148 2090 1210 2155 hoc

109 2193 245 2275 Regibus
277 2192 440 2274 subjectos.
495 2193 584 2255 Nam
613 2191 649 2254 ni
677 2190 795 2269 forent,
826 2213 883 2255 cur
911 2194 1102 2274 eeemptione
1130 2215 1211 2277 opus

109 2295 289 2360 haberent?
328 2294 410 2360 Quis
426 2295 544 2372 enimit,
561 2294 616 2376 qui
632 2293 683 2356 sui
698 2299 773 2357 ante
789 2293 871 2378 juris
886 2297 1002 2358 erant?
1039 2295 1211 2377 Eoeeinptos

109 2399 217 2483 igitur,
239 2399 316 2480 jure
340 2397 449 2479 Repio,
476 2418 544 2460 non
574 2397 689 2474 diuino,
715 2397 765 2460 vel
792 2397 841 2479 (ut
866 2398 991 2462 noviter
1015 2398 1207 2481 Cardinalis)

103 2503 226 2585 partim
252 2501 366 2579 divino,
391 2501 681 2581 portinianum,
705 2502 828 2581 partim
853 2500 983 2566 nemrot
1028 2503 1099 2565 Nec
1123 2503 1210 2565 enim

109 2625 201 2689 posse
224 2603 421 2687 subjectione
443 2603 478 2665 in
500 2608 606 2666 totum
630 2602 735 2680 eximi,
753 2624 827 2665 eum
849 2612 1043 2686 praeceptum
1066 2604 1209 2668 divinum

110 2709 161 2786 sit,
185 2715 223 2770 ut
245 2707 343 2769 omnis
369 2707 473 2768 animo
496 2706 650 2786 potestati
672 2706 814 2787 gladium
836 2708 982 2787 portanti
1006 2709 1049 2769 sit
1073 2707 1208 2770 midila.

111 2810 322 2874 Immunitate
337 2829 412 2890 ergo
431 2808 544 2871 donari
566 2829 667 2891 posse,
682 2831 803 2887 verum,
820 2810 924 2892 quoad
941 2831 1001 2888 res,
1018 2810 1123 2893 quoad
1138 2832 1209 2894 per-

110 2935 221 2977 sonas:
253 2911 458 2993 immunitate
481 2910 688 2995 subjectionis
711 2933 778 2975 non
802 2933 912 2995 posse3
948 2910 1096 2994 ὑποτωγῆ
1123 2914 1210 2977 enim

154 3119 329 3195 Postremo,
340 3123 372 3179 et
388 3116 507 3197 aRege
521 3114 591 3178 haee
606 3115 732 3198 scripta,
750 3136 816 3179 non
832 3116 872 3179 ad
884 3116 1046 3180 Cardinali
1061 3119 1211 3180 invidiam

111 3220 316 3304 conflandum,
345 3217 439 3301 (Quis
468 3217 555 3280 enim
585 3218 656 3280 Rex
685 3217 849 3280 cardinali
877 3219 1060 3282 inuideret?
1104 3221 1210 3286 Quem

110 3323 218 3408 potins
240 3323 309 3407 ejus
328 3342 394 3383 non
414 3319 597 3402 miserenti)
625 3319 681 3383 aed
700 3319 740 3383 ad
756 3320 873 3402 Rapum
892 3322 1052 3384 solertiam
1071 3325 1211 3386 ennian-

111 3428 204 3490 dom:
229 3445 365 3509 quorum
388 3443 482 3487 nosse
504 3424 639 3487 interest
662 3443 725 3499 eos,
749 3422 805 3505 qui
827 3444 918 3487 secus
939 3424 974 3487 in
1000 3447 1054 3489 eos
1078 3427 1211 3491 animati

112 3536 198 3593 sunt.
244 3527 311 3593 Qui
336 3527 472 3589 clericos
493 3547 567 3589 vere
589 3526 708 3609 Reponi
730 3526 869 3590 subditos
891 3549 958 3590 non
983 3549 1069 3592 esse:
1101 3551 1210 3610 exeo,

112 3631 200 3716 quod
214 3651 287 3694 vere
310 3628 433 3692 subditi
454 3650 521 3692 non
543 3628 618 3707 sint,
634 3628 824 3712 proditionis
840 3629 876 3692 in
894 3631 1055 3708 Caesarem,
1070 3632 1212 3696 ullumve

113 3735 246 3816 Regem,
267 3752 339 3794 reos
363 3751 432 3796 esse
454 3752 521 3795 non
538 3751 648 3814 posse3
671 3750 731 3794 nec
755 3731 912 3795 actionem
933 3732 973 3795 de
996 3753 1034 3796 ea
1054 3734 1152 3797 ullam
1177 3735 1213 3799 in

113 3858 167 3901 eos
189 3834 326 3900 institui.
371 3834 464 3897 Cives
487 3833 626 3916 quidem,
643 3832 748 3916 quoad
771 3840 886 3897 oaetera
900 3834 1026 3899 Civium
1048 3835 1212 3915 beneficia,

114 3959 184 4003 esse
200 3937 298 4001 velle:
323 3944 357 4000 at
372 3935 499 4000 Civium
524 3943 634 3998 tamen
657 3934 781 4018 legibus
805 3957 871 3999 non
896 3937 1010 4001 teneri.
1055 3939 1213 4022 Denique,

114 4044 219 4125 Reges
233 4041 401 4103 Loioonum
417 4039 521 4121 Reges
541 4059 620 4116 esse,
641 4060 708 4101 non
726 4039 925 4103 clericorum.
973 4041 1135 4104 Columnis
1150 4044 1214 4105 iaec

113 4145 204 4209 nulla
218 4151 277 4223 est,
294 4142 350 4206 aed
369 4141 501 4206 assertio
522 4162 561 4205 ex
580 4140 679 4224 ipsius
699 4141 843 4205 sontibus
861 4122 972 4225 petiit
1018 4142 1067 4206 Ut
1082 4152 1115 4206 et
1130 4145 1214 4227 ejus-

148 4331 160 4363 ἱ
189 4331 260 4381 Cous.
271 4331 343 4380 Rom.
355 4329 411 4379 xiii,
424 4329 446 4388 1,
458 4330 483 4388 4,
494 4327 528 4392 6.]
687 4330 766 4385 rtem
791 4328 820 4377 in
836 4328 897 4380 edit
916 4328 968 4380 001.
986 4330 1047 4392 Agr.
1066 4331 1128 4381 1628
1146 4330 1214 4382 haud

148 4395 155 4428 ¹
179 4395 272 4473 laert]
285 4395 323 4445 De
336 4394 399 4472 cler.
416 4394 459 4443 lib,
472 4393 489 4442 i.
508 4407 560 4506 oep.
573 4393 613 4442 28.
629 4394 642 4454 ς
684 4392 724 4444 in
734 4393 858 4458 habetur]

116 4461 209 4512 'tertia
223 4460 289 4525 [Op.
300 4464 385 4511 tomr.
397 4459 443 4509 col.
453 4460 525 4509 1668.
551 4457 645 4521 ugoni.
