2910 4926
456 287 638 338 moroann
659 286 841 338 nmmasro.
1091 344 1094 351 .
1139 273 1204 338 899

144 449 192 512 At
215 447 254 512 de
279 446 411 513 Gotthis
433 446 535 545 deque
559 445 714 510 Vandalis
735 444 845 534 mirari
871 443 966 522 subit,
990 443 1075 527 quod
1097 453 1204 528 neget,

101 552 197 615 attam
213 550 362 633 Pontifici
371 551 501 634 plapam
516 551 668 614 inmitem.
712 550 909 614 Poterantne
923 547 958 611 in
973 547 1102 612 Italiam
1117 569 1205 632 gras-

103 656 165 720 sari
179 663 291 734 totam,
306 663 354 734 ut,
370 656 426 739 qui
439 655 476 719 in
489 654 568 719 urbe
583 654 688 718 Italiae
703 652 851 738 Principe
865 660 937 717 tum
954 651 1112 735 Pontifeoe,
1124 653 1205 716 nihil

103 758 142 822 de
157 760 258 842 ptapa
280 759 436 823 senserit?
459 754 571 823 *Aliud
593 757 803 854 illi'narrsret
818 756 895 837 Leo,
911 777 1006 841 quem
1020 756 1103 820 tanti
1117 756 1204 835 facit,

103 861 130 924 si
151 861 187 925 in
207 862 285 926 vivis
308 869 400 941 esset,
423 869 619 946 quantopere
640 860 816 945 trepidarit,
839 882 936 945 quarn
961 881 995 924 se
1017 859 1052 926 in
1075 881 1204 924 omnem

103 972 227 1048 partem
249 967 391 1045 versarit,
410 986 506 1049 quam
528 985 638 1029 omnes
659 964 781 1048 ingenii
802 985 915 1029 nervos
937 972 971 1028 et
992 963 1119 1029 dicendi
1139 964 1204 1027 vim

104 1090 232 1133 omnem
246 1069 429 1150 intenderit,
441 1091 505 1154 quo
519 1069 646 1154 plagam
660 1069 842 1134 declinaret.
873 1068 1086 1135 Quantumvis
1098 1074 1205 1132 autem

103 1173 253 1236 averterit
271 1173 375 1256 primo
390 1173 572 1257 eloquentia
585 1194 642 1236 sua
656 1172 870 1236 Barbaromm
884 1172 1042 1256 impetum
1056 1192 1075 1235 a
1089 1171 1206 1236 civium

103 1275 287 1355 cervicibus,
303 1275 442 1342 secundo
456 1297 522 1341 non
541 1276 690 1361 potuisse.
735 1276 845 1361 Fregit
860 1275 1006 1355 Attilam,
1021 1297 1088 1341 non
1102 1276 1208 1360 potuit

105 1377 325 1444 Gensericum.
368 1380 503 1462 Ptopam
522 1380 643 1463 accepit
658 1378 816 1462 Pontt'sec,
825 1381 957 1463 plepem
977 1400 1115 1463 gravem,
1130 1378 1209 1443 urbs

104 1478 238 1563 direpta,
252 1480 383 1544 incensa
401 1492 459 1561 est,
475 1482 607 1566 Templa
626 1483 723 1546 etiam
739 1483 892 1566 spoliata,
915 1489 958 1560 et,
974 1489 1022 1546 est
1042 1482 1208 1565 quisquam

104 1583 160 1666 qui
181 1591 287 1666 neget,
303 1605 322 1647 a
336 1584 491 1648 Vandalis
507 1586 637 1668 plepem
660 1585 758 1649 ullam
777 1586 924 1668 Pontifici
946 1584 1098 1668 inflictam
1118 1585 1208 1647 esse?

106 1686 216 1750 Ullam
232 1688 368 1752 Roma?
391 1689 455 1753 Fac
469 1697 579 1753 tamen
593 1710 655 1752 aon
669 1691 823 1770 accepisse
845 1687 916 1769 (nec
931 1688 964 1753 id
979 1688 1070 1752 valde
1086 1688 1126 1749 ad
1140 1707 1208 1750 rem
1319 1764 1324 1775 ι

104 1789 226 1872 refert.)
283 1791 418 1875 Accepit
447 1792 625 1876 Imperium
654 1814 673 1856 a
703 1791 858 1855 Barbaria
891 1790 955 1855 illis
977 1790 1119 1874 stapeltis
1148 1792 1210 1854 Dei

98 1894 230 1976 ptnpam
252 1914 398 1977 gravem:
422 1895 526 1979 capite
547 1896 720 1975 minutum,
738 1915 830 1979 paene
851 1894 950 1958 etiam
969 1895 1117 1968 attritum
1138 1901 1187 1958 est
1198 1919 1208 1971 3

104 2016 165 2060 nec
189 1996 295 2080 potuit
314 1998 415 2080 pleps
438 1998 494 2062 illa
520 2000 657 2064 Romam
681 2020 748 2063 non
773 1997 943 2081 attingere.
986 1997 1058 2061 Etsi
1081 2005 1211 2081 propter

105 2101 223 2164 scelera
236 2100 329 2180 forte,
344 2123 411 2166 non
430 2123 502 2185 quae
520 2103 701 2167 Christiana
719 2103 798 2187 jam,
813 2100 869 2165 sed
886 2122 958 2185 quae
979 2100 1056 2165 olim
1070 2101 1210 2164 Ethaica

105 2210 311 2287 perpetrarat.
902 2266 905 2275 ,

96 2336 103 2348 ·
149 2307 221 2371 Nee
250 2327 289 2371 eo
312 2306 423 2371 minus
448 2307 669 2372 Antichristus
695 2309 867 2373 Pontifex:
910 2309 957 2375 At
985 2307 1077 2372 nullo
1106 2302 1210 2372 colore

105 2408 300 2490 Imperator,·
322 2411 452 2473 Sectam
466 2411 553 2474 enim
567 2410 663 2476 modo
676 2412 776 2494 Caput
788 2397 977 2496 Imperator,
991 2412 1100 2492 Caput,
1113 2410 1208 2494 quod,

105 2511 264 2576 scribente
278 2513 494 2599 Apocalypsin
513 2515 650 2592 Ioanne,
666 2515 763 2578 etiam
785 2523 855 2578 tum
878 2521 957 2579 erat.
1002 2514 1090 2579 Nam
1106 2514 1209 2596 Septi·

105 2636 198 2694 mam,
220 2616 369 2701 Episcopi
390 2626 492 2698 erant,
515 2617 571 2681 sed
594 2618 649 2702 qui
673 2617 818 2682 nondum
839 2616 1083 2702 degenerassent
1104 2616 1208 2700 plane,

106 2738 202 2801 penes
228 2741 307 2802 quos
335 2719 606 2818 urbissregimen,
631 2729 729 2804 atque
756 2719 999 2785 administrandi
1027 2719 1119 2798 ratio,
1140 2721 1209 2804 jam

106 2841 127 2883 a
139 2822 294 2885 translata
309 2822 621 2908 Constantinopolim
638 2824 772 2908 Imperii
790 2824 873 2889 sede.
922 2825 1082 2902 Octavum,
1097 2823 1209 2888 Ponti-

106 2923 174 2987 ficis
199 2931 279 3004 erat,
301 2924 357 2989 sed
386 2925 578 2990 Universotis
597 2927 675 3011 jam,
699 2926 755 2991 sed
776 2929 845 3013 jam
870 2927 1072 2991 Antichristi.
1117 2925 1209 2990 Idem

108 3027 288 3109 Septimum,
304 3029 379 3113 quia
391 3029 477 3093 visus
495 3030 662 3095 succedere
679 3031 844 3115 Episcopis
866 3029 1023 3095 Pontifex.
1069 3028 1161 3093 Idem
1177 3036 1210 3093 et

111 3131 270 3211 Octavum,
286 3133 361 3215 quia
380 3133 528 3197 Pontifex
545 3134 614 3217 jam
632 3133 704 3216 plus
727 3154 823 3216 quam
843 3131 1001 3211 Pontifex,
1016 3131 1088 3215 plus
1113 3131 1210 3195 etiam

108 3255 204 3316 quam
222 3234 338 3313 Caesar,
354 3235 410 3317 qui
431 3256 451 3298 a
471 3234 720 3319 precedentium
743 3235 974 3318 Episcoporum
999 3254 1088 3297 more
1108 3233 1211 3318 prisco

108 3336 329 3420 degenerasset
353 3337 389 3400 in
412 3338 660 3402 Antichristum
706 3338 856 3420 Namque
884 3336 931 3400 ita
959 3335 1101 3414 memini,
1125 3334 1210 3418 quod

107 3459 219 3502 cesam
233 3445 279 3503 est
296 3439 407 3522 Caput,
423 3440 570 3525 quodque
587 3440 703 3504 revivit
717 3440 831 3518 denuo,
847 3445 989 3503 octavam
1006 3446 1161 3517 censetm,
1178 3446 1210 3502 et

108 3549 280 3607 esttamen
299 3541 339 3606 de
355 3548 480 3624 septem.
526 3544 576 3608 De
595 3549 731 3626 septem,-
760 3541 935 3607 eratenim
954 3542 1024 3626 jam
1043 3547 1114 3604 tum
1136 3562 1210 3606 cum

108 3645 232 3725 revixit,
250 3646 439 3709 Monarchia
461 3646 606 3730 quadam
624 3648 786 3711 Romane:
810 3647 882 3711 Nee
902 3654 1029 3709 mutata
1042 3643 1093 3708 vel
1112 3645 1210 3722 sedes,

108 3749 158 3812 vel
177 3749 276 3812 locus.
321 3750 435 3815 Unum
458 3771 536 3833 ergo
555 3750 595 3815 de
615 3757 740 3833 septem,
756 3750 831 3833 quia
852 3748 1041 3812 Monarchio
1057 3748 1107 3811 vel
1129 3755 1211 3812 tum.

108 3852 153 3916 Et
168 3857 309 3915 octavam
323 3852 425 3916 nihilo
439 3853 545 3917 minus
563 3861 720 3932 censetur,
737 3853 812 3936 quia
827 3874 894 3916 non
908 3859 946 3915 ut
960 3852 1037 3916 olim
1051 3850 1211 3935 Episcopi,

109 3954 165 4019 sed
186 3962 223 4019 ut
245 3961 316 4017 tum
334 3956 534 4035 Antichristi,
550 3977 633 4021 nova
654 3956 783 4040 speeies,
802 3976 920 4020 novum
943 3961 1048 4039 caput,
1065 3953 1212 4037 quodque
1231 3973 1235 3981 ·

109 4058 248 4121 multum
269 4058 411 4122 differret
437 4059 615 4123 aeaeteris:
650 4059 709 4124 sub
731 4081 794 4143 quo
813 4066 924 4122 tamen
942 4057 1067 4122 reddita
1090 4058 1211 4136 Romae

113 4161 181 4241 (seu
195 4162 297 4239 malis,
314 4161 486 4246 Babyloni)
504 4163 601 4226 etiam
617 4169 720 4242 aucte,
736 4162 975 4246 magnificentia
988 4160 1093 4225 omnis
1107 4182 1165 4224 sua
1178 4169 1212 4222 et

111 4263 287 4346 amplitudo
306 4263 450 4348 pristina.
496 4267 545 4330 Ut
559 4266 620 4330 etsi
637 4266 676 4330 de
693 4287 826 4330 numero
835 4273 923 4360 ⁸esset
942 4265 1081 4342 illorum,
1097 4271 1213 4327 natura

111 4365 252 4430 differret
274 4373 392 4448 tamen,
409 4376 565 4452 quantum
581 4390 600 4432 a
615 4368 796 4434 Christiano
815 4369 973 4453 Episcopo
986 4367 1214 4430 Automatia-

111 4489 169 4531 mrs
184 4468 342 4552 Pontisec.
