2910 4926
272 268 336 331 118
584 282 627 329 ao
648 280 839 329 0110111111
860 279 1060 328 anatinam

176 423 180 432 ⁸
272 438 353 502 alter
376 438 512 502 alterum
534 437 697 520 intelligit,
713 458 779 520 prae
801 439 1009 518 equivocaate
1023 436 1084 499 hao
1097 456 1181 499 nova
1197 436 1379 517 linquar-am

272 538 470 623 confictione:
494 539 551 602 ubi
565 541 724 602 Meretrice
741 541 836 618 sedet,
853 561 958 622 quam,
975 559 1041 621 qtae
1061 559 1130 602 cum
1149 558 1186 600 ea
1204 536 1379 620 smaicatae

271 646 345 707 otim
363 644 516 706 Nationes
525 641 548 720 k,
573 644 642 726 jam
663 643 832 725 despuunt.
878 644 927 706 Ex
949 663 997 721 ea,
1018 663 1084 705 non
1109 643 1177 725 jam
1192 639 1300 718 vestri,
1316 660 1380 703 nee

271 747 360 811 vobis
390 746 631 824 annumerandi,
662 768 722 809 nec
754 747 802 828 (ut
832 746 899 828 diu)
931 754 1036 809 vestro
1066 743 1248 807 Meretricis
1277 742 1379 806 calice

271 850 430 914 fascinati.
475 850 597 931 Retiyio
619 849 712 912 nobis
734 850 827 912 Secta
848 870 916 912 non
937 855 995 926 est,
1011 831 1116 930 neque
1131 854 1237 931 potest
1252 846 1378 928 Retipia

272 973 340 1016 esse
365 954 468 1015 Secta.
513 953 555 1015 In
573 951 733 1033 Retipioae
755 953 858 1015 Sectae
880 973 947 1015 esse
972 959 1114 1035 possunt.
1160 952 1204 1014 Et
1223 949 1307 1027 vide,
1335 969 1378 1012 ne

273 1055 362 1118 vobis
386 1054 460 1132 sint,
481 1053 566 1117 inter
585 1076 664 1137 quos
684 1064 752 1118 tam
772 1056 883 1119 multae
899 1056 1062 1118 sectatam
1076 1059 1172 1117 notae.
1219 1051 1285 1118 Qui
1301 1072 1378 1114 vero

193 1192 202 1207 .
273 1179 330 1241 per
348 1159 504 1220 Orientem
526 1156 703 1221 Christiani
728 1166 814 1236 sunt,
835 1157 939 1221 nihilo
964 1157 1072 1220 minus
1090 1156 1264 1219 Christiani
1287 1162 1378 1230 sunt,

274 1261 324 1323 vel
342 1261 504 1334 Catholici,
521 1259 606 1341 quod
620 1258 804 1340 Apostolum
817 1260 909 1322 XIII
909 1271 953 1322 ⁸¹⁸.
970 1281 1037 1322 11011
1052 1266 1237 1342 agnoscant.
1275 1257 1379 1320 Fastu

273 1378 379 1426 vestro
401 1362 449 1425 ita
472 1360 596 1444 disjecti
620 1370 713 1440 sunt;
735 1385 792 1446 per
811 1363 930 1426 fastum
944 1372 1085 1426 vestrum
1109 1363 1146 1424 fit
1165 1359 1262 1443 (quod
1276 1359 1378 1422 Nilus

274 1465 391 1528 diserte
405 1465 498 1528 docet
506 1463 538 1547 ¹),
551 1486 593 1528 ne
607 1464 712 1528 denuo
727 1466 922 1529 coalescant:
945 1487 1012 1529 non
1023 1465 1118 1539 enim,
1129 1464 1192 1527 nisi
1202 1462 1374 1527 Humilem

276 1568 468 1646 Gabrielem,
484 1568 665 1652 reciperetis
682 1568 722 1631 ad
736 1590 790 1631 vos
806 1591 997 1652 quenquam,
1014 1567 1070 1650 qui
1085 1569 1206 1649 Papam
1224 1567 1375 1639 0111111111

274 1654 510 1753 Eneapetistam
540 1680 700 1755 agnoscat,
726 1674 865 1755 Papatus
894 1672 1072 1735 doctrinam
1102 1672 1241 1752 quintam
1266 1669 1378 1732 Evan-

272 1774 427 1855 9111111111ο
471 1774 658 1837 Nestoriani
679 1774 811 1837 titulum
830 1775 899 1858 ejus
918 1775 1035 1852 ienmt,
1055 1775 1146 1857 cujus
1166 1794 1234 1836 rem
1256 1793 1379 1855 negare

274 1875 491 1959 perhibentur.
537 1876 699 1939 Jacobitas
729 1898 825 1960 quam
850 1898 925 1940 1610
950 1899 1006 1940 101
1034 1876 1178 1960 utrisque
1206 1875 1294 1938 ulnis
1326 1896 1378 1938 ac·

275 1978 402 2061 cepistis
425 1979 460 2040 in
486 1979 612 2042 Humili
629 1979 802 2043 Gabriele?
833 1979 888 2063 qui
911 1985 1019 2042 tamen
1043 1979 1153 2042 fiscum
1174 1978 1263 2041 vobis
1286 1978 1378 2057 fecit,

280 2074 406 2163 (merito
420 2083 539 2163 autem)
557 2082 716 2165 aequivoce
737 2104 771 2146 se
784 2090 926 2146 vestrum
947 2081 1136 2166 profitendo.
1181 2080 1286 2145 Nobis
1302 2102 1379 2144 vero

275 2185 310 2246 in
324 2184 406 2247 votis
429 2192 486 2263 est,
510 2192 547 2247 ut
570 2193 603 2248 et
625 2186 698 2263 illis,
723 2194 756 2248 et
778 2185 936 2264 omnibus,
954 2187 1010 2269 qui
1024 2184 1146 2251 Christi
1167 2205 1286 2248 nomen
1309 2205 1378 2247 non

275 2287 475 2366 erubescunt,
503 2288 627 2370 Synodi
656 2289 789 2372 alicujus
818 2289 856 2371 (si
882 2289 917 2351 id
945 2289 1015 2353 fieri
1044 2289 1153 2372 possit)
1180 2288 1377 2364 interventu,

276 2393 395 2477 alioqui
416 2402 530 2456 mutua
550 2414 607 2476 per
628 2393 845 2457 internuntios
864 2394 1042 2472 collatione,
1058 2393 1188 2456 daretur
1201 2414 1305 2455 unum
1320 2414 1378 2475 per

274 2497 383 2558 omnia
398 2497 525 2559 sentire.
570 2497 615 2558 At
638 2496 677 2559 de
700 2503 810 2558 nostra
832 2497 892 2559 hac
907 2496 1004 2560 Orbis
1025 2504 1115 2579 parte
1136 2495 1171 2558 id
1194 2495 1275 2558 dixit
1292 2496 1374 2574 Rex,

274 2599 340 2677 ubi,
365 2622 460 2682 quam
483 2600 568 2662 inter
590 2621 648 2661 nos
672 2599 849 2674 conveniat,
871 2621 909 2662 ex
924 2601 1100 2662 Harmonia
1118 2597 1378 2678 0011111110111111ιι

281 2704 386 2785 (quam
411 2724 468 2765 suo
492 2724 623 2784 quaeque
647 2704 777 2765 nomine
800 2704 941 2766 Ecclesia
962 2704 1073 2784 edidit)
1094 2703 1180 2765 videt
1196 2702 1378 2765 Cardinalis

275 2805 404 2882 invitus,
430 2804 490 2866 etsi
511 2805 593 2866 nolit
614 2805 741 2868 videre:
765 2806 800 2868 in
823 2829 894 2889 qua,
919 2814 1075 2889 quotquot
1098 2827 1200 2868 unum
1225 2805 1376 2887 sapimus,

276 2906 368 2969 alteri
384 2907 498 2969 alteros
517 2909 564 2988 (ut
579 2929 635 2989 par
650 2910 709 2990 est)
728 2910 937 2990 agnoscimus.
979 2909 1051 2986 Illa,
1067 2930 1086 2969 1
1100 2908 1198 2985 vobis,
1215 2907 1250 2969 in
1265 2908 1377 2971 odium

276 3010 411 3071 conficta
434 3009 575 3087 nomina,
599 3011 736 3092 protrita
761 3013 829 3093 jam
854 3021 947 3089 sunt;
970 3032 1103 3095 quaeque
1127 3032 1221 3073 nemo
1244 3011 1377 3092 agnovit

275 3135 332 3195 pro
348 3114 421 3176 suis.
467 3114 565 3177 Mitte
580 3114 653 3176 illa:
676 3115 711 3176 in
730 3112 923 3196 Confessiaae
939 3117 1062 3178 Sectam
1078 3136 1193 3198 quaere.

308 3248 334 3297 Si
346 3265 403 3298 vero
415 3265 459 3313 pro
471 3251 522 3298 suis
534 3265 584 3298 non
595 3252 715 3312 agnoscit,
728 3252 777 3299 nisi
790 3251 950 3300 Calvinianos
966 3251 1064 3311 mistos,
1077 3251 1222 3300 Puritanis.
1238 3290 1243 3299 .
1257 3251 1375 3310 exclusis,

260 3387 262 3390 y
340 3331 423 3379 nescio
435 3346 467 3379 an
479 3330 588 3380 mediam
599 3336 695 3393 partem
709 3330 789 3394 Regni
802 3333 840 3380 sui
853 3347 983 3381 numerare
994 3333 1096 3394 poterit,
1109 3333 1136 3380 in
1149 3333 1188 3389 iis,
1201 3333 1245 3394 qui
1257 3332 1375 3394 religioni

340 3425 392 3458 suaa
410 3410 699 3475 consentiunt—[Bell.
717 3414 791 3474 Apol.
811 3427 857 3476 pro
878 3412 964 3476 Hesp]
986 3428 1010 3476 p.
1028 3415 1082 3461 181.
1106 3413 1174 3477 [011.
1191 3419 1253 3461 tom.
1266 3414 1310 3462 vii.
1328 3415 1375 3462 col.

342 3494 396 3540 808.
409 3491 454 3552 Α]

654 3579 916 3588 ——-—--.——-

309 3622 319 3654 '¹
350 3625 425 3687 Apoc.
438 3625 498 3672 xvii.
510 3624 546 3686 2.]
878 3634 894 3654 ¹¹¹
917 3625 1065 3690 [“Humilis
1090 3627 1190 3675 Gabriel
1218 3625 1266 3675 Dei
1292 3628 1376 3688 gratia

308 3686 315 3718 ¹
350 3689 498 3745 “Quaenam
527 3689 605 3751 igitur
633 3688 735 3737 taudem
764 3693 803 3737 est
845 3689 953 3737 famulus
976 3691 1042 3739 sedis
1062 3691 1147 3739 Sancti
1167 3691 1245 3739 Marci
1267 3692 1294 3738 iu
1315 3692 1377 3739 urbe

276 3752 350 3814 hujus
372 3752 471 3801 dissidii
495 3755 584 3802 causat
617 3751 688 3808 Quod
706 3754 803 3801 scilicet
846 3754 1018 3803 Alexandrina
1038 3755 1158 3818 AEgyptia
1175 3792 1181 3803 .
1201 3791 1207 3803 .
1226 3792 1231 3802 .
1252 3757 1376 3818 septimus

277 3818 382 3879 quaestio
406 3824 563 3867 controversa
581 3818 709 3865 communi
728 3817 800 3865 OEcu-
848 3818 1046 3867 Patriareharum
1059 3856 1084 3868 ..
1104 3820 1209 3868 salutem
1228 3821 1377 3882 impartitur

276 3883 381 3929 menicae
399 3881 487 3943 synodi
508 3883 607 3930 decreto
626 3897 677 3930 non
696 3883 729 3929 sit
748 3897 803 3930 eon·
847 3919 853 3930 .
874 3919 879 3930 .
901 3884 976 3931 tertio
998 3884 1095 3932 decimo
1119 3885 1318 3946 Apostolorum.
1342 3922 1348 3934 .
1368 3921 1374 3933 .

276 3946 383 4004 firmata,
402 3946 466 4008 quod
480 3947 534 4008 ejus
549 3947 641 3995 solutio
658 3947 801 4009 explicatio
847 3952 872 3995 ct
905 3948 993 4009 quinto
1024 3948 1066 3997 SS.
1091 3948 1371 4010 Evangelistarum.”-

276 4026 324 4071 que
347 4026 397 4059 non
420 4011 464 4059 fiat
485 4026 517 4058 ex
539 4012 617 4059 veteri
647 4011 749 4059 Patrum
776 4013 803 4058 in
848 4012 926 4073 1111111.
946 4012 1080 4061 l‘atriarch.
1101 4013 1224 4061 Alexand.
1242 4013 1275 4061 ad
1296 4014 1376 4063 Clam.

275 4074 424 4136 ejuscemodi
444 4075 747 4136 negotiisconsuetudine,
760 4075 803 4123 sed
848 4075 920 4124 vlit.
939 4078 1004 4138 apud
1027 4076 1128 4125 Baronii
1145 4078 1212 4125 Anu.
1227 4077 1294 4125 Eccl.
1313 4084 1375 4127 tom.

275 4139 342 4200 quod
366 4139 471 4187 1101111111
499 4139 600 4202 quidem
626 4141 802 4200 magistrorum
847 4141 879 4188 11.
898 4142 925 4188 in
944 4142 1089 4203 Appendice
1106 4141 1137 4190 da
1159 4142 1284 4203 legatione
1309 4142 1376 4191 Eecl.

276 4206 303 4251 in
316 4204 369 4252 haee
381 4206 519 4266 quaestione
531 4211 614 4266 partes
626 4204 673 4251 sibi
691 4209 802 4261 sumunt,
850 4205 919 4252 Alex.
939 4208 983 4253 eol.
996 4210 1050 4255 906.
1064 4205 1103 4269 H]

275 4269 337 4316 alios
357 4285 414 4317 vero
433 4270 513 4317 instar
535 4268 714 4330 discipulorum
735 4269 802 4316 dicto
880 4277 890 4298 ¹¹
915 4269 996 4331 [l'ide
1019 4271 1062 4319 lib.
1088 4272 1128 4319 cui
1154 4271 1194 4318 111.
1218 4270 1378 4320 ‘Harmonia

275 4333 405 4382 audientes
428 4333 517 4382 habere
532 4332 755 4381 velint.'’-Nilus
772 4333 803 4381 dc
848 4333 1035 4383 confessionum
1056 4335 1115 4383 tidei
1133 4336 1338 4384 (trtbcdoxaruur
1351 4344 1378 4384 et

276 4397 353 4446 Prim.
368 4398 441 4460 Papae
460 4397 527 4460 apud
545 4397 657 4447 Goldasti
675 4397 802 4447 Monarch.
848 4398 1044 4447 Reformatarum
1074 4400 1255 4458 aeclesiarum:
1281 4404 1327 4450 &c
1345 4429 1377 4436 -

275 4465 337 4510 tom.
353 4464 369 4510 i.
386 4478 410 4525 p.
424 4464 476 4525 aa]
847 4462 962 4520 Genera,
974 4462 1055 4525 1581]
