2910 4926
475 279 658 328 uronoouu
679 281 860 329 smmusro.
1161 272 1225 333 423
1294 337 1304 358 .

115 435 236 498 tatem:
260 433 436 517 plurimum
459 456 497 498 ex
516 457 554 499 eo
578 442 681 512 aucta,
704 435 789 519 qnod
809 435 941 500 missum
964 459 998 500 se
1020 438 1060 501 ad
1085 438 1223 505 Gentiles

115 535 244 600 diceret.
283 539 364 603 Quae
378 538 464 601 illins
479 560 538 601 vox
553 538 653 621 igitur
668 539 798 601 clamori
813 559 942 601 causam
959 538 1071 602 dedie.
1111 539 1221 624 Negat

113 638 235 702 factum
251 641 434 723 Apostolus,
451 641 597 705 convinci
618 662 652 704 se
669 642 761 724 petit.
805 641 894 705 Nam
914 641 955 706 de
970 642 1220 708 Resurrectione

114 763 181 806 non
195 750 292 826 negat
312 744 461 822 credere,
482 743 517 807 id
536 753 644 827 negat,
666 744 737 827 (etsi
756 743 875 824 credat,
891 744 952 808 etsi
974 752 1007 808 et
1026 744 1161 828 doceat)
1181 767 1220 811 eo

113 845 199 909 facto
221 867 255 910 se
278 846 448 930 quicquam
470 868 615 930 peccasse
630 847 664 911 in
688 850 863 912 Caesarem:
892 847 1036 931 Capitale
1057 848 1091 912 id
1113 848 1219 913 nenti-

113 970 211 1031 quam
226 971 303 1029 esse,
320 971 380 1014 nec
395 950 578 1034 Majestatis
593 950 668 1016 inde
683 972 774 1016 reum
789 973 823 1015 se
838 951 947 1036 peragi
968 951 1119 1035 potuisse.
1156 953 1219 1017 At·

113 1073 175 1134 que
192 1051 262 1116 haec
283 1059 437 1136 perpetua
458 1054 527 1137 ejus
549 1053 704 1138 depulsio.
751 1054 898 1120 Alteram
920 1054 1007 1118 enim
1028 1054 1116 1118 illam
1131 1055 1217 1118 illius

113 1155 340 1236 defensionem,
357 1158 553 1221 Phariaeum
571 1178 635 1221 esse
652 1178 694 1237 se,
711 1159 867 1221 Pharisaei
875 1157 989 1240 fitium,
1000 1158 1145 1239 judicari
1161 1179 1216 1221 aa·

112 1265 172 1321 tem
181 1261 220 1323 de
230 1263 455 1325 resurrectione
468 1268 686 1340 mortemar,
696 1283 734 1326 eo
745 1262 913 1327 obtentam
923 1262 1014 1326 novit
1026 1261 1216 1340 cardinalis,

111 1369 158 1440 ut,
170 1363 307 1427 abeunte
317 1364 475 1427 hincinde
486 1365 522 1427 in
533 1372 638 1447 partes
649 1365 803 1444 Concilio,
814 1365 937 1428 facilius
948 1363 1101 1428 declinari
1110 1371 1217 1447 posset

110 1464 277 1548 utriusque
292 1466 440 1548 impetus,
457 1474 499 1544 et,
516 1468 571 1549 qui
585 1468 737 1531 innocens
752 1475 845 1547 esset,
860 1466 998 1531 liberari.
1027 1468 1073 1530 At
1088 1467 1215 1531 Tertul-

111 1567 171 1642 lus,
192 1567 258 1649 (qui
274 1569 358 1631 solus
373 1568 516 1651 legitime
532 1570 701 1649 accusavit)
720 1570 905 1653 perstrinxit
919 1569 1048 1652 quidem
1064 1568 1103 1632 de
1121 1571 1215 1633 Secta

112 1670 269 1748 nonnihil,
285 1670 341 1734 sed
356 1672 461 1754 Caput
476 1670 523 1733 illi
538 1671 601 1734 fuit
614 1671 650 1734 in
666 1672 877 1750 accusatione,
895 1671 979 1754 quod
1001 1692 1075 1735 eum
1083 1670 1214 1753 pestife-

109 1794 179 1835 rum
202 1776 353 1837 hominem
376 1776 570 1854 invenissent,
596 1777 648 1857 qui
678 1776 847 1838 concitaret
878 1774 986 1837 turbas
1014 1776 1048 1836 ira
1070 1775 1214 1836 noiomo

113 1879 202 1956 Orbe,
227 1879 338 1959 quique
368 1886 477 1942 auctor
499 1879 661 1942 seditionis
690 1884 796 1941 esset¹.
840 1878 1030 1958 dedecor-uret
1057 1882 1159 1940 autem
1183 1883 1214 1939 et

108 1981 220 2059 Judoei,
238 1982 382 2060 dicentes,
395 1983 471 2044 Haec
485 1983 532 2045 ita
546 2003 579 2045 se
594 1983 733 2045 haberet
772 1981 915 2047 Quaestio
930 2001 1006 2062 ergo
1020 1980 1066 2043 ibi
1081 1979 1120 2042 de
1131 1981 1212 2042 sedi·

108 2085 191 2146 tione
215 2083 287 2161 fuit,
303 2092 378 2147 autc
402 2084 442 2148 de
461 2085 584 2164 Templo
603 2085 729 2163 violato,
752 2082 829 2147 facti
852 2091 1005 2166 utraque:
1029 2082 1070 2146 de
1097 2082 1212 2164 quibus
1226 2091 1359 2159 [Dafnem

109 2189 263 2268 lepitimus
273 2189 394 2266 ⁴Jadeoe,
410 2196 449 2251 nt
465 2189 580 2265 Caesar,
596 2188 643 2251 ita
659 2190 781 2252 Praescs
797 2187 939 2267 Caesaris,
960 2187 1074 2270 (Paulo
1089 2187 1209 2268 itaque,
1225 2154 1304 2271 {ffld

109 2312 214 2353 coram
229 2313 263 2354 eo
279 2294 409 2354 tidenter
423 2312 481 2374 pro
497 2313 530 2354 se
545 2289 800 2372 satisfacientel.)
850 2290 967 2354 Coram
982 2290 1077 2353 Festo
1093 2296 1213 2366 autem,

108 2396 222 2457 ruuttas
233 2402 263 2459 et
275 2416 388 2477 proves
403 2416 515 2459 causas
530 2395 725 2476 objecerant5
749 2393 858 2477 quales
867 2414 951 2472 vero,
962 2400 995 2457 et
1010 2393 1101 2476 cujus
1117 2411 1213 2473 gene-

107 2499 161 2576 ris,
180 2500 259 2562 scias
279 2521 318 2562 er
336 2499 428 2562 Pauli
448 2498 643 2582 depulsione,
665 2498 749 2578 quod
766 2517 862 2578 aeque
881 2497 916 2558 in
938 2497 1043 2578 tepem,
1064 2494 1214 2576 aepaein

111 2602 275 2682 Templum,
287 2624 383 2684 aeque
393 2605 427 2664 tn
439 2604 600 2679 Cererem,
614 2602 776 2683 quicq-uam
785 2605 948 2682 peccasset
954 2609 975 2662 ⁰.
1013 2600 1127 2663 Festus
1138 2617 1213 2661 vero
1308 2667 1310 2675 ,

107 2705 249 2787 objectas
265 2727 330 2769 uon
345 2705 493 2788 negabat,
510 2705 565 2768 sed
580 2725 657 2786 quas
670 2704 808 2785 probare
822 2725 883 2767 noo
891 2709 1051 2783 poterant.
1096 2703 1213 2784 Neque

106 2815 217 2870 tamen
235 2808 274 2872 dc
296 2809 527 2873 resurrectione
542 2809 664 2873 Christi
677 2807 805 2873 volebat
821 2806 1078 2890 Hierosolymam
1103 2825 1212 2869 asceu-

106 2909 180 2973 dere
196 2911 343 2990 Paulum,
359 2912 413 2974 sed
429 2913 468 2975 de
481 2913 531 2975 his
546 2912 600 2991 ait,
616 2932 732 2995 nempe
747 2911 787 2974 de
802 2908 925 2973 caeteris
941 2929 1076 2992 quoque,
1089 2929 1161 2991 quae
1175 2906 1211 2970 in

109 3015 273 3095 Templum,
283 3015 406 3097 Lepem,
419 3016 580 3093 Cererem,
594 3015 756 3078 admisisse
771 3034 845 3076 eum
854 3010 1015 3075 criminati
1030 3017 1115 3073 sunt.
1147 3010 1211 3073 De·

105 3116 211 3198 nique,
227 3117 324 3180 verba
338 3119 406 3200 ipsa
421 3125 589 3181 contextus
603 3116 788 3198 scrupulum
809 3135 938 3177 omnem
959 3112 1114 3175 eximunt.
1156 3112 1214 3173 Aa

108 3218 258 3281 Tribaoal
275 3219 408 3282 Caesaris
429 3224 488 3297 sto,
503 3219 548 3280 tbi
563 3239 610 3279 me
630 3223 750 3298 oportet
763 3213 941 3298 judicarit.
987 3214 1061 3277 lmo
1076 3214 1211 3291 idiotas,

103 3321 156 3381 abi
171 3328 201 3384 te
216 3342 276 3383 oon
296 3326 416 3402 oportet
429 3321 584 3401 judicari,
599 3320 673 3383 infit
688 3318 873 3382 Cardinalis.
920 3318 991 3380 Nec
1006 3315 1092 3379 enim
1108 3317 1211 3396 lepitt-

104 3443 172 3485 mus
188 3423 294 3485 Jadea
317 3425 433 3503 Caesar,
460 3444 519 3486 nec
542 3423 711 3505 tepitimum
730 3419 901 3498 Tribuna13
928 3418 1060 3502 proinde
1085 3439 1145 3481 nec
1167 3418 1208 3483 ab

102 3526 159 3589 illo
182 3532 300 3607 oportet
323 3533 365 3604 te,
392 3546 452 3588 nec
478 3526 563 3609 apud
588 3525 738 3588 nsum
760 3524 837 3607 ejus,
854 3523 1010 3603 judicari.
1056 3522 1118 3599 Ita,
1141 3542 1209 3585 non

104 3629 199 3693 modo
222 3629 356 3693 Caesaris
380 3629 519 3691 tribunat
540 3628 658 3712 dejicit,
678 3627 735 3690 scd
753 3633 786 3689 et
801 3625 903 3690 Paulo
925 3625 978 3689 hic
993 3625 1149 3708 Apostolo
1171 3624 1207 3687 in

102 3732 216 3796 faciem
245 3733 364 3795 resistit
394 3732 581 3808 Cardinalis,
610 3739 648 3793 ut
677 3731 779 3792 Paulo
809 3728 959 3809 Pontifici
996 3728 1204 3810 gratificetur.

102 3836 242 3918 Alioqui,
257 3856 392 3918 usquam
405 3835 458 3898 hic
472 3835 558 3917 leget
572 3832 609 3897 τὸ
624 3830 694 3898 δέον
709 3834 878 3915 lepitimum
893 3832 988 3895 esse?
1011 3826 1081 3895 δέον
1095 3838 1204 3893 autem

102 3939 208 4018 fuisse,
223 3939 315 4001 illum
330 3939 375 4001 od
391 3938 523 4002 cesares
541 3938 692 4000 llibunat
707 3937 853 4018 judicari
862 3963 872 4009 ;
896 3935 937 3997 ad
951 3933 1045 4017 quod,
1062 3934 1088 3996 si
1103 3935 1202 4016 tepiti-

101 4065 183 4106 mam
194 4064 260 4107 non
271 4043 343 4121 fuit,
351 4042 553 4125 illegitimam
564 4041 807 4124 appellationem
818 4037 1007 4121 interposuit
1016 4036 1205 4119 Apostolus:
1258 4031 1324 4095 306

1273 2170 1367 2284 gidus]

197 4255 208 4278 ¹
237 4249 293 4295 Act.
306 4245 532 4309 Apost.]xxli.22.
768 4237 874 4369 b{Ibid.
897 4238 991 4289 nat.

199 4320 210 4351 5
240 4310 302 4359 lbid.
325 4311 399 4360 xxiii.
410 4313 432 4360 6.
770 4312 779 4335 ⁶
809 4303 874 4354 Ibid.
898 4304 982 4353 vcr.8.

198 4384 208 4406 ²
237 4375 300 4424 Ibid.
325 4376 430 4424 niet.
769 4368 972 4418 ‘'Actualt.

199 4443 210 4465 ⁸
237 4439 301 4488 Ibid.
326 4454 376 4489 rer.
389 4443 410 4488 9.
