2910 4926
433 302 614 350 reomensi
637 301 817 349 ursrousro.
1114 281 1174 343 261

76 456 161 540 apud
184 457 369 535 Eusebium,
393 457 567 547 verbalilla
593 456 755 535 evincunt,
776 451 967 540 ἅποβρέξαι,
990 449 1177 530 ἐπιστάξαι,

75 556 242 645 tegetem,
282 559 457 641 madefecit,
488 560 615 642 omitit,
645 561 821 637 trutinavit,
853 577 923 640 quae
959 556 1022 619 nisi
1053 554 1177 616 taireido

76 662 196 744 peragi,
214 683 284 744 quae
306 663 346 729 de
368 665 433 726 soto
451 685 537 744 poce
554 663 691 745 intelligi
710 684 776 726 uon
791 666 934 745 possunt.
979 658 1076 721 Panis
1091 655 1176 720 euim

76 763 164 827 solus
178 764 229 826 vix
245 764 363 828 dicitur
377 766 537 842 instillari,
554 765 602 827 vel
617 762 753 845 infundi,
769 771 865 837 certe,
878 762 947 825 sine
962 759 1096 823 humido
1110 779 1177 820 nou

75 865 251 930 madefieri.
297 869 359 930 Vel
383 890 459 951 ergo
481 869 640 932 comecietc
664 867 719 945 ibi,
740 867 790 930 vel
816 867 952 929 resoluta
972 863 1008 926 iu
1028 863 1178 944 liquidum

77 969 288 1033 Eucharistia.
335 972 385 1034 De
408 971 501 1055 panis
527 971 657 1054 quidem
678 968 858 1034 substantia
878 969 954 1043 sola,
971 966 1055 1050 apud
1075 967 1177 1030 Euse-

76 1071 168 1134 bium
182 1094 248 1136 non
264 1073 376 1155 liquet.

112 1248 141 1268 =
159 1222 199 1271 lix
210 1223 263 1273 vita
280 1223 304 1273 S.
317 1224 446 1274 Ambrosii
457 1240 472 1274 s
484 1225 590 1275 Paulino
600 1223 829 1290 scriptas-[eeu.
841 1223 916 1287 Apol.
928 1236 974 1288 pro
986 1219 1072 1287 Resp]
1084 1235 1108 1283 p.
1122 1221 1176 1269 105.

142 1303 209 1368 [Op,
221 1309 283 1354 tom.
293 1305 337 1354 vii.
349 1306 396 1355 col.
408 1308 463 1356 763.
476 1305 515 1370 0.]

122 1402 167 1465 At
182 1403 458 1486 Ambrosius,'qui
478 1405 512 1467 iu
533 1405 637 1482 Clero,
661 1413 694 1467 et
714 1405 900 1487 Episcopus,
923 1408 1055 1484 utreque
1077 1402 1178 1483 specie
1191 1413 1229 1478 [Si
1245 1412 1308 1462 sorte

78 1506 365 1569 communicandus
384 1515 461 1584 erat,
478 1508 549 1589 (nee
564 1528 619 1571 vos
635 1508 784 1590 uegetis)
803 1507 875 1584 uisi,
891 1513 1020 1588 sumpto
1035 1525 1175 1586 corpore,
1190 1477 1299 1601 {2¹3ssssss

79 1629 152 1670 mox
169 1608 316 1690 spiritum
333 1610 497 1672 emisisset.
543 1610 616 1673 Nec
630 1611 691 1673 hoc
707 1631 782 1692 ergo
798 1609 838 1672 ad
854 1630 932 1672 rem.
979 1609 1077 1685 Nam,
1094 1607 1175 1690 siqui
1190 1607 1300 1720 {20011013
1313 1609 1339 1655 ἰη

78 1711 113 1773 in
138 1712 290 1774 extremis
315 1713 468 1776 viaticum
494 1720 616 1796 petant,
642 1713 681 1776 ab
706 1713 766 1775 hac
790 1720 897 1775 autem
921 1711 970 1774 vel
993 1711 1049 1774 illo
1073 1711 1177 1794 speeie
1192 1686 1331 1800 hegffimri

79 1813 291 1891 obhorreaut3
316 1815 414 1897 quaeri
429 1823 536 1898 potest
551 1837 655 1899 porro,
672 1837 713 1878 eu
728 1837 765 1878 eo
785 1836 860 1878 casu
874 1814 1052 1897 dispensari
1067 1813 1175 1896 possit,

80 1924 119 1979 ut
144 1916 244 1979 altero
272 1922 400 1980 tantum
425 1918 528 2002 speeie
555 1918 812 1982 communicent:
848 1924 880 1980 et
907 1939 948 1979 au
975 1916 1176 1998 (necessitate

78 2019 112 2082 id
137 2021 283 2103 urgente)
309 2021 475 2085 immutari
498 2023 598 2105 possit
623 2022 699 2104 quid
725 2022 760 2084 in
786 2019 997 2098 Eucharistia,
1028 2020 1076 2102 (ut
1100 2019 1175 2082 olim

79 2124 114 2186 in
138 2125 305 2206 Baptismo
326 2125 534 2207 Clinicoruur)
553 2126 656 2209 gratia
678 2125 784 2188 divina
809 2125 989 2188 humanum
1016 2122 1176 2186 deiectum

80 2226 257 2309 supplente,
285 2249 359 2290 eum
384 2229 620 2291 Sacra-mentem
643 2235 775 2310 propter
799 2229 949 2290 hominem
966 2224 1089 2309 fuctum
1113 2227 1155 2289 sit
1167 2254 1176 2296 ,-

80 2350 141 2391 nou
155 2330 243 2392 homo
252 2337 384 2411 propter
397 2333 659 2395 Sacramentum⁴
697 2332 831 2409 Verum,
848 2352 940 2394 casus
954 2331 1009 2393 ille
1023 2330 1057 2392 in
1072 2330 1177 2412 legem

78 2432 255 2495 trahendus
271 2455 336 2496 nou
351 2442 445 2512 esset,
467 2436 514 2516 (ut
526 2437 604 2517 jain,
618 2434 703 2517 apud
717 2455 784 2513 vos,
798 2434 851 2500 lex
865 2435 943 2514 oste
962 2433 1016 2496 sed
1032 2440 1176 2496 cessante

77 2534 182 2597 ferree
210 2536 411 2613 necessitate,
438 2537 479 2600 dc
509 2538 632 2620 reliquo
662 2537 863 2601 redeundum
891 2558 964 2600 mox
989 2536 1029 2599 ad
1057 2534 1177 2600 Christi

79 2637 274 2701 institutum.
324 2639 498 2702 Decumbit
529 2640 658 2723 quidem
688 2641 750 2704 hoc
780 2647 1016 2723 argumentum,
1042 2646 1076 2701 ct
1105 2660 1177 2701 vere

78 2741 231 2803 clinicum
246 2750 305 2804 cst.
353 2743 511 2826 Denique,
528 2752 564 2806 ut
582 2744 666 2825 (cum
683 2745 776 2827 plura
791 2744 970 2808 nonhabet
985 2743 1175 2823 Cardiualis)

79 2842 172 2925 plura
195 2865 260 2906 non
284 2845 407 2923 offeret,
435 2846 551 2909 Patres
573 2847 626 2910 hie
647 2846 727 2910 nulli
751 2852 935 2929 comparent
959 2868 1099 2930 prorsus,
1125 2846 1177 2928 qui

79 2946 128 3008 vel
153 2946 286 3009 laudent
311 2947 381 3026 hoe,
398 2948 447 3010 vel
473 2949 638 3027 suadeant,
655 2949 776 3013 nedum
797 2949 850 3032 qui
875 2955 1029 3027 statuant,
1047 2950 1178 3029 speciem

77 3069 171 3110 unum
186 3049 225 3111 ab
241 3051 342 3112 altera
358 3052 576 3132 separandum.

112 3200 213 3250 Nomen
224 3201 511 3254 'lmusnbst-autiationis
527 3205 657 3254 invenitur
669 3205 696 3252 ln
709 3202 823 3254 Concilio
835 3202 1016 3253 misenensis
1033 3239 1038 3252 .
1056 3241 1066 3271 ὃ
1082 3241 1087 3252 .
1106 3202 1178 3262 Quod

143 3288 228 3332 antem
246 3289 304 3334 aute
320 3300 400 3335 annos
415 3287 515 3337 circiter
526 3285 722 3348 quadringentos
734 3287 761 3335 iu
772 3301 818 3334 usu
830 3285 887 3343 fuit,
899 3285 984 3335 videat
994 3285 1056 3345 Rex,
1068 3300 1102 3335 on
1114 3291 1180 3334 reete
1223 3295 1224 3300 ’

143 3365 276 3425 novitium,
293 3371 320 3416 et
335 3381 459 3430 nuperum
479 3366 737 3431 appelletur.-[Bell.
750 3366 825 3429 Apol.
837 3380 882 3428 pro
894 3364 979 3429 Resp]
994 3381 1018 3429 p.
1031 3369 1086 3416 105.
1110 3365 1180 3428 [Op.,

145 3449 205 3493 tom.
218 3446 260 3494 vil.
278 3447 324 3495 eol.
337 3448 392 3498 763.
405 3448 446 3511 Q]

125 3543 430 3609 transubstantiatio
461 3569 557 3629 quam
586 3547 669 3609 nihil
705 3546 800 3630 plane
829 3545 957 3609 intersit
988 3544 1180 3609 christiane
1194 3552 1326 3629 [umnam-

77 3645 129 3709 vel
149 3647 206 3724 rei,
222 3649 272 3710 vel
293 3648 378 3727 fidei,
399 3651 467 3733 jam
489 3659 584 3714 antea
605 3650 685 3713 mihi
706 3649 839 3726 dietum,
854 3649 947 3716 initio
970 3648 1079 3712 statim
1099 3649 1179 3732 ipse.
1193 3621 1324 3746 ffissffi'

82 3749 147 3812 Sed
179 3750 298 3814 iterum
337 3752 390 3816 hie
427 3761 537 3816 tamen
575 3760 680 3817 actum
720 3773 864 3835 agamus,
895 3773 969 3815 eurn
1000 3751 1180 3848 Cprdinale.
1194 3746 1304 3811 dogma]

79 3854 112 3912 Α
141 3853 349 3917 Lateraoenai
381 3856 517 3918 Concilio
547 3878 656 3919 nomen
685 3863 741 3934 est,
772 3862 844 3938 post
872 3876 951 3934 rem,
982 3863 1055 3939 post
1084 3856 1180 3918 fidem

80 3954 307 4035 Christianam,
330 3959 424 4021 aunis
448 3960 520 4043 plus
546 3960 633 4024 mille
660 3959 814 4022 ducentis
864 3959 954 4030 Quod
975 3965 1087 4036 uatem,
1106 3966 1181 4040 post

79 4077 178 4121 annos
193 4065 241 4121 ter
255 4062 498 4143 quadringentos
512 4063 645 4140 emersit,
661 4063 765 4125 videet
778 4061 966 4140 Cardiunlis,
983 4083 1085 4125 aunon
1098 4069 1182 4125 reete

114 4252 125 4274 ¹·
144 4244 228 4307 [⁴‘Qui
238 4246 393 4307 (Honoratus
403 4251 446 4313 se)
457 4249 616 4301 descendens,
651 4250 716 4299 bros
730 4249 892 4312 0p.,tom.ii.
907 4251 947 4314 hp
980 4249 1181 4312 nd.col.xii.l'.l

80 4309 175 4359 obtulit
202 4313 282 4360 saucti
303 4312 407 4362 Domini
435 4330 530 4376 eorpus,
559 4330 607 4376 que
684 4314 760 4379 ⁰[Cf.
774 4314 851 4363 llere.
864 4315 890 4363 ii.
903 4316 942 4366 27.

80 4380 182 4437 accepto
200 4375 242 4424 ubi
259 4376 371 4438 glutivit,
383 4380 469 4427 emisit
480 4380 606 4441 spiritum,
683 4388 694 4417 ¹¹
711 4379 796 4443 [Cone.
811 4379 865 4428 liat.
874 4381 906 4429 iv.
918 4381 979 4429 Gen.
988 4379 1179 4444 cuph—(lonc.

80 4439 175 4487 bonum
198 4441 318 4490 viaticum
340 4457 425 4492 secum
447 4443 606 4493 serenet-S.
652 4446 712 4492 tom.
725 4444 759 4492 xi.
776 4445 822 4493 eol.
836 4445 891 4496 143.
906 4445 933 4494 B.
952 4444 1020 4495 Vide
1031 4458 1113 4509 supra,
1125 4447 1180 4508 pt.

80 4503 168 4552 Ambr.
182 4505 234 4555 vita
245 4521 260 4556 a
271 4506 383 4568 Paulino,
395 4515 453 4558 sect.
463 4510 501 4560 47.
514 4508 538 4559 S.
548 4509 607 4558 Aur-
651 4514 703 4557 not.
716 4508 749 4569 ⁰.]
