2910 4926
266 270 310 333 80
579 283 622 330 no
644 281 835 330 oenomaus
857 282 1054 330 smnmun'r

265 462 361 523 quam
378 439 532 503 donatum
551 438 615 502 illis
630 460 783 521 unquam,
799 442 928 502 tantum
947 438 1034 521 quod
1055 438 1184 501 illorum
1202 440 1270 522 jam
1291 447 1366 502 aute

264 543 379 621 fuerat,
389 543 422 607 id
435 542 518 625 quod
533 542 581 605 ita
591 542 689 606 fuerit
703 541 800 605 modo
811 541 1025 606 declaratum:
1043 542 1124 607 Quae
1135 543 1208 627 jure
1223 542 1365 604 humano

264 646 395 725 babent,
412 667 545 728 qnaeque
559 645 622 708 nisi
637 645 779 708 humano
791 646 864 729 jure
874 644 986 708 haberi
1001 666 1068 709 uon
1083 652 1239 728 possuut;
1255 653 1366 708 tamen

264 751 422 812 aCoesare
435 749 500 827 illa,
516 748 775 830 Principibusquc
799 769 866 811 non
881 747 1010 812 habere.
1057 748 1170 815 Quid?
1215 749 1270 811 An
1295 748 1365 811 haec

264 852 362 914 etiam
380 853 531 915 Caesarem
545 852 738 933 reliquosque
748 851 849 934 Repes
863 851 947 914 nihil
961 851 1127 915 attinent?

308 956 358 1018 De
385 956 547 1019 Censnris.
594 954 639 1032 Si,
667 953 775 1018 debito
800 955 883 1034 aens,
907 957 982 1038 (quo
1003 955 1074 1037 quis
1089 955 1365 1018 excommunicato

264 1067 394 1122 tenetur
417 1080 457 1122 ex
478 1065 573 1142 pacto
598 1057 669 1138 suo)
697 1059 795 1120 etiam
820 1058 887 1121 lata
912 1058 1074 1121 sententia
1097 1057 1274 1122 debitorem
1298 1079 1364 1121 non

264 1162 343 1224 solvi
358 1167 502 1225 constet:
527 1160 719 1225 obediontiae
733 1168 843 1224 autem
860 1167 893 1224 et
908 1161 983 1225 fidei
1000 1160 1108 1224 debito
1127 1162 1202 1243 (quo
1222 1181 1261 1224 ex
1282 1182 1362 1244 pnn-

264 1272 357 1347 cepto
372 1265 434 1328 Dei
449 1265 601 1346 tenetur‚)
620 1264 699 1328 solvi
715 1263 891 1346 quemlibet
911 1286 1013 1347 posse,
1034 1285 1076 1328 nc
1096 1264 1237 1347 Principi
1253 1271 1362 1327 tenea-

263 1375 335 1431 tur:
359 1368 385 1430 si
412 1368 572 1431 Censuras
594 1369 678 1451 ipsas
704 1368 744 1430 ad
768 1369 891 1451 peccati
921 1367 1123 1445 medicinam,
1155 1375 1187 1429 et
1225 1367 1361 1429 salutem

263 1471 378 1533 animm
403 1493 421 1534 a
445 1471 576 1535 Christo
595 1470 771 1548 institutas,
792 1470 837 1534 ibi
852 1471 903 1534 vel
924 1471 1063 1533 maxime
1081 1471 1130 1533 vel
1154 1470 1257 1533 solum
1272 1469 1362 1532 adhi-

264 1574 349 1652 bere,
370 1595 440 1637 mos
462 1575 531 1657 jam
554 1574 610 1636 diu
623 1573 696 1652 fuit,
711 1573 769 1637 ubi
794 1573 833 1637 de
856 1573 974 1636 finibus
996 1572 1156 1656 regrmdis,
1173 1573 1223 1636 vel
1237 1572 1361 1656 dejure

264 1677 370 1760 aliquo
393 1677 562 1761 temporali
588 1678 695 1760 agitur
706 1704 715 1755 3
739 1677 897 1759 Denique,
923 1677 950 1740 si
976 1677 1132 1758 Martyrii
1147 1697 1265 1739 nomeu
1288 1698 1361 1759 pro-

262 1780 372 1844 fanare
393 1781 452 1859 fas,
469 1781 572 1863 etqui
594 1781 784 1864 proditionis
806 1779 936 1844 nomine
960 1780 1104 1857 infames,
1137 1779 1253 1862 quique
1280 1781 1361 1863 juri·

263 1883 333 1947 dice
348 1883 492 1947 damnati
513 1891 600 1961 sunt,
616 1904 810 1961 consecrare,
826 1891 923 1965 atque
942 1883 999 1961 ita,
1023 1883 1144 1946 scelera
1156 1883 1192 1945 in
1207 1884 1362 1946 sacrificia

262 1986 572 2050 transubstantiare:
596 1985 767 2069 Numquid
791 1985 853 2048 hoo
874 1986 957 2068 Regi
978 1992 1090 2049 nostro
1106 1987 1277 2067 peculiare,
1293 2008 1359 2049 non

262 2110 337 2152 eum
351 2091 481 2171 reiquis
494 2089 631 2171 Repibus
645 2109 801 2153 commune
815 2095 864 2151 est
877 2088 891 2152 i

151 2198 193 2260 62
305 2192 394 2259 Quid
417 2212 488 2274 quae
510 2191 694 2274 nuperrime
709 2192 779 2274 jam
794 2189 959 2269 habemus,
980 2211 1114 2274 quaeque
1134 2191 1239 2254 adhuc
1254 2191 1360 2254 calent

95 2294 211 2360 [Nupera
261 2315 281 2357 a
303 2294 482 2372 Cardinale,
498 2316 542 2357 an
561 2314 620 2357 nec
640 2294 696 2357 illa
717 2294 752 2356 in
776 2313 931 2356 commune
945 2301 1091 2377 spectant
1106 2293 1148 2356 ad
1162 2295 1312 2357 Ccsarcm
1327 2301 1361 2357 et

96 2360 225 2476 iiim
260 2397 361 2480 Repes
375 2399 507 2460 omnes?

96 2489 247 2603 {tollamini
304 2503 334 2564 1.
361 2502 517 2564 Christum
540 2501 701 2577 hominem,
727 2501 761 2562 in
787 2502 891 2579 terris,
907 2506 1042 2581 tempore
1062 2499 1265 2563 mortalitatis
1286 2519 1358 2576 sua,

115 2556 236 2620 offlam]
259 2604 403 2667 habuisse
419 2609 607 2685 potestatem
629 2604 663 2664 in
683 2604 891 2684 Imperatores
909 2605 1116 2684 temporalem,
1141 2601 1231 2665 etde
1255 2622 1359 2664 eorum

260 2708 377 2788 Repreis
415 2707 576 2788 disponere
613 2707 762 2786 potuisse.
815 2706 924 2788 (Quod
955 2706 1119 2789 probatur,
1146 2727 1207 2786 per
1229 2705 1355 2786 porcos)

260 2810 402 2892 Eamque
411 2815 599 2891 potestatem
613 2811 680 2872 sinc
695 2809 786 2872 dubio
802 2810 950 2891 Pontifici
966 2811 1149 2872 concessisse
1159 2810 1177 2871 l.
1212 2855 1218 2866 .

303 2912 334 2976 2.
357 2913 523 2975 Liberasse
546 2913 713 2993 Apostolos
734 2932 806 2975 suos
825 2913 984 2975 Christum
1008 2912 1048 2974 ab
1072 2915 1153 2974 omni
1173 2912 1359 2993 subjectione

261 3017 444 3097 Principum
459 3022 659 3093 terrenorum,
676 3036 784 3097 eosque
792 3016 937 3097 proinde,
948 3015 1042 3097 sacto
1058 3022 1187 3093 tantum,
1211 3037 1272 3078 non
1282 3016 1358 3096 jure

261 3118 462 3199 Principibus
475 3118 627 3199 subjectos
634 3117 738 3198 scrisse
748 3127 774 3181 ¹¹.

303 3223 335 3284 3.
359 3221 504 3300 Desuisse
529 3222 689 3302 Apostolis
714 3222 823 3304 ches,
849 3241 925 3303 quos
954 3222 1229 3302 deponentem
1256 3228 1357 3283 aretem

261 3325 431 3405 deponendi
440 3330 628 3405 potestatem
636 3334 659 3386 ¹.

304 3431 335 3490 4.
360 3428 503 3491 Potuisse
529 3427 695 3508 Apostolos
724 3447 745 3488 a
774 3427 960 3508 subjectione
985 3428 1168 3508 Principum
1191 3424 1361 3506 infidelium

254 3532 403 3611 popmlum
418 3531 629 3593 Christianum
643 3531 786 3608 crimem,
799 3532 827 3592 si
842 3531 879 3591 iel
891 3532 968 3594 utile
979 3532 1177 3608 ccrrsmsscnt,
1188 3531 1268 3592 cisne
1279 3530 1362 3592 vires

260 3655 321 3698 non
336 3632 502 3714 definissent
513 3645 536 3697 ἵ.

304 3740 334 3800 5.
359 3737 511 3818 Populum
529 3738 750 3813 Christianum,
766 3737 800 3798 in
818 3737 956 3817 periculo
972 3737 1149 3800 amittendoe
1162 3735 1251 3816 fidei,
1268 3756 1361 3798 encu-

260 3846 325 3902 terc
334 3842 474 3920 potu-isse
480 3841 594 3921 jupam
609 3840 792 3920 Principum
808 3839 977 3920 infidelium
989 3853 1010 3902 ¹.

303 3946 333 4005 6.
360 3944 520 4006 Tolerassc
543 3949 608 4006 tum
629 3944 848 4006 Persecutores
870 3964 952 4022 suos,
975 3964 1036 4006 non
1049 3950 1182 4025 propter
1204 3944 1359 4006 corncicn-

259 4047 346 4123 tiam,
362 4046 419 4108 scd
425 4053 558 4128 propter
580 4046 730 4128 desectum
744 4047 868 4124 virium,
885 4048 969 4128 quod
984 4069 1045 4110 non
1060 4047 1216 4125 lrabcrent,
1240 4048 1292 4128 qni
1308 4068 1359 4108 eos

259 4170 383 4212 nrneare
392 4156 509 4230 posset,
524 4152 574 4212 uel
587 4156 725 4212 arcuatos
739 4149 868 4213 educere
879 4160 901 4213 ³.

291 4276 521 4342 ¹[Bell.delixcus.
530 4276 647 4334 Barduli,
655 4277 783 4340 eapxxir.
860 4285 872 4308 ²
891 4277 970 4341 [ibid.
992 4279 1039 4328 col.
1056 4281 1111 4329 859.
1124 4278 1159 4340 O,
1177 4282 1204 4328 et
1224 4294 1277 4343 cap.
1298 4294 1357 4326 xxv.

257 4341 313 4405 Op,
326 4346 386 4391 tom.
398 4343 442 4390 vii.
454 4342 500 4391 eol.
513 4343 568 4391 944.
582 4341 610 4391 B.
622 4356 681 4404 seq,
693 4346 719 4390 et
730 4356 784 4404 cup.
828 4341 873 4392 col.
887 4344 941 4391 949.
955 4341 994 4405 B.]

256 4407 337 4455 xxvii.
348 4406 394 4455 col.
406 4409 461 4456 955.
471 4406 517 4470 5.]
861 4415 872 4446 t
888 4406 966 4470 [lbid.
978 4423 1031 4470 cap.
1043 4409 1096 4456 xxi.
1108 4408 1154 4457 eol.
1168 4411 1221 4457 933.
1235 4410 1265 4455 Α.

289 4478 301 4501 “
318 4470 395 4534 [ibid.
408 4471 505 4533 sopiit.
518 4471 565 4521 col.
578 4473 633 4522 854.
646 4470 682 4532 C,
694 4476 718 4520 et
731 4485 783 4534 cap.
862 4478 873 4502 ⁸
890 4471 970 4534 [lbid.
982 4487 1034 4535 esp.
1047 4473 1099 4520 xxi.
1111 4473 1156 4522 col.
1167 4476 1221 4523 937.
1235 4472 1264 4520 Ι).

247 4548 329 4585 mi:
343 4535 390 4585 col.
400 4536 456 4588 ort.
470 4535 512 4600 0.]
861 4544 872 4566 ·
890 4536 966 4601 [ibid.
975 4552 1027 4602 cap.
1040 4538 1082 4588 rii.
1095 4538 1140 4589 col.
1152 4540 1207 4589 875.
1220 4536 1265 4599 1).]
