2910 4926
435 279 617 328 rrornurau
639 279 819 328 nneeouam.
1113 265 1178 324 449

122 429 275 494 Putidum
298 431 385 495 enim
400 432 480 496 illud
500 433 539 497 de
555 435 719 496 Pmilanie
734 433 923 511 convicium,
940 433 994 516 qui
1008 453 1069 495 nee
1084 433 1285 513 multiplum

80 541 164 611 eunt,
181 544 214 597 et
234 534 273 597 de
293 535 348 612 eie,
364 537 419 619 qui
441 536 482 599 ad
502 537 705 600 sobrietatem
728 537 781 600 hic
802 537 888 600 inter
909 557 968 599 noe
990 536 1127 620 sapiunt,
1144 537 1178 599 in
1191 514 1324 630 ffless

78 636 213 700 eundem
230 638 406 720 Religionis
421 639 669 719 confessionem,
685 639 797 704 eadem
808 639 931 723 Capita,
944 639 1030 703 dicto
1045 639 1177 722 scripto·
1234 648 1298 709 325

79 761 140 822 que
161 761 273 805 omnes
297 741 515 806 consentiunt.
560 744 647 807 Nam
670 743 710 806 de
732 743 886 805 anomalia
907 742 993 807 iuter
1007 763 1070 820 eos,
1086 741 1178 826 (eunt
1191 728 1315 793 dissidia]

78 843 165 905 enim
180 853 213 907 et
228 845 379 929 anomali)
393 867 459 910 non
474 855 523 910 eut
538 847 664 910 animus
678 848 844 910 affirmare.
882 846 926 909 Et
940 846 1111 926 equivocus
1125 845 1178 908 hie

79 946 269 1025 Cardinalie,
280 949 345 1030 qui,
357 948 457 1031 siquis
472 951 714 1013 emenoniolam
728 970 795 1013 non
808 948 932 1032 probet,
946 947 973 1010 ei
988 946 1129 1011 abundet
1144 948 1179 1011 in

79 1068 174 1113 sensu
193 1050 275 1129 eu0‚⁰
298 1050 369 1135 (ubi
384 1052 473 1115 nesae
491 1052 623 1115 'nullum
645 1051 834 1135 abundare,)
855 1051 965 1114 statim
988 1051 1180 1133 Relipieuem

79 1155 175 1216 alium
190 1156 351 1221 clamitat:
374 1156 473 1240 quasi,
484 1156 583 1240 niquis
593 1156 650 1239 qui
660 1157 846 1219 indirectam
860 1177 933 1220 cum
948 1155 1004 1219 illo
1015 1155 1180 1236 Peulifieie

75 1264 258 1338 potestatem
268 1273 293 1331 P,-
317 1261 410 1343 quive
428 1261 598 1323 Concilium
619 1280 715 1340 eupra
738 1261 1033 1341 Populianam,
1050 1260 1180 1321 alteriue

78 1363 238 1444 redipioaia
259 1364 364 1442 faeiat,
388 1365 428 1427 ab
449 1363 499 1442 iia,
522 1364 577 1447 qui
599 1365 723 1445 Papam
745 1384 840 1444 eupra
859 1364 1058 1440 Concilium,
1075 1362 1114 1425 ab
1129 1363 1179 1439 iia,

79 1464 135 1545 qui
146 1465 297 1528 directum
312 1466 480 1528 dominium
495 1466 616 1543 labere,
630 1486 704 1529 cum
719 1466 860 1528 Beronio
869 1474 889 1541 ⁸,
906 1464 1003 1528 Boeio
1013 1459 1031 1541 ²,
1049 1465 1181 1527 Martau

78 1565 239 1630 mordicus
261 1573 405 1631 tuentur.
451 1567 554 1630 Valde
581 1574 690 1630 autem
713 1565 774 1630 eibi
797 1566 902 1649 placet
927 1565 962 1628 in
987 1566 1181 1628 Calviniania

78 1668 189 1745 miella,
205 1676 238 1732 et
250 1671 424 1732 Puritania.
458 1671 511 1734 Ne
526 1677 636 1734 tamen
650 1669 819 1733 insolescat
833 1667 887 1732 hie
901 1668 1016 1731 nimie:
1039 1674 1073 1732 et
1087 1668 1180 1732 nobie

78 1770 210 1854 perinde
232 1773 343 1836 facetis
365 1795 432 1837 esee
455 1774 576 1852 liceret,
592 1773 620 1837 ei
637 1773 752 1837 liberet
770 1773 874 1836 dicere
890 1773 1039 1854 Papietaa
1060 1772 1179 1855 pleros·

79 1896 141 1957 que
169 1877 286 1954 mialoa,
317 1878 451 1940 eoeelueie
480 1878 623 1940 Jeeuilie.
672 1878 743 1940 Nec
780 1876 867 1940 enim
903 1877 988 1939 inter
1018 1876 1179 1957 Puplitus,

78 1998 189 2040 omnes
198 1980 348 2042 Puritani
363 1988 449 2058 eunt,
465 1980 575 2063 qunlee
590 1981 738 2043 lenuitae:
773 1982 857 2043 Sunt
872 1986 905 2042 et
920 1979 1060 2060 Pupiatae
1073 1980 1179 2041 muti.-

77 2102 139 2145 nec
161 2082 248 2144 aliud
269 2083 511 2146 hiePuritanoa
531 2105 720 2167 essequam
743 2082 789 2146 ibi
804 2083 964 2145 Jeeaitae:
989 2082 1043 2165 qui
1065 2088 1098 2145 et
1120 2082 1181 2165 ipsi

76 2183 168 2247 valde
182 2184 310 2261 vellent,
327 2185 419 2248 aliter
439 2197 535 2269 etque
557 2188 625 2271 jam
648 2186 781 2268 regitur,
805 2185 873 2267 regi
896 2206 965 2248 rem
986 2185 1176 2262 Romanam,

79 2294 174 2370 atque
189 2287 415 2352 administrari.
439 2290 570 2373 Integre
583 2311 658 2354 vero
672 2290 799 2372 integra
812 2296 861 2352 eet
876 2287 1046 2352 Britannia
1060 2295 1178 2365 nostra,

80 2388 198 2473 absque
218 2390 347 2454 zizaniis
370 2391 484 2455 vestris
504 2393 595 2456 soret.
645 2391 709 2455 Sed
728 2412 832 2474 neque
855 2389 958 2476 (quod
981 2390 1077 2453 modo
1099 2389 1180 2472 dixi)

78 2494 218 2556 multum
233 2494 358 2558 aberret
373 2496 454 2578 quie,
467 2495 611 2578 (quando
625 2516 663 2559 ea
677 2515 752 2558 voce
767 2493 918 2557 delectari
930 2493 1058 2557 videtur
1069 2493 1181 2557 Cardi-

78 2593 176 2679 nalis)
191 2596 217 2657 si
239 2602 272 2660 et
294 2599 444 2678 Puplitus
467 2600 575 2661 mutos
594 2597 629 2660 in
643 2596 733 2661 vobis
756 2595 850 2659 dieat
896 2595 976 2659 Fere
991 2596 1078 2658 enim
1094 2595 1181 2659 Galli

78 2718 189 2760 omnes
197 2722 207 2774 3
230 2698 322 2775 addo,
339 2708 371 2763 et
385 2700 522 2776 Veneti;
545 2701 643 2764 etiem
663 2706 697 2763 et
712 2699 747 2762 in
761 2698 868 2762 media
881 2699 965 2762 forte
981 2699 1085 2762 Rama
1099 2719 1181 2761 non-

78 2800 161 2863 nulli
182 2802 267 2864 miali
289 2802 385 2866 modo
400 2804 541 2886 Papietae
562 2813 648 2881 eunt,
667 2805 744 2866 meri
766 2824 833 2866 non
853 2810 948 2866 eunt:
972 2810 1005 2865 et
1027 2803 1180 2867 Catholiei

79 2909 169 2966 extra
198 2904 329 2966 Romam
359 2906 464 2985 multi,
496 2907 551 2989 qui
580 2928 646 2970 non
672 2907 818 2969 Romani.
863 2905 1068 2969 Pontifieiam
1092 2904 1180 2968 enim

79 3005 302 3070 auctoritatem
326 3007 446 3071 suffusa
466 3008 584 3090 frigida
602 3008 710 3071 Galli'
731 3010 801 3091 jam
827 3007 895 3085 diu,
917 3007 1037 3070 Veneti
1054 3018 1179 3090 nuper'

79 3108 212 3171 mirifice
236 3109 409 3188 diluerunt,
433 3117 471 3173 ut
493 3111 585 3173 tenui
608 3110 653 3173 ibi
679 3111 736 3173 filo
756 3109 895 3193 pendeat
919 3116 1060 3193 potestas
1085 3111 1180 3194 Papae

79 3212 190 3295 (quem
213 3213 313 3293 Caput
335 3211 416 3292 fidei
439 3212 539 3275 credit
563 3213 791 3275 eteonfitetur
814 3211 1034 3293 Cardinaliffl.)
1084 3214 1179 3277 Certe

79 3313 259 3378 Cardinalie
276 3315 485 3377 Avunculusy
500 3316 611 3378 mutua
633 3322 760 3378 tentum
781 3315 916 3396 Papiam
934 3313 1051 3377 dieitur
1072 3315 1179 3394 fuisse,

112 3517 123 3541 ⁰
151 3507 422 3573 Rem.xiv.6.Vulg.]
682 3519 692 3539 '
709 3510 788 3586 [Vide
808 3509 904 3559 'l'huan
928 3509 997 3559 Hiet.
1020 3509 1064 3558 lib.
1087 3512 1179 3558 xxviii.

112 3581 123 3611 Ρ
151 3572 605 3649 Bell.deRem.Pent.lib.v.capt.
650 3590 703 3652 epp.
717 3577 754 3653 ¹⁸:
775 3574 858 3624 eden.
872 3576 942 3625 1561.
959 3579 1019 3623 tom.
1033 3576 1059 3622 ii.
1078 3577 1179 3638 p.129;

81 3636 457 3765 ⁰¹³·[tttttllttttl
475 3704 519 3766 qa
542 3703 606 3755 ana
650 3640 843 3767 lllll'll·
856 3637 927 3752 td
943 3641 1068 3751 ‘ridell‘
1082 3646 1180 3753 tut:

80 3769 231 3816 sententiam
254 3771 363 3825 tuentur,
393 3767 460 3830 apud
491 3768 552 3817 Bell.
576 3768 607 3819 de
701 3769 716 3817 l.
730 3768 793 3817 Gall.
808 3769 852 3816 lib.
866 3783 887 3814 v.
906 3769 945 3815 tit
956 3783 979 3816 v.
990 3783 1042 3830 cup.
1056 3770 1079 3817 6.
1090 3783 1114 3832 p.
1124 3769 1179 3820 729.

80 3831 154 3880 Cone.
178 3830 222 3878 lib.
234 3830 262 3878 ii.
289 3845 343 3894 cap.
361 3835 398 3880 14.
428 3832 483 3894 Op,
507 3837 568 3882 tem.
579 3835 607 3883 ii.
651 3837 677 3883 et
699 3848 752 3896 cap.
772 3836 794 3882 6.
817 3848 841 3895 p.
863 3833 924 3890 734;
949 3837 975 3880 et
994 3831 1179 3882 Ranronetrnnt.

80 3911 104 3958 p.
117 3894 183 3970 266]
652 3896 758 3947 Hibern.
781 3903 868 3946 eontra
885 3895 1075 3955 Louvanieneee,
1093 3911 1144 3960 par.
1163 3899 1179 3946 i.

112 3968 122 3992 ¹
138 3958 217 4023 [Vide
235 3958 297 4008 Bell.
312 3958 343 4007 de
356 3958 430 4008 Cone.
449 3960 493 4008 lib.
506 3961 532 4009 ii.
553 3977 606 4026 cap.
652 3976 704 4024 eap.
718 3963 750 4009 vi.
768 3965 795 4023 §5
810 3964 832 4010 6.
845 3960 880 4023 6.]

83 4022 220 4074 17.-1bid.
232 4038 274 4087 pp.
287 4026 343 4082 266,
356 4023 421 4087 267]
683 4034 700 4056 '
724 4025 789 4075 Vide
799 4039 881 4088 supra,
899 4039 922 4088 p.
935 4027 974 4074 34.
989 4029 1040 4074 not.
1053 4024 1082 4088 '¹.]

112 4097 121 4119 ¹
150 4087 216 4136 Vide
226 4103 308 4150 supra,
325 4102 348 4150 p.
360 4090 396 4136 18.
409 4092 461 4137 not.
470 4088 503 4152 a]
684 4098 696 4121 ¹
728 4089 795 4139 Vide
807 4089 869 4139 Bell.
881 4089 912 4138 de
925 4089 995 4138 Rom.
1009 4090 1081 4138 Pout
1093 4089 1137 4139 lib.
1152 4090 1178 4138 ii.

112 4154 121 4182 ²
149 4151 215 4201 Vide
227 4152 270 4200 lib.
280 4153 320 4200 cui
330 4152 609 4205 tit‘DeRuiniaGen·
652 4169 705 4218 cap.
718 4156 756 4205 31.
770 4157 790 4214 ς.
808 4154 856 4202 ‘lit
875 4154 992 4216 quidem!
1016 4155 1073 4215 Op,
1088 4159 1149 4202 tom.
1163 4155 1179 4203 i.

80 4217 147 4265 tium
166 4220 193 4265 et
209 4215 246 4265 Re
281 4230 352 4266 erum
376 4217 493 4266 adversus
513 4217 609 4282 Impius
652 4219 814 4281 ρ.166.Α.;
839 4223 865 4267 et
885 4218 958 4280 Reep.
982 4217 1061 4277 Tetti,
1084 4233 1125 4281 pp.
1141 4222 1178 4268 65.

81 4279 208 4338 Politieoe,
230 4280 249 4329 li
268 4281 290 4329 ri
309 4281 363 4329 viii.
384 4282 493 4331 Auctore
513 4283 609 4334 'Pharna
652 4286 707 4332 109.
720 4283 788 4332 Edit.
798 4283 880 4340 Pollt..
891 4287 917 4331 et
927 4282 989 4333 Bell.
1003 4281 1057 4346 Op,
1066 4287 1127 4332 tem.
1135 4285 1181 4331 vii.

80 4343 156 4394 Bauio
172 4343 313 4406 Eugubino.
332 4344 525 4409 Romae,1596.]
652 4345 813 4397 60166660.
827 4350 881 4396 669.
895 4345 936 4409 Ι).]

113 4418 125 4438 ¹¹
143 4407 243 4472 [Marta.
258 4409 365 4459 lraetut
378 4409 409 4459 de
419 4409 435 4459 J
438 4410 513 4460 uriad.
526 4413 608 4475 peni
683 4419 694 4449 ¹
712 4411 857 4474 [Mareellue
869 4410 917 4473 11.]

81 4488 151 4535 cur·
166 4475 267 4533 18-25·
281 4488 322 4536 ee·
336 4477 374 4523 8⁶·
386 4475 451 4538 wa]

125 4566 366 4605 inultum-mr.
879 4575 899 4622 G
914 4575 934 4621 G
