2910 4926
449 295 630 346 momenta
652 294 831 345 amoenam.
979 372 982 377 Ι
1128 282 1193 348 387

94 457 206 517 mento
219 453 291 519 toti.
313 452 489 536 Ecquando
503 460 611 517 autem
624 453 819 531 renituntur,
830 451 1028 517 excludunt?
1050 453 1194 537 Ecquem
1206 467 1328 527 seribum,

94 562 209 634 rogant
235 554 285 637 (ut
307 556 481 639 Eulogium
505 556 691 639 Gregorius)
721 555 880 640 deinceps,
898 562 936 620 ut
961 555 1001 619 ab
1024 557 1082 619 boe
1103 557 1194 620 titulo
1207 533 1360 660 &beffia-

94 658 277 723 ubotiaeat?
313 660 391 725 Non
406 679 459 723 ore
473 659 612 742 quidem,
628 659 684 723 sed
698 679 784 738 aare,
799 680 953 744 usurpare
967 667 1088 724 amant.
1126 660 1193 744 Ipsi
1207 664 1234 727 pi
1250 676 1345 740 nuncu-

95 761 225 844 quidem
246 784 280 827 ee
298 765 381 846 atylo
403 764 557 846 Grepoaii,
572 768 606 826 at
626 762 681 827 alii
700 763 786 847 ipsos
806 764 888 845 atylo
907 762 1078 845 Bonifatii.
1122 762 1194 828 Nee
1207 741 1325 856 ffiffiw'

95 864 156 947 ipsi
170 886 203 929 ee
218 866 262 930 nie
276 873 463 948 maoapant,
479 866 534 930 red
543 867 650 930 volant
663 874 774 931 temen
788 866 833 931 aie
851 867 1033 948 mnoapari.
1079 867 1195 931 Souna

95 967 159 1032 diei
181 970 252 1033 vult
275 968 436 1052 Pontifex,
452 971 605 1034 Dominae
623 991 707 1035 erse:
731 970 795 1034 diei
813 991 834 1032 a
856 991 890 1034 ae
909 990 1036 1034 eonas.-
1060 970 1099 1034 ab
1121 972 1195 1035 aliia

96 1070 205 1134 audire
219 1073 381 1138 Dominae.
425 1071 504 1158 Non
527 1074 593 1154 ipae
613 1094 647 1137 ae
668 1074 715 1136 eie
734 1075 916 1148 nominare3
938 1080 976 1137 tu
989 1081 1100 1138 tamen
1121 1095 1195 1138 eave

95 1173 188 1237 illum
203 1175 264 1240 alio
278 1167 419 1260 appelles*
430 1176 569 1240 nomine.
603 1177 751 1239 Delatum
766 1177 881 1261 accipit
895 1176 1029 1261 cupide,
1051 1183 1196 1260 nepetam

95 1278 195 1360 exigit
218 1279 338 1343 aoerbe
384 1278 565 1347 Pessimum
578 1299 654 1355 vero
667 1279 734 1344 fuci
754 1300 856 1362 genus
864 1305 874 1358 ;
898 1300 971 1363 quo,
987 1279 1043 1363 qui
1057 1280 1195 1345 maxime

96 1380 224 1463 superbi
253 1388 340 1460 aunt,
369 1380 404 1444 id
432 1389 534 1465 agimt
562 1389 686 1460 tamen,
716 1389 754 1445 ut
782 1379 868 1463 iufra
894 1382 1060 1445 Servorum
1091 1403 1198 1447 nervon

101 1483 243 1567 (scilieet)
269 1484 407 1548 humiles
433 1504 502 1548 ease
528 1483 710 1549 videantur.
754 1484 877 1548 Phoeaa
902 1485 1034 1548 titulum
1053 1485 1196 1565 indulsit,

96 1584 258 1650 indultum
287 1608 308 1649 a
330 1586 438 1651 Phoda
465 1587 578 1651 elenu
606 1586 713 1651 omnin
742 1585 899 1665 observat,
924 1587 994 1651 aine
1019 1608 1057 1653 eo
1080 1588 1198 1654 salutat

96 1709 202 1768 nemo,
218 1690 286 1754 nine
300 1690 507 1773 Imenptioae
521 1691 582 1755 hac
592 1689 674 1755 liber
687 1711 754 1755 non
769 1691 817 1770 fit,
830 1710 890 1756 nee
904 1692 999 1754 euml!
1012 1698 1122 1757 tamen
1137 1692 1198 1757 sibi

96 1792 222 1856 titulum
247 1793 414 1871 Pontile13
441 1795 529 1857 Non.
574 1793 634 1856 vis
658 1793 706 1857 illi
728 1794 776 1872 fit,
801 1793 975 1860 manifesto
997 1795 1197 1879 opprimitur,

95 1895 206 1959 mallet
224 1917 260 1960 ee
281 1896 344 1961 diei
359 1897 526 1960 Servorum
539 1917 671 1975 emaum,
686 1896 743 1960 ned
756 1895 804 1962 ita
817 1896 929 1961 infelix
946 1906 1005 1976 eat,
1020 1905 1058 1962 ut
1073 1898 1113 1963 ab
1128 1898 1198 1962 aliie

96 1998 227 2078 invitus,
244 2020 307 2083 quo
321 1999 422 2063 nollet
435 1999 577 2079 nomine,
594 1999 811 2083 oompelletur.
849 2000 1042 2065 Ridiculum.
1081 2002 1198 2068 Quaero

96 2102 236 2181 enim,ai
256 2123 324 2166 non
345 2104 485 2182 aswmit,
505 2102 532 2166 ni
549 2102 599 2166 uti
615 2103 699 2167 nolit
715 2103 778 2168 hoo
794 2103 891 2168 titulo
906 2104 1065 2184 Pontifex,
1081 2125 1139 2169 cur
1152 2105 1199 2169 ita

96 2204 131 2268 in
146 2203 329 2286 Pontificem
348 2205 486 2290 injurius
507 2205 687 2271 cardinalis
708 2205 745 2270 in
762 2207 996 2287 Controvereiie,
1016 2206 1129 2290 fatiget
1153 2227 1197 2285 ne,

96 2307 211 2392 fatiget
229 2308 391 2389 lectorem,
408 2308 486 2372 dum
504 2309 538 2372 id
557 2309 664 2392 longia
679 2309 760 2393 logie
775 2308 892 2393 satagit
905 2309 1050 2393 probare,
1071 2310 1198 2373 Univer-

95 2414 174 2476 aolio
187 2412 338 2496 Episcopi
352 2413 483 2478 titulum
497 2414 585 2478 hune
599 2413 640 2476 ad
654 2411 839 2494 Pontificem
853 2419 1004 2494 apertura,
1014 2412 1117 2476 etiam
1122 2413 1199 2495 jare

98 2514 247 2580 etiami?
290 2517 368 2580 Jare
381 2517 468 2580 enim
483 2516 589 2579 divino
604 2516 631 2579 ei
646 2521 777 2600 spectet,
795 2522 915 2600 peeoet,
930 2514 994 2579 nisi
1010 2521 1148 2579 meamat
1162 2522 1200 2578 ut

99 2640 205 2698 auum,
216 2619 280 2683 nisi
293 2626 403 2683 utatur
416 2627 453 2683 ut
465 2640 532 2684 ruo.
567 2620 685 2686 Qnaero
698 2619 827 2697 iterum,
843 2617 958 2703 ecquid
971 2639 1039 2683 non
1054 2618 1200 2683 admotus

98 2721 169 2804 igni
191 2722 308 2786 caleret
333 2720 406 2805 plus
433 2721 520 2801 satie,
548 2720 603 2804 qni
625 2743 734 2786 eoram
758 2722 975 2805 Inquisitioaio
1000 2721 1135 2804 Collepio
1160 2720 1201 2784 de

98 2824 195 2888 titulo
205 2824 267 2888 hoe
280 2846 347 2888 non
362 2825 543 2889 affirmaret.
567 2824 648 2888 Vult
662 2824 725 2890 hoe
735 2824 839 2889 dicere
848 2824 1038 2890 Cardinalis.
1070 2824 1200 2889 Nomen

99 2927 160 2991 hoe
187 2927 377 2991 Universum
398 2928 547 3010 Episcopi
569 2927 734 2993 Pontifieia
753 2927 918 3012 proprium
941 2948 1020 3006 eoae,
1043 2926 1140 3011 idque
1162 2948 1199 2990 ex

99 3029 185 3095 dono
200 3031 326 3110 Phoeae,
341 3031 439 3096 etiam
454 3032 553 3095 divini
567 3031 656 3113 juria
670 3030 797 3095 deeneto
815 3030 923 3114 (atque
937 3029 999 3094 hoe
1014 3030 1070 3113 qui
1093 3037 1199 3114 neget,

100 3135 209 3198 audiat
223 3137 394 3214 hereticae,
411 3135 530 3213 ardeat,
544 3141 583 3199 ut
597 3134 790 3217 haereticus),
806 3154 881 3197 cum
897 3153 933 3196 ae
946 3139 1058 3197 tamen
1072 3133 1201 3197 Seruum

97 3258 257 3301 aereorum
279 3239 466 3321 praescribat
488 3238 592 3300 Ballio
616 3237 692 3315 ruia,
714 3236 826 3320 procul
858 3236 979 3315 abesae,
1006 3243 1044 3300 ut
1063 3242 1201 3299 asarmot

100 3339 161 3404 sibi
184 3361 303 3404 nomen
321 3340 409 3404 illud
456 3339 521 3404 Sed
543 3360 604 3404 nee
625 3340 743 3404 Phoeae
757 3347 868 3403 tamen
882 3338 1068 3403 liberalitati
1082 3359 1201 3402 renun-

100 3443 169 3522 tiet,
187 3442 242 3505 sed
263 3443 414 3526 patiatur,
433 3443 551 3526 (neseio
574 3464 637 3526 quo
665 3441 771 3525 modo)
797 3462 830 3505 ee
852 3462 891 3507 eo
914 3441 1046 3505 nomine
1069 3439 1110 3505 ab
1132 3440 1202 3503 aliia

102 3545 261 3629 appellari.
308 3545 395 3612 Quid
421 3547 518 3630 agat?
563 3547 713 3624 Exueret,
743 3544 800 3611 eed
823 3543 1002 3612 cardinalis
1024 3564 1093 3608 non
1115 3543 1201 3607 sinit.

102 3649 341 3714 Antichristum
355 3650 488 3728 mavult,
503 3670 601 3733 quam
615 3670 683 3713 non
696 3648 918 3713 universalem.

135 3784 281 3835 Bonifaeine
294 3783 343 3834 111.
362 3784 469 3853 nullum·
481 3784 531 3834 albl
549 3798 656 3848 rognum
676 3784 766 3846 erexit,
784 3799 843 3835 oum
866 3783 938 3834 nulla
956 3783 985 3832 ln
1002 3797 1029 3833 re
1048 3783 1203 3849 amajornm
1307 3756 1310 3761 ι

166 3879 268 3916 suornm
289 3864 435 3916 bumilitate
458 3864 709 3930 recesserit-[Bell.
730 3865 806 3930 Apol.
830 3878 876 3929 pro
896 3863 982 3930 neap]
1004 3879 1029 3930 p.
1048 3865 1103 3915 ltl.
1134 3864 1204 3930 [Op.,

166 3950 228 3996 tom
241 3946 284 3996 rii.
295 3947 342 3996 eol
352 3946 408 3998 791.
416 3944 464 4010 A.]

145 4054 269 4117 Verum
293 4055 411 4117 uallum
434 4054 506 4117 inde
529 4055 590 4117 eidi
608 4075 737 4137 requam
757 4055 868 4118 ereatt.
913 4055 987 4118 Imo
1004 4055 1033 4118 ai
1049 4053 1204 4138 Gregorio
1216 4074 1365 4140 [Bonitlll.

102 4159 273 4237 eredimus,
289 4159 459 4239 Hormiae
472 4180 534 4241 per
549 4160 631 4223 illud
643 4160 772 4242 Imperii
788 4158 1008 4241 mmmm,
1053 4159 1152 4221 Nulla
1170 4159 1206 4221 ᾖ,
1216 4155 1322 4202 regnum
1334 4140 1366 4188 ai-

1216 4205 1244 4255 bi
1255 4204 1342 4255 erexit.

138 4308 145 4340 ¹
160 4308 238 4374 [Vide
250 4308 314 4359 Bell.
325 4310 357 4360 do
368 4309 440 4360 Rom.
459 4310 532 4360 Pont
546 4310 592 4361 lib.
604 4310 631 4361 11.
674 4309 749 4360 eorde
765 4314 855 4371 tumet,
866 4311 910 4374 qul
927 4308 1036 4373 gaudere
1054 4308 1085 4358 de
1102 4309 1205 4358 nomlne

104 4389 158 4478 oap.
167 4376 206 4424 31,
216 4374 273 4438 Op,
285 4379 345 4424 tom.
357 4375 374 4424 l.
388 4390 414 4439 p.
423 4377 478 4426 1⁸3.
490 4374 534 4439 n]
676 4375 860 4438 singularitati·
876 4375 980 4438 appetit
992 4373 1036 4437 qui
1048 4373 1137 4423 honori
1148 4387 1203 4436 quo
1288 4384 1292 4391 ·

93 4449 104 4473 ·‘
163 4437 246 4503 [“llle
263 4438 413 4490 eoeroendua
427 4444 474 4500 eat,
484 4440 529 4503 qul
540 4443 634 4490 malea
676 4452 727 4502 qne
747 4440 849 4503 imperil
871 4440 948 4489 raatrl
966 4452 994 4488 ae
1015 4452 1061 4502 per
1077 4437 1204 4502 prlvatum

105 4503 242 4554 universali
254 4501 372 4554 lleelaaiae
381 4503 501 4567 injuriam
512 4503 580 4565 lacit,
590 4505 636 4568 qni
678 4503 827 4554 voeabulum
835 4500 1151 4567 euperpoeult.”-·S.(lreg.
1158 4500 1209 4564 bil

851 4587 954 4650 ou‘t
