2910 4926
441 270 624 324 mocouuu
645 271 827 324 merorem.
1141 256 1184 319 85

115 417 270 489 Nequefluis
282 420 445 492 (summu)
456 430 504 490 cet,
511 428 640 480 continere
648 428 755 494 populus
762 428 792 479 lu
801 442 831 479 ee
841 425 994 488 obedientie,
1001 438 1059 490 quse
1066 423 1186 491 Regibus,

145 510 173 556 ct
189 506 351 572 Principibus
363 508 477 570 debetur,
487 510 531 560 sed
549 511 687 575 reprimere
704 510 827 575 Pupietes,
837 509 882 576 qui
896 509 999 560 civilem
1014 507 1186 560 obedientium

146 586 259 650 Regibus
279 589 411 651 exhibent,
430 591 474 641 sed
496 592 588 642 uolunt
609 592 705 655 Regem
727 605 861 655 agnoscere
877 589 959 654 Caput
977 589 1018 640 vel
1039 603 1185 654 uuprcmum

145 668 346 722 Gubemeterem
355 671 474 723 Eccleslue
485 673 514 723 in
524 673 708 738 uplrituullbuu,
716 687 798 737 neque
806 672 896 723 volunt
907 671 1050 722 Primatum
1059 671 1185 735 Apostoli·

145 764 205 800 eum
223 750 324 803 Summi
345 753 477 804 Pontificls
494 753 740 819 abnegare—[Bell
755 753 831 819 Apol
850 768 896 818 pro
914 752 1003 819 Resp]
1024 766 1049 817 p.
1062 754 1102 805 22.
1118 751 1185 818 [0p,

145 834 258 884 tumvii.
269 834 316 885 eol.
328 835 383 887 717.
392 834 472 900 Β.0.]

123 931 169 995 Et
184 932 364 998 Curdinulis
379 955 494 998 sensus
508 933 573 1013 ille,
590 955 686 1018 quem
701 932 837 1017 effingit,
853 931 933 998 adeo
948 953 1060 997 sensus
1073 932 1185 997 Edicta·

80 1054 149 1099 non
163 1043 223 1115 est,
238 1044 275 1101 ut
296 1057 339 1100 ne
361 1037 461 1121 possit
488 1038 618 1122 quidem
642 1058 721 1117 esse,
737 1037 800 1101 uisi
819 1036 989 1120 plumbeus
1003 1056 1074 1101 csse
1088 1036 1182 1101 velit:

79 1158 207 1222 nempe,
223 1148 260 1204 ut
275 1143 457 1222 reprimeret
477 1161 542 1220 eos,
559 1141 615 1225 qui
635 1141 743 1206 nolunt
758 1141 874 1224 Repem
894 1159 1062 1223 apnoeeere
1076 1159 1186 1222 eupre-

79 1261 163 1305 mum
181 1243 425 1307 Grrbcrrectorem
449 1245 484 1307 ire
507 1245 742 1327 Spirituulibee,
757 1264 853 1327 neque
878 1243 985 1307 uolunt
1006 1243 1184 1306 Primatum

79 1344 295 1426 Apostolieum
318 1347 438 1410 seeum
457 1348 622 1431 Pontificr'u
642 1348 805 1431 abrepere.
850 1346 1030 1411 Primatum
1043 1346 1183 1429 Aposto-

79 1447 179 1512 licum
194 1449 379 1528 Pontificis3
403 1451 459 1535 qui
473 1453 603 1535 potest?
634 1472 709 1515 cum
723 1449 873 1515 Pontifex
888 1451 984 1514 Petro
998 1455 1035 1513 ut
1048 1450 1184 1531 Aperte·

79 1552 130 1615 lus
149 1558 205 1631 eut,
222 1554 354 1636 proprie
372 1575 434 1619 uon
455 1555 627 1633 euecedaffl,
643 1575 710 1620 nou
724 1554 946 1638 Apostolicum
962 1553 1081 1635 igitur:
1105 1552 1183 1636 quin

80 1655 256 1739 primatum
271 1657 487 1738 Pontificium,
503 1678 563 1722 nec
578 1678 653 1722 eum
666 1665 777 1722 tamen
787 1658 899 1739 prime
911 1655 1012 1734 Sedis,
1025 1656 1120 1734 tituli,
1133 1656 1184 1720 vel

80 1759 210 1839 ordinis,
227 1760 285 1824 secl
298 1761 396 1842 jurie,
413 1761 499 1845 quud
514 1760 576 1826 sibi
591 1768 708 1845 praeter
728 1763 782 1846 jus
796 1759 938 1833 vindicet
964 1759 1020 1822 τοῦ
1045 1782 1183 1822 narare-

78 1859 196 1948 ριεύειν
210 1864 274 1928 τῶν
288 1861 463 1950 ἀδελφῶν,
480 1865 598 1948 quique
618 1865 656 1948 (si
675 1886 748 1929 eem
769 1884 881 1929 vocem
902 1883 1057 1946 usurpare
1077 1862 1181 1941 detur,

79 1986 153 2050 quae
167 1966 267 2050 ipsius
282 1968 378 2052 Legis
393 1969 464 2052 est)
484 1969 687 2050 Supremam
701 1967 808 2052 potius
823 1974 882 2047 est,
899 1988 995 2051 quem
1008 1967 1181 2032 Primatue.

83 2069 147 2132 Sed
161 2090 267 2154 neque
279 2070 341 2134 hec
356 2070 397 2135 dc
411 2091 447 2135 re
461 2079 592 2135 eevetm
606 2070 780 2155 quicquam
791 2069 827 2134 in
835 2070 954 2133 Edicto
965 2069 1074 2152 Repr'e.
1105 2070 1186 2134 Eret

80 2172 171 2236 enim
189 2181 295 2253 antee,
315 2175 385 2259 jem
409 2195 536 2259 quoque
556 2181 605 2238 est
621 2176 642 2237 J
643 2180 850 2239 uramentum
864 2172 962 2253 uliud,
978 2194 1043 2256 quo
1057 2180 1188 2237 cavetur

80 2270 153 2356 hcc,
168 2278 318 2363 quodque
339 2279 394 2363 qui
417 2285 569 2365 praesterc
590 2279 709 2358 renuit,
725 2278 855 2363 capituli
875 2277 910 2341 id
932 2278 963 2342 ei
982 2298 1079 2361 poene
1094 2277 1187 2342 luen-

80 2380 159 2444 dum
179 2387 239 2447 est.
284 2382 388 2466 Atqui
404 2402 526 2446 norum
545 2382 607 2447 hoe
626 2388 660 2447 et
674 2403 834 2467 nuperum
847 2382 1073 2461 recrementum,
1089 2401 1141 2462 ne,
1158 2381 1185 2445 ei

79 2490 207 2548 recuset
228 2485 301 2570 quis
321 2485 493 2570 suscipere,
510 2486 647 2570 capitale
668 2484 703 2549 id
725 2486 755 2550 ei
778 2492 837 2550 est.
882 2484 1004 2569 Ecquis
1026 2505 1102 2550 vero
1116 2489 1186 2549 tam

80 2586 151 2651 eine
165 2588 307 2667 cerebro,
319 2594 357 2653 ut
371 2589 564 2672 persuadere
579 2589 729 2672 cuiquem
744 2609 779 2653 se
793 2609 886 2674 posse
896 2595 1000 2673 putet,
1010 2607 1086 2652 cum
1100 2594 1185 2653 esset

78 2697 178 2755 antee
199 2692 416 2756 Juramcutum
437 2692 515 2757 huic
539 2692 597 2769 rei,
622 2692 681 2756 sub
705 2712 802 2776 poene
826 2691 975 2776 capituli3
998 2691 1185 2756 consultum

79 2794 182 2859 videri
195 2796 338 2879 potuisse
352 2796 403 2860 vel
418 2796 510 2880 Regi,
526 2795 577 2861 vel
592 2795 698 2880 Regni
709 2795 897 2876 Ordinibus,
913 2795 1000 2860 uliud
1016 2795 1122 2860 eidem
1135 2794 1184 2860 rei

79 2898 297 2963 Juremeutum
311 2899 445 2979 sancire,
461 2900 554 2984 cujus
571 2920 667 2983 poene
681 2899 762 2964 citra
781 2899 951 2983 capitalem
971 2896 1182 2976 subsisteret,

79 3008 129 3081 ut,
152 3022 226 3066 cum
248 3002 349 3067 severi
369 3002 513 3086 (seilicet)
538 3024 608 3067 esse
630 3002 759 3081 vellent,
784 3009 817 3066 et
832 3001 984 3084 repetas
1003 3002 1182 3084 reprimere,

80 3126 161 3190 quos
175 3113 251 3170 ante
266 3106 387 3171 acriore
401 3113 561 3191 poterent,
573 3107 643 3191 jem
657 3106 785 3171 mitiore
796 3106 998 3189 plecterent?
1030 3105 1183 3170 Haeccine

78 3208 271 3290 reprimendi
292 3209 344 3273 vie
359 3209 469 3287 vobis;
495 3229 591 3293 quem
617 3210 719 3291 capite
739 3210 851 3293 pessis,
868 3213 907 3272 ut
926 3209 1029 3292 magle
1051 3216 1183 3289 terreus,

82 3311 182 3396 cupiti
195 3332 335 3396 parcere,
350 3310 494 3395 fortunis
506 3312 558 3377 vel
572 3331 698 3376 carcere
718 3312 901 3376 mulctare?
946 3310 1039 3376 Laese
1053 3310 1183 3376 cerebro

81 3413 135 3492 sit,
156 3414 213 3498 qui
235 3415 364 3493 credet3
387 3415 465 3500 laese
487 3436 554 3480 non
576 3413 693 3494 minus,
716 3413 772 3500 qui
795 3412 992 3478 credendum
1013 3420 1181 3496 proponet.

83 3516 236 3581 litulurie
257 3538 333 3602 ergo
347 3518 416 3584 heec
435 3517 583 3603 probatio
598 3525 657 3596 est,
674 3523 707 3582 et
721 3536 809 3582 mere
824 3516 955 3602 quidem
970 3516 1120 3596 titularis,
1135 3515 1183 3579 rei

81 3619 165 3685 nihil
180 3620 299 3686 subest.

114 3755 206 3807 Nebis
217 3756 305 3807 eedem
319 3755 464 3821 repetendo,
475 3760 501 3807 et
514 3771 563 3819 mc,
574 3761 601 3808 et
617 3756 749 3807 hectorem
765 3756 859 3808 frustm
872 3755 978 3820 fatigem
987 3753 1096 3821 -[Bell.
1108 3756 1182 3821 Apul.

146 3852 192 3903 pro
203 3835 288 3903 Resp]
299 3852 323 3902 p.
332 3839 371 3889 22.
386 3838 455 3903 [Op.,
466 3842 527 3889 tem.
539 3838 582 3889 vii.
594 3839 641 3889 col.
654 3839 709 3891 717.
720 3838 762 3902 0.]

125 3940 157 4002 2.
181 3939 256 4005 Qua
277 3958 351 4002 cum
374 3938 473 4002 semel
492 3939 561 4022 jum
569 3936 724 4022 setiparit
744 3938 914 4017 hectorem,
930 3945 963 4002 ct
983 3937 1032 4022 (ut
1045 3937 1178 4019 fatetur)

71 4038 212 4122 snutra,
232 4041 316 4106 bene
338 4043 427 4120 facit,
451 4041 537 4125 quod
559 4063 625 4105 non
648 4042 694 4104 bis
709 4039 839 4124 srzeetra
853 4041 986 4124 satipet.
1031 4040 1183 4105 Remittit

80 4143 136 4207 ille
161 4150 195 4208 te
224 4145 366 4226 (Lector)
400 4144 441 4207 ed
471 4144 605 4208 Tortum
616 4170 625 4221 3
655 4165 715 4227 ego
745 4144 784 4207 ad
815 4144 962 4223 Librum,
993 4165 1056 4226 quo
1084 4144 1183 4207 'Porto

80 4249 307 4332 respondetur.

113 4390 123 4413 ¹
140 4382 231 4433 Belias.
248 4382 280 4433 dc
311 4382 397 4446 Rom]
418 4382 491 4434 Puni.
512 4383 557 4432 lib.
575 4383 609 4433 lv.
685 4390 697 4414 ⁴
708 4381 1095 4447 [Κατακυριιῦοντεςτῶνκλὴρων.
1108 4379 1182 4431 lPet.

80 4447 284 4577 fflyffist‘
340 4448 610 4539 pendeo.’0p.,tcm.i.
654 4463 678 4497 v.
691 4448 728 4510 3.]
747 4470 750 4474 ’
