2910 4926
251 256 314 320 136
563 272 607 321 nn
629 272 819 321 eunomius
840 271 1039 320 snmmmur

134 422 199 485 104
253 432 286 491 et
310 427 456 512 amplius,
473 448 547 492 cum
566 428 750 493 cardinales
764 430 899 493 Diaconi
922 429 962 492 ad
985 430 1092 492 titulos
1111 427 1251 492 ordinati
1275 433 1353 490 sunt

251 531 465 595 Ecclesiamim
495 532 749 596 Paroeciensiunr.
796 533 930 617 Scripsit
960 530 1183 616 Onuphrius‘l.
1228 533 1353 596 Verum

251 631 359 709 etiam,
375 632 449 695 Non
464 638 584 695 tantum
599 634 632 696 in
646 634 790 696 Romana
804 633 959 710 Ecclesia,
974 634 1032 696 sed
1044 634 1138 696 etiam
1152 633 1187 694 in
1201 633 1275 696 aliis
1291 651 1354 713 per

250 735 438 799 Prouincias
451 736 814 820 Ecclesiis„Cardinales
821 735 932 818 finisse.
968 735 1078 800 Habet
1094 735 1320 799 Urbevetunus
1329 745 1352 798 ⁰.

256 840 369 903 Verum
391 839 427 903 id
452 862 596 925 quoque:
620 842 794 905 Multitudo
810 842 1067 923 Presbyterorurn
1089 846 1120 903 et
1141 841 1353 904 Diaconorum

241 941 416 1023 forensium
442 945 486 1007 ad
507 944 612 1007 urbem
634 946 890 1023 concurrentium,
906 965 1034 1008 causam
1056 944 1152 1021 dedit,
1177 949 1213 1005 ut
1232 942 1352 1005 Urbani

249 1046 432 1129 Presbyteri
443 1055 474 1111 et
488 1049 624 1112 Diaconi
638 1049 679 1111 ab
693 1051 739 1113 eis
754 1050 1018 1132 distinyuerentur
1027 1050 1148 1112 nonnae
1162 1047 1352 1110 Cardinalis.

250 1148 398 1212 Totidem
413 1150 517 1215 verbis
533 1151 781 1217 Urbevetanus:
811 1153 924 1215 Verum
939 1159 971 1215 ct
983 1151 1073 1215 illud.
1112 1149 1185 1214 Etsi
1199 1148 1352 1213 Ecclesiae

249 1253 320 1316 aliae
334 1252 385 1317 his
399 1254 529 1319 vocibus
540 1262 676 1320 utantur
690 1255 841 1340 privatim
862 1255 948 1340 apud
970 1277 1014 1333 se,
1037 1277 1105 1319 non
1129 1253 1224 1319 scribi
1239 1260 1352 1316 tamen

245 1356 317 1440 jam
333 1357 519 1422 cardinales
534 1360 651 1442 passim
668 1367 700 1423 et
716 1359 851 1442 publice,
864 1359 928 1422 nisi
943 1360 1117 1423 Romanos·
1161 1357 1232 1420 Nec
1243 1355 1353 1420 Cardi-

249 1461 332 1524 nalis
355 1462 417 1526 hoc
437 1471 544 1547 negat.
596 1465 708 1527 Verum
724 1476 843 1543 autem,
860 1465 1043 1528 Romanum
1064 1462 1144 1525 illud
1159 1460 1218 1524 sub
1236 1460 1353 1523 Silves-

249 1573 301 1630 tro
328 1566 510 1630 Concilium
532 1589 643 1631 verum
674 1589 741 1631 non
771 1589 850 1646 esse,
875 1567 930 1631 sed
956 1567 996 1630 ad
1020 1567 1212 1647 Cynosaryes
1238 1564 1352 1627 morito

250 1669 390 1751 ableyori
400 1668 418 1733 f.
464 1672 576 1735 Verum
592 1672 742 1756 denique,
767 1672 807 1736 ab
821 1672 924 1735 initiis
939 1671 1004 1735 suis
1019 1671 1196 1734 luxuriatos
1212 1671 1352 1734 multum

253 1774 457 1838 cardinales:
481 1797 551 1856 neo,
575 1777 603 1841 si
621 1784 746 1861 saperet
768 1777 958 1856 cardinalis,
975 1776 1057 1841 illud
1071 1777 1153 1841 elabi
1167 1776 1227 1840 sibi
1236 1797 1353 1859 passus

249 1877 372 1958 fuisset,
390 1882 513 1944 Proetcr
527 1883 733 1947 institutionis
749 1904 812 1946 uic
829 1883 979 1965 ariyinem
994 1883 1065 1945 illos
1079 1902 1141 1944 non
1155 1882 1351 1944 calumniare.

250 1982 423 2069 Presbyter
438 1986 524 2049 enim
538 1989 695 2071 paroeciae,
718 1995 775 2051 aut
795 1988 933 2052 Curatur
947 1985 1134 2068 Baptisterii
1152 2006 1209 2049 seu
1231 1984 1351 2063 feretri,

250 2085 277 2148 si
298 2087 339 2150 ad
361 2094 461 2152 tantae
483 2091 717 2174 magnitudinis
739 2091 842 2155 instar
860 2100 1031 2167 excrescat,
1046 2096 1085 2152 ut
1107 2089 1262 2169 Episcopo
1279 2088 1349 2171 jam

249 2191 362 2274 major,
379 2194 524 2275 Principi
538 2194 598 2277 ipsi
621 2216 678 2279 par
702 2195 744 2258 sit
767 2216 804 2258 ac
824 2194 976 2258 aemulus:
1001 2214 1042 2256 su
1062 2192 1133 2270 hoc,
1157 2192 1351 2255 secundum?

250 2317 360 2360 annon
382 2297 444 2361 hoc
460 2305 580 2380 preter
597 2301 746 2382 oriyinenr
761 2299 967 2362 institutionis
980 2298 1069 2360 sua?
1116 2297 1243 2379 Oriyine
1264 2317 1352 2380 pres·

249 2400 344 2485 byter
373 2410 432 2481 est,
458 2403 625 2487 presbyter
654 2402 804 2487 Episcopi
834 2402 894 2480 sui,
916 2408 950 2466 et
975 2422 1013 2465 eo
1037 2401 1160 2464 minor:
1188 2400 1351 2464 Institutio

248 2513 358 2569 autem
374 2507 452 2591 ojus,
468 2515 506 2571 ut
521 2515 612 2572 curet
627 2508 809 2591 paroeciam.
856 2506 1001 2571 Paroecia
1014 2506 1049 2568 in
1065 2505 1214 2583 Dioeccsi‚
1231 2512 1263 2569 et
1279 2506 1349 2588 ojus

248 2630 321 2692 pars
336 2632 433 2692 parva
447 2612 561 2676 modo:
587 2613 652 2676 Hic
663 2613 743 2696 jam,
760 2611 786 2674 si
799 2632 833 2675 se
849 2632 945 2694 supra
959 2610 1150 2690 Episcopum
1165 2631 1259 2671 suum
1275 2609 1350 2671 effc-

247 2717 308 2790 rat,
321 2716 590 2797 supraDicecesinr
601 2738 722 2800 pennas
738 2716 907 2780 extendat:
926 2714 1001 2797 quid
1014 2713 1095 2791 dico,
1107 2714 1305 2795 Episcopum,
1318 2721 1352 2776 et

247 2815 441 2880 Dioecesim?
463 2819 489 2882 si
505 2841 601 2902 supra
620 2820 802 2901 Episcopus,
820 2826 853 2882 et
868 2819 1022 2880 Dioeceses
1037 2837 1158 2895 omnes,
1175 2838 1241 2880 non
1255 2816 1351 2880 modo

241 2921 408 3002 presbyter
426 2923 615 3002 Gurdinaliu
636 2924 680 3008 (id
698 2925 769 3006 est,)
783 2924 983 3005 principalis,
1000 2921 1056 2985 sed
1074 2922 1241 3004 presbyter
1255 2923 1351 2984 Prin-

248 3042 328 3102 ceps,
343 3022 409 3087 imo
423 3045 515 3106 super
530 3026 705 3107 Principes,
721 3047 829 3090 annon
841 3033 1021 3108 utramque,
1038 3025 1196 3105 oriyinenr,
1212 3028 1245 3086 et
1259 3024 1349 3085 insti-

247 3126 395 3188 tutionem
410 3130 658 3211 supergressus?
682 3129 813 3211 Iynorot
827 3148 878 3190 res
894 3148 977 3205 suas,
994 3128 1120 3209 iyuorat
1135 3146 1168 3188 se
1188 3125 1350 3208 (superbia

247 3229 368 3294 scilicet
383 3232 496 3313 caecus)
517 3232 572 3316 qui
586 3239 624 3296 ut
640 3239 772 3315 negaret
787 3232 858 3309 hoc,
874 3231 955 3294 elabi
969 3231 1030 3293 sibi
1038 3250 1155 3311 passus
1169 3235 1223 3292 est.

279 3362 347 3413 Nam
360 3365 400 3427 (ut
414 3380 491 3429 supra
506 3365 628 3431 diximus)
646 3367 752 3431 antiqua
768 3366 898 3416 institutio
917 3370 979 3425 erat,
996 3369 1025 3414 ut
1042 3364 1185 3427 Presbyteri
1201 3369 1227 3413 et
1244 3363 1350 3414 Diacoui

312 3444 420 3495 Romani
436 3461 494 3496 cum
510 3447 602 3497 vicinis
621 3448 752 3513 Episcopis
769 3448 911 3497 Romanum
929 3446 1079 3496 Pontificem
1096 3446 1226 3509 eligerent,
1243 3461 1350 3509 eumque

311 3527 417 3577 consilio
429 3532 454 3578 et
466 3543 541 3592 opera
551 3528 814 3594 adjuvarent-[Bell.
826 3528 901 3592 Apol.
913 3542 958 3592 pro
969 3526 1054 3590 Resp]
1065 3542 1089 3591 p.
1102 3529 1141 3577 38.
1154 3526 1221 3591 [Op.,
1232 3532 1294 3577 tom.
1304 3527 1350 3576 vii.

321 3607 367 3656 σοι.
380 3608 486 3673 naa]

82 3695 178 3810 [cydi-
289 3699 406 3781 Neque
430 3700 516 3762 enim
531 3701 581 3763 vel
605 3702 691 3783 oriyo
714 3701 770 3765 illa
790 3702 841 3765 vel
863 3702 1017 3764 institutio
1038 3697 1218 3784 presbyteri
1244 3721 1348 3784 paroe·

81 3774 215 3874 griffi&
245 3801 371 3879 aiensis,
386 3808 424 3866 ut
440 3803 591 3886 suffragio
618 3825 676 3868 suo
700 3807 797 3888 eliyut
812 3806 861 3870 vel
888 3807 1015 3870 consitio
1030 3805 1120 3885 juvet
1141 3804 1346 3888 Episcopum.

81 3893 215 4003 ffigssis
247 3905 328 3970 Quis
349 3906 408 3968 scit
429 3907 527 3985 enim,
549 3930 590 3971 an
605 3909 816 3992 Episcopatus
832 3910 958 3973 vivente
973 3909 1162 3992 presbytero
1177 3917 1347 3971 vacaturus

83 4018 229 4081 electores]
245 4008 312 4072 sit?
358 4011 402 4072 Et
417 4011 593 4095 Episcopus
608 4012 691 4075 forto
715 4013 908 4076 sententiam
934 4014 1002 4096 ejus
1025 4033 1093 4075 non
1114 4010 1251 4094 rogabit.
1296 4010 1349 4075 Ad

246 4112 315 4176 hoec
330 4115 453 4197 positus
468 4139 535 4181 non
551 4124 610 4194 est,
626 4139 695 4181 non
709 4118 778 4182 haec
800 4117 885 4181 illius
904 4118 1061 4180 institutio
1076 4115 1126 4179 vel
1142 4117 1283 4196 antiqua,
1299 4115 1349 4178 vel

247 4217 322 4295 ulla,
341 4220 397 4283 sed
412 4242 518 4305 neque
525 4219 651 4303 functio
668 4221 731 4285 dici
745 4228 861 4305 potest.
907 4222 1034 4286 Positus
1049 4228 1109 4301 est,
1125 4228 1162 4284 ut
1177 4221 1349 4304 paroeciam

276 4368 287 4399 ⁶
298 4368 430 4482 1Βθιιιηιῐιι.
440 4371 556 4436 Pamin]
564 4372 600 4421 De
608 4370 714 4437 [Episc]
723 4373 774 4422 rit.
819 4373 905 4435 1552]

247 4433 286 4497 [et
323 4435 395 4483 iacon
415 4436 533 4550 cnrqin'pb
546 4452 569 4499 p.
580 4439 618 4485 29.
633 4437 671 4501 [p.
685 4441 724 4487 bb.
742 4438 775 4487 ad
851 4447 861 4471 ⁸
880 4438 911 4487 Ιιι
923 4437 976 4486 vit.
991 4437 1061 4486 Pont.

245 4499 303 4548 cale.
313 4496 426 4563 Onuphr,
435 4500 504 4564 Eprt.
535 4516 583 4550 om.
594 4501 675 4563 Pont,
684 4502 773 4553 Venet.
852 4502 859 4534 ¹
875 4503 980 4566 [Erasrn.
994 4503 1074 4564 Adag.
1087 4516 1110 4565 p.
1123 4499 1189 4564 bit]
