2910 4926
255 262 318 325 142
564 280 608 327 su
630 279 821 329 emanans
841 276 1040 326 saussaium

252 432 460 498 Navarrenus
474 454 576 518 regno
590 442 706 500 exutus
717 445 739 516 ⁰,
754 435 934 501 Galliarum
949 435 1054 517 Reges
1069 431 1205 495 fulmine
1220 429 1308 510 tacti,
1321 437 1354 495 et

201 522 205 527 ⁴
253 536 511 621 semiustulatib,
536 539 768 623 Hispaniarum
791 538 874 622 Regi
889 538 991 602 telum
1008 537 1217 615 intentatum,
1233 541 1267 599 et
1285 536 1355 619 jam

249 641 383 725 jamque
397 642 606 722 mittendum,
618 643 682 707 nisi
700 644 810 707 Sixtus
826 642 975 726 spiritum
990 639 1167 705 emisisset:
1192 640 1355 704 Omniane

252 746 322 810 haee
330 752 498 828 paternam
513 753 543 811 et
551 749 746 829 pastoralem
761 749 980 810 auctoritatem
994 745 1184 830 spirabant?
1219 745 1355 808 Nihilne

252 849 288 912 in
310 849 362 913 his
389 850 604 932 despotiatm?
641 851 731 917 Quid
757 850 857 914 durus
882 851 1010 932 despota
1040 848 1200 933 mancipio
1222 847 1353 927 laceret,

253 975 351 1036 quam
381 954 469 1037 quod
502 955 686 1021 Alexander
715 954 880 1019 Friderieo
912 956 1045 1039 primo?
1090 956 1255 1018 Tamenne
1278 955 1356 1035 pius

245 1058 368 1137 poter?
413 1056 501 1124 Quid
515 1058 612 1142 lupus
628 1058 832 1142 vespertinus
847 1057 980 1122 misellae
997 1056 1140 1136 oviculae,
1156 1077 1253 1139 quam
1268 1055 1356 1140 quod

253 1159 466 1225 Innocentius
481 1159 542 1224 IV.
560 1160 723 1225 Friderico
738 1161 827 1225 Hs?
875 1162 1041 1225 Tamenne
1060 1160 1232 1245 praeclarus
1253 1161 1356 1223 osium

252 1266 383 1327 eustos?

285 1371 358 1431 Quod
375 1373 453 1424 etiam
470 1373 524 1425 Rex
540 1375 586 1435 ait,
602 1374 636 1425 sd
653 1389 732 1439 reges,
749 1378 779 1425 ut
795 1373 844 1425 Dei
861 1375 889 1424 in
903 1375 977 1424 terris
988 1374 1111 1435 vicarios,
1127 1374 1253 1438 pertinere
1269 1386 1356 1423 euram

316 1453 429 1514 videndi,
452 1455 578 1518 quomodo
600 1460 654 1506 um
681 1456 793 1506 insolens
814 1456 999 1506 incrementum
1023 1455 1198 1506 Cardinalitise
1219 1454 1356 1516 dignitatis

315 1536 429 1599 coeperit,
439 1537 512 1587 nulla
522 1538 618 1588 satiem
628 1536 734 1589 admitti
744 1542 835 1602 potest.
859 1538 924 1589 Sunt
935 1537 1038 1602 quidem
1050 1537 1130 1600 Reges
1141 1536 1255 1586 Ministri
1267 1535 1315 1585 Dei
1327 1537 1355 1585 in

315 1617 399 1677 tersia
415 1653 421 1666 .
439 1653 446 1668 .
464 1654 470 1667 .
487 1617 532 1668 sed
548 1654 555 1668 .
573 1654 580 1668 .
598 1655 604 1668 .
621 1619 651 1669 in
661 1620 702 1681 iis,
713 1634 770 1683 quaa
781 1618 814 1669 ad
824 1623 924 1671 terram
935 1624 961 1669 et
972 1619 1122 1683 temporalia
1131 1621 1251 1681 spectant
1285 1615 1355 1666 Nam

316 1697 385 1762 quod
400 1699 494 1749 attinet
511 1699 544 1749 ad
560 1700 704 1765 spiritualia
720 1706 747 1751 et
762 1701 882 1761 coelestia,
893 1705 969 1764 atqua
981 1715 1031 1750 uno
1044 1700 1118 1750 verbo
1129 1699 1162 1749 ad
1173 1698 1356 1759 Ecclesiastiea,

316 1777 415 1830 Vicus-ii
427 1779 475 1830 Dei
487 1779 606 1845 Episcopi
616 1785 684 1832 sunt.
701 1818 708 1831 .
720 1817 727 1831 .
739 1817 746 1832 .
763 1781 798 1831 Et
808 1796 923 1832 summm
935 1781 1052 1831 Viearius
1063 1780 1108 1830 illa
1118 1784 1165 1841 est,
1176 1780 1217 1829 eni
1228 1778 1355 1829 Dominus

315 1859 391 1920 dixit,
408 1860 533 1924 ‘Sequere
550 1861 609 1923 lla:
625 1862 786 1926 etc-[Ball.
798 1863 872 1928 Apol.
890 1877 936 1928 pro
953 1860 1039 1927 Resp]
1056 1876 1081 1925 p.
1094 1863 1133 1911 40.
1152 1860 1218 1926 [Op.,
1236 1865 1298 1910 tom.
1310 1860 1355 1910 rii.

315 1941 362 1992 col.
375 1944 430 1995 727.
444 1941 472 1993 B.
486 1942 528 2005 0.]

52 2096 56 2104 .
88 2050 239 2117 [csrdinalt-
295 2034 400 2098 Credo
423 2043 531 2099 autem
548 2034 729 2101 Cardinali:
753 2038 840 2099 baud
858 2038 924 2099 ulla
945 2037 1068 2099 ratione
1090 2035 1296 2097 admissurum
1311 2052 1353 2110 se,

87 2118 230 2245 mig?
250 2142 286 2199 ut
309 2137 353 2200 ad
374 2136 474 2219 Repes
504 2158 580 2202 eura
599 2142 770 2221 pertineat,
798 2141 1048 2204 deincremento
1078 2144 1132 2200 aut
1162 2138 1354 2200 decremento

87 2260 199 2297 uorem·
254 2239 479 2305 cardinalium.
538 2242 586 2306 At
612 2243 800 2326 quandoid
828 2243 876 2307 ita
907 2244 1012 2307 facere
1038 2241 1142 2305 visum
1169 2239 1287 2303 Caesari
1316 2257 1355 2301 ac

87 2309 154 2375 dua]
251 2342 404 2427 Regibus,
432 2345 612 2409 Cardinalis
638 2347 799 2426 admittat,
830 2368 873 2411 an
901 2368 977 2425 non,
1002 2363 1196 2429 magnopere
1225 2342 1354 2406 solliciti

250 2468 350 2511 none
414 2454 438 2511 t.
482 2450 544 2512 Dei
559 2451 719 2515 ministros
739 2471 804 2515 esse
818 2452 918 2534 Repes
936 2452 970 2513 ia
985 2451 1089 2528 terris,
1106 2448 1150 2511 ad
1169 2448 1354 2528 temporalia

249 2552 410 2615 ministros
429 2572 504 2629 esse,
520 2553 649 2636 utrique
665 2554 884 2638 agnoscimus:
907 2556 954 2618 At
969 2552 1117 2636 nunquid
1137 2552 1178 2616 ad
1191 2551 1247 2615 illa
1262 2551 1353 2615 sola?

250 2655 376 2718 Positos
399 2676 419 2718 o
446 2656 569 2736 Spiritu
594 2658 709 2720 Sancto
732 2658 905 2740 Episcopus
922 2678 1064 2739 pascere,
1090 2657 1225 2738 adeoque
1247 2676 1354 2739 repere

250 2756 426 2821 Ecclesiam
440 2760 502 2821 Dei
517 2759 647 2822 domus:
672 2761 729 2825 sed
743 2761 901 2845 nunquid,
917 2763 999 2825 solos
1012 2761 1108 2825 illos?
1154 2762 1251 2825 Certe
1266 2761 1354 2824 euim

249 2882 371 2926 nomen
384 2861 599 2949 usrotpyovi,
613 2886 733 2929 nomen
747 2868 937 2946 Aaronom,
953 2866 1051 2949 (quod
1065 2874 1239 2949 utrumque
1255 2865 1353 2947 Regi·

250 2964 311 3028 bus
340 2965 454 3030 tribuit
481 2968 665 3050 Apostolus)
693 2976 731 3031 ut
757 2969 908 3053 Liturpia
934 2991 993 3033 vox
1017 2970 1095 3052 ipsa,
1123 2976 1155 3032 et
1182 2969 1353 3045 Diaconiae,

251 3068 373 3153 aliquid
388 3070 485 3135 etiam
507 3079 622 3136 sonant
638 3094 706 3136 non
720 3075 877 3151 seculare,
893 3072 1016 3156 aliquid
1029 3094 1105 3137 vero
1115 3072 1352 3153 Eooapelieum.

251 3173 334 3235 'ium
346 3195 467 3238 nomen
483 3175 648 3238 Pastoris:
673 3197 739 3239 non
754 3183 864 3239 autem
879 3177 1059 3256 corporibus
1069 3174 1165 3239 modo
1173 3175 1352 3255 poscendis,

251 3277 567 3361 animabusquoque:
587 3280 659 3343 Nee
669 3278 824 3344 abstinuit
833 3279 884 3343 vel
892 3280 1043 3361 Episcopi
1052 3278 1182 3343 nomine
1193 3279 1352 3342 Constan-

250 3380 339 3444 tinus
347 3378 366 3445 ¹.
412 3383 463 3446 De
481 3383 606 3446 Summo
624 3390 733 3447 autem
754 3383 879 3446 Vieario
902 3404 997 3466 porro
1014 3381 1256 3446 deliberandum
1271 3382 1353 3446 erit:

249 3486 353 3569 magis
376 3487 481 3551 adhue
504 3487 543 3552 de
562 3487 668 3551 verbis
684 3488 818 3570 Sequere
832 3488 899 3565 Me,
916 3508 987 3570 quae
1005 3488 1194 3550 Christianis
1216 3487 1355 3550 omuibus

251 3595 451 3674 competunt,
477 3596 510 3654 et
535 3589 711 3673 inquibus
736 3590 913 3654 Christiani
937 3590 1034 3653 multi
1062 3589 1160 3672 longo
1184 3588 1355 3654 intervallo

253 3693 426 3757 Pontifices
447 3693 533 3776 ipsos
553 3691 760 3757 antecedunt.
805 3693 887 3771 Nec,
903 3694 938 3756 in
958 3694 1118 3775 &quenda
1138 3694 1261 3757 Christo
1280 3699 1355 3755 tan·

251 3801 333 3872 tum,
367 3795 540 3858 Christiani
568 3794 675 3872 multi,
706 3795 764 3858 sed
794 3801 827 3858 et
856 3796 890 3858 ia
913 3796 1084 3877 pascendis
1113 3795 1227 3873 ovibus,
1259 3794 1355 3857 multi

250 3897 409 3977 Episcopi.
441 3897 477 3959 Is
493 3902 602 3959 autem
616 3895 645 3959 si
660 3917 797 3960 creseere
807 3896 877 3961 vult
896 3897 1081 3961 Cardiaales
1096 3919 1170 3961 suos
1185 3896 1354 3980 dignitate,

283 4038 294 4061 ¹
310 4029 388 4094 [Vide
406 4029 453 4079 AEl.
465 4030 527 4079 Ana
540 4030 653 4080 Nebriss.
665 4030 696 4081 de
708 4031 779 4082 Bello
823 4032 858 4081 xi.
876 4032 923 4081 eol.
936 4032 992 4082 640.
1006 4030 1123 4082 0.-645.
1136 4030 1174 4095 Q]

250 4094 437 4144 Naulibiaa
455 4095 682 4159 uiolamus]
855 4095 866 4127 ‘¹
899 4097 970 4146 Rom
982 4096 1038 4144 xiii.
1051 4096 1087 4157 a]

284 4157 395 4224 '’[Vide
417 4109 514 4209 ulain.
538 4158 607 4208 Hist.
635 4160 680 4208 lib.
703 4159 778 4210 lxxii.
856 4169 867 4194 ⁹
900 4160 1086 4222 Rom.xiii.4.]

250 4236 304 4287 etp.
316 4226 339 4274 6.
356 4227 417 4273 tom.
430 4224 464 4273 lv.
480 4238 505 4286 p.
518 4226 578 4278 801³
597 4222 640 4272 lib.
653 4237 707 4273 xcv.
723 4238 776 4287 cup.
856 4223 865 4255 ¹
884 4225 963 4289 [Ἀλλ’
972 4224 1145 4285 ὑμεῖςμὲντῦν
1154 4226 1209 4271 siaa
1217 4224 1356 4282 τῆςδκκλτγ

252 4290 290 4337 18.
308 4292 367 4338 tem.
380 4290 414 4338 lv.
436 4303 461 4353 p.
474 4290 545 4342 73³.;
568 4288 612 4337 lib.
625 4288 656 4336 ei.
674 4291 727 4351 esp.
740 4289 778 4337 14.
822 4288 942 4349 clastris
958 4288 1044 4338 birsir
1059 4288 1130 4337 iteris
1144 4289 1188 4335 ded
1201 4290 1356 4336 Ocoiratsa·

250 4356 312 4402 tom.
321 4368 344 4402 v.
356 4368 381 4417 p.
390 4356 436 4412 66;
455 4353 499 4403 lib.
509 4353 560 4402 ciii.
571 4366 624 4418 esp.
633 4354 672 4401 12.
686 4356 747 4402 lom.
755 4367 778 4402 v.
822 4353 924 4412 raptres
942 4352 1071 4404 tatanem
1084 4352 1113 4401 lo
1131 4352 1311 4411 ‹lau-Euseb.
1324 4352 1356 4402 de

250 4430 276 4481 p.
289 4416 359 4480 itu]
823 4416 886 4468 Vita
898 4418 983 4469 Cenat.
995 4418 1040 4467 lib.
1053 4417 1086 4466 iv.
1099 4430 1152 4481 cap.
1164 4417 1203 4465 24.
1215 4430 1240 4481 p.
1250 4415 1320 4479 638]

283 4486 294 4512 e
311 4481 389 4546 [Vide
401 4480 701 4546 &selingui-Cone.
717 4486 778 4532 tom

69 4516 137 4640 l..
