2910 4926
469 277 650 327 emmena
670 278 852 327 emrousro.
1146 263 1208 328 12⁷

109 438 200 502 initio
223 436 374 500 Ecclesia
396 456 492 517 usque
515 437 560 500 ad
583 442 691 500 nostra
717 442 857 519 tenapom
875 435 1113 518 perdurarunt:
1145 442 1210 499 tam

109 541 242 624 antiqui,
258 560 351 621 quom
365 541 496 621 antiqua
512 541 582 622 ipsa
596 539 743 604 Ecclesia
757 546 814 604 est.
861 539 969 605 Quam
983 545 1121 621 anguste
1136 559 1211 603 vero

109 645 193 709 hoc?
216 643 662 708 aChristisaeculotsntuml
685 642 984 728 Juvabo,siplacet,
995 642 1209 707 cardinalem.

108 749 243 812 Namsi
266 747 500 810 considerentur
519 748 703 811 Cardinales
717 753 752 810 ut
772 747 955 829 Presbyteri
976 752 1008 809 et
1029 746 1174 824 Diaconi,
1191 766 1211 807 a

108 852 176 914 Deo
198 853 265 932 ipso
284 851 422 912 instituti
445 857 527 922 sunt,
544 850 603 914 sub
627 851 724 933 Lege.
769 849 905 914 Diaconi
921 848 1009 913 enim
1027 848 1063 912 in
1078 848 1210 928 Levitis,

110 953 296 1039 Presbyteri
318 954 353 1017 in
379 953 614 1017 Sacerdotibus.
659 954 780 1035 ltaque,
797 959 862 1016 tam
879 955 1002 1035 antiqui
1021 959 1102 1032 sunt,
1119 974 1211 1035 quam

110 1058 241 1139 animno
255 1058 325 1138 urso
347 1058 518 1141 Synagoga
532 1063 587 1120 est.
632 1056 704 1121 Nec
725 1056 906 1135 defuerunt,
923 1056 979 1140 qui
1000 1056 1087 1119 ultra
1101 1056 1210 1120 chris-

109 1167 181 1225 tum
197 1167 404 1238 arcesserent,
421 1166 454 1225 et
477 1166 668 1244 argumento
683 1180 750 1223 non
765 1159 914 1223 dissimili
931 1159 1009 1223 olim
1024 1159 1132 1222 idiotis
1146 1161 1212 1222 suis

110 1265 301 1348 persuadere
323 1263 430 1327 conati
452 1271 537 1342 sunt,
554 1264 697 1327 Matrem
714 1262 871 1327 Samuelis
884 1264 1025 1342 Annam,
1042 1263 1081 1327 dc
1099 1263 1211 1326 cardi-

110 1369 233 1432 nalibus
246 1368 452 1452 prophetasse
466 1367 571 1432 verbis
582 1367 673 1446 illis0,
690 1367 820 1432 Domini
833 1372 906 1430 sunt
924 1367 1076 1430 cardines
1091 1366 1210 1430 amad.

112 1472 266 1538 cardines
282 1472 398 1556 (idest)
416 1471 610 1549 Cordinales,
623 1491 718 1554 super
728 1469 845 1555 quibus
857 1470 913 1533 diu
923 1471 1002 1555 jam,
1015 1491 1086 1555 quae
1100 1470 1212 1535 debuit

112 1577 284 1664 quiescere,
307 1558 456 1641 movetur
479 1581 580 1640 terra:
627 1575 736 1659 Magis
766 1576 861 1640 etiam
890 1575 1019 1660 juvabo.
1064 1575 1159 1653 Nam,
1183 1577 1212 1639 si

114 1684 300 1747 Cardinales
324 1688 359 1745 ut
388 1682 525 1744 nomines
550 1680 793 1757 considerentur,
821 1700 842 1742 a
864 1680 932 1743 Deo
955 1680 1022 1762 urso
1048 1680 1082 1742 in
1107 1680 1213 1743 Adam

105 1787 258 1869 plosorati
281 1791 362 1865 sunt,
387 1791 418 1848 et
438 1784 477 1848 ob
505 1782 585 1846 Orbe
609 1782 732 1846 condito
755 1802 850 1864 usque
874 1783 918 1845 od
941 1789 1080 1865 tempora
1104 1789 1213 1846 nostra

104 1889 329 1970 perdurarunt.
365 1888 475 1969 ltaque
487 1893 551 1950 torn
565 1891 638 1949 sunt
653 1884 784 1966 antiqui,
795 1905 887 1965 qnam
902 1885 1047 1966 antiquus
1061 1891 1108 1949 cst
1121 1885 1213 1947 Orbis

111 1993 187 2073 ipse.
233 1992 307 2058 Qua
329 2013 405 2074 ergo
427 1991 591 2054 rationes
607 1988 738 2054 Christo
759 1987 875 2072 potuit,
890 1988 996 2071 potuit
1010 1987 1096 2052 vela
1115 1988 1211 2052 Para-

113 2095 182 2159 diso
195 2117 298 2179 usque
313 2115 480 2159 arcessere.
526 2094 623 2160 Quod
639 2092 665 2156 si
679 2099 799 2171 autem,
814 2097 849 2154 ut
869 2097 956 2156 terro
970 2092 1212 2170 considerentur,

116 2200 187 2282 (nec
202 2198 265 2262 alia
279 2205 430 2263 constant
445 2219 551 2262 massa
564 2197 616 2261 vel
628 2196 823 2278 cardinales)
840 2194 880 2258 ad
895 2194 1036 2279 primum
1049 2197 1213 2261 Geneseos

112 2322 240 2365 versum
262 2303 395 2367 reducat
416 2301 501 2380 licet,
525 2300 582 2364 ubi
597 2302 683 2364 Deus
707 2301 741 2362 in
759 2299 920 2380 prinnabio
945 2299 1063 2363 creauit
1085 2305 1212 2362 terrane.

112 2405 197 2469 Vide
211 2426 295 2485 vero,
307 2427 349 2469 ne
364 2413 397 2470 ct
411 2405 446 2469 id
461 2426 588 2488 quoque
604 2403 645 2468 ad
659 2425 727 2468 rem
743 2403 794 2482 sit,
806 2402 892 2486 quod
902 2427 968 2465 aaut
978 2402 1103 2465 Adonea
1115 2402 1214 2485 (unde

112 2508 234 2572 sulioct
253 2507 428 2572 fabricatus
447 2515 497 2572 est
519 2507 684 2571 hominem
706 2505 857 2591 primum)
876 2513 996 2571 terram
1010 2505 1214 2570 rubicundam

112 2610 280 2696 significet,
293 2611 376 2675 forte
386 2618 494 2675 autem
505 2618 543 2674 ut
556 2610 712 2674 indiceret
723 2609 817 2674 nobis
832 2610 981 2690 colorem,
992 2631 1055 2694 quo
1066 2608 1213 2694 tingendi

113 2715 231 2799 aPepa
245 2712 432 2779 cardinales
448 2713 509 2777 sui.
555 2713 643 2780 Quid
658 2713 746 2777 enim
761 2712 917 2792 obstat,si
932 2713 1166 2777 considerentur
1178 2719 1215 2776 ut

114 2817 305 2900 Presbyteri,
322 2817 401 2901 quin
422 2823 455 2880 et
476 2823 512 2880 ut
534 2818 671 2880 nomines
687 2816 946 2880 considerentur?
989 2817 1078 2881 Nam
1101 2817 1213 2880 cardi-

111 2922 200 2984 nates
221 2921 302 2983 nibil
320 2920 410 2983 aliud
424 2926 506 2999 sunt,
524 2941 616 3002 quam
635 2921 772 2983 borsines
791 2919 954 2983 Electores
975 2925 1006 2983 et
1031 2921 1214 2984 Consiliarii

113 3024 298 3106 Pontificis;
331 3025 397 3107 qui,
423 3024 450 3087 si
475 3031 590 3107 praeter
619 3044 747 3086 sacrum
776 3023 922 3087 ordinem
950 3023 1113 3087 Electores
1136 3024 1212 3103 sint,

113 3134 209 3190 amnt
235 3127 334 3191 etiam
359 3135 476 3210 praeter
500 3148 627 3190 sacrum
656 3126 803 3191 ordinem
831 3126 1065 3192 considerandi.
1118 3129 1214 3192 Sacer
1310 3123 1313 3128 ’

113 3229 192 3295 ordo
202 3229 389 3295 cardinales
402 3251 470 3294 non
484 3230 561 3294 facit
569 3256 579 3307 ς
601 3229 720 3314 (plures
730 3229 817 3293 enim
828 3229 948 3295 feceret
958 3252 1055 3313 quam
1065 3252 1124 3314 par
1132 3237 1182 3295 est
1187 3232 1210 3314 3)

115 3333 213 3398 Sacer
229 3333 307 3398 ordo
326 3334 421 3417 proin
440 3333 476 3397 in
499 3331 724 3398 cardinalibus
743 3331 1004 3412 considerandus,
1019 3354 1087 3397 non
1110 3333 1213 3417 magis

114 3457 212 3519 quam
228 3437 419 3500 Humanum
433 3457 545 3520 genus.

156 3535 189 3603 2.
217 3539 339 3603 Electio
365 3538 531 3620 Pontificio
555 3544 633 3616 erat,
660 3558 732 3621 quae
757 3536 835 3602 olim
861 3536 991 3620 quidem
1010 3536 1213 3602 cardinalem

113 3663 182 3707 non
205 3643 383 3722 constituit,
404 3643 474 3726 jam
500 3639 677 3705 constituit.
729 3639 804 3719 Sed,
825 3640 877 3704 vel
902 3639 947 3704 sic
972 3640 1003 3704 ei
1027 3639 1084 3704 ilia
1108 3639 1214 3705 ducit⁶

114 3753 356 3829 argumentum.
403 3746 477 3810 Hac
502 3744 589 3808 enim
613 3745 642 3807 si
666 3744 910 3824 considerentur,
937 3765 1000 3827 qua
1023 3744 1214 3810 Pontificem

51 3888 59 3900 ·
114 3848 292 3932 elegemnt,
323 3849 483 3912 irruerent
519 3848 617 3911 nimis
649 3847 756 3927 multi,
787 3868 892 3912 omnes
920 3848 1042 3913 scilicet
1071 3850 1106 3912 in
1134 3869 1215 3913 corn-

114 3952 200 4014 muni
225 3950 316 4015 urbis
340 3950 525 4036 Presbyteri
550 3956 583 4014 ct
603 3950 751 4030 Diaconi,
776 3957 845 4014 tam
868 3951 993 4035 putati,
1019 3973 1116 4036 quam
1138 3975 1214 4037 pur-

114 4053 240 4137 purati:
271 4061 427 4118 cresceret
451 4075 606 4118 numerus
632 4055 735 4119 nimio
757 4054 830 4138 plus
854 4076 951 4138 quam
976 4077 1044 4140 per.
1099 4058 1213 4141 Apage

114 4178 199 4238 vero,
223 4179 291 4222 non
315 4157 421 4242 placet
446 4158 640 4222 considerari
663 4165 733 4222 tam
758 4159 889 4223 multos.
935 4160 1007 4223 Nec
1031 4160 1214 4243 Presbyteri

148 4377 158 4400 ‘
175 4367 254 4433 [Vide
274 4367 435 4419 Jacobstium
457 4367 490 4419 de
512 4368 642 4430 (tenalliis,
720 4369 731 4400 ⁴
750 4372 762 4419 1
776 4368 843 4420 Sem.
857 4371 895 4435 [al
963 4369 980 4435 .]
992 4371 1020 4421 ii.
1032 4373 1055 4421 8.

115 4432 159 4482 lib.
172 4434 188 4483 i.
213 4436 225 4494 ς
244 4432 283 4482 De
302 4432 558 4485 circinat—concil.
582 4438 642 4484 tom.
720 4443 731 4466 ⁰
748 4433 796 4498 [ct.
808 4434 871 4486 Hor.
883 4435 929 4500 llp.
956 4472 962 4484 .
976 4437 997 4484 1.
1010 4434 1044 4500 9.]

115 4498 178 4547 xvii.
189 4511 214 4560 p.
222 4499 262 4546 22.
273 4497 320 4547 ool.
334 4500 356 4548 1.
369 4497 408 4562 0.]
532 4514 537 4519 ·
