2910 4926
245 253 308 317 138
558 267 601 315 an
623 265 813 315 eannrumrs
835 263 1034 313 emmunim

242 422 396 501 attrahat,
418 428 515 505 atque
536 443 648 486 omnes
671 422 712 486 ad
733 422 895 486 Diaconos
917 441 1019 505 usque
1037 416 1256 496 triobolaresl,
1272 440 1347 483 oum

241 525 439 609 paramentis
463 524 529 588 auis
551 524 695 602 sordidis,
719 546 816 609 supra
836 525 1005 602 caesarem,
1029 531 1062 586 et
1078 524 1183 607 Reges
1200 523 1346 601 collocet,

132 670 135 675 -
243 630 349 712 Reges
371 634 490 706 autem,
514 633 547 692 et
570 629 730 693 Caesarem
754 627 927 693 consistere
949 626 1063 712 jubeat
1089 626 1178 708 infra
1200 626 1347 691 subsellia

242 731 469 813 Episcoporam
479 759 488 794 :
499 738 592 796 entra
602 733 715 796 sedilia
718 733 972 815 presbyterorum
981 756 992 795 .·
1002 731 1242 814 potandospost
1252 732 1346 795 Mar-

243 836 302 899 tini
309 835 538 917 presbyteram,
554 858 574 899 a
592 837 803 918 chrysostomi
812 838 954 901 Dicam
970 832 1175 900 coecmdosi.

274 972 348 1033 Quod
359 988 417 1024 reru
433 972 510 1038 [apud
526 973 735 1038 iurisconsultus]
752 974 804 1025 diei
819 974 891 1035 solet,
903 972 1049 1024 cnrdinules
1065 973 1216 1036 aequiparari
1227 972 1348 1035 Regibus,

307 1055 339 1107 de
352 1060 457 1106 externo
469 1057 547 1116 cultu,
558 1057 689 1108 ethonore
705 1057 903 1120 intelligendum
914 1057 1021 1107 videtur.
1056 1055 1122 1105 Usus
1138 1056 1207 1105 enirn
1224 1055 1347 1113 obtinuit,

306 1145 337 1189 ut
359 1140 573 1205 quemadmodum
591 1141 722 1204 Principes
744 1155 832 1190 omnes
854 1140 966 1203 Regibus
987 1137 1088 1199 cedunt,
1105 1139 1141 1186 sic
1160 1138 1239 1187 etiam
1255 1136 1347 1186 cedant

306 1222 491 1284 cardinalibus,
507 1228 534 1273 et
550 1224 578 1272 in
594 1222 641 1272 hoc
658 1222 754 1286 paritas
770 1221 887 1285 quaedam
904 1236 956 1272 esse
973 1217 1189 1282 videtur—[Bell.
1207 1219 1282 1283 Apol.
1300 1233 1347 1282 pro

307 1303 392 1369 Bosp]
404 1320 428 1369 p.
437 1307 476 1355 39.
488 1304 556 1369 [Ορ.,
567 1308 628 1354 tom.
636 1304 682 1354 vii.
693 1303 740 1353 ool.
753 1303 809 1354 tas.
822 1301 860 1366 c]

78 1417 222 1484 [elumbe
284 1404 341 1482 At,
365 1404 419 1487 qui
443 1403 483 1467 de
500 1409 657 1486 potestate
683 1403 846 1484 temporali
869 1406 1018 1479 cesserat,
1041 1400 1082 1464 de
1102 1401 1215 1463 honore
1234 1405 1346 1462 tamen

78 1488 214 1613 ffitjm’
242 1509 406 1590 temporeli
428 1529 495 1571 non
514 1507 600 1572 cedit
622 1508 710 1591 jam:
742 1506 782 1570 de
807 1527 870 1590 quo
895 1505 1131 1586 intellipendam
1154 1503 1278 1567 videtur
1303 1502 1343 1579 ei,

243 1611 329 1695 quod
344 1611 383 1674 de
398 1612 613 1674 cardinalium
624 1610 851 1692 equiaolteatie
863 1607 996 1672 dixerat.
1034 1607 1156 1672 Mirum
1170 1627 1245 1669 vero
1252 1607 1347 1688 pari-

242 1720 338 1778 tatem
352 1714 405 1779 hic
419 1714 481 1778 sibi
502 1714 597 1798 fingit
605 1739 614 1790 ς
638 1734 765 1797 nempe,
781 1718 816 1775 at
838 1713 912 1794 qaia
927 1712 1092 1793 Principes
1106 1710 1220 1791 reliqui
1240 1709 1345 1793 (peta,

242 1817 324 1883 sacri
347 1818 486 1883 Romam
510 1817 644 1901 Imperii
669 1817 844 1895 Electores,
868 1814 1056 1899 reliquique,
1082 1814 1139 1898 qui
1164 1834 1185 1876 a
1210 1813 1347 1894 Reqilrus

243 1922 377 1987 secundi
399 1929 485 2000 sunt,
502 1921 679 2004 Principes)
697 1923 745 1984 ati
761 1921 897 2003 Repilas
919 1921 1041 1998 cedant,
1057 1921 1170 1983 cedant
1184 1924 1216 1982 et
1233 1918 1346 2002 cardi-

241 2026 383 2100 ualidam
411 2026 595 2089 Cardinales
610 2046 650 2089 ee
660 2047 695 2090 eo
709 2027 830 2103 saltem,
846 2032 877 2089 et
890 2026 1000 2107 Reqes,
1021 2026 1154 2107 equales
1170 2024 1244 2087 sint.
1292 2024 1347 2088 Sic

242 2138 350 2194 autem
366 2131 431 2209 fiet,
447 2138 484 2194 ut
501 2130 771 2215 quemadmodum
790 2132 923 2194 cmnites
933 2128 1112 2208 omnes,uti
1125 2127 1345 2191 Gordiani-ibus

241 2231 370 2310 cedunt,
387 2233 432 2296 sic
448 2232 546 2297 etiam
566 2233 685 2297 cedunt
705 2233 915 2313 Principibus,
931 2253 1023 2316 pares
1046 2232 1111 2295 sint
1133 2251 1172 2294 ex
1194 2251 1232 2295 eo
1247 2230 1346 2292 Pria·

241 2337 325 2417 cipes
344 2343 378 2400 et
396 2337 590 2414 cardinales,
614 2336 679 2419 qui,
700 2337 769 2420 jum
784 2336 889 2414 modo,
909 2337 1055 2417 imperes.
1102 2334 1166 2414 Sic,
1182 2334 1257 2417 quia
1277 2335 1343 2397 Ba·

240 2460 332 2503 renes
357 2460 470 2503 omnes
493 2439 613 2504 cedunt
640 2440 817 2518 comitibus,
841 2441 970 2524 utrique
992 2441 1112 2505 cedunt
1134 2439 1344 2520 Principibus,

240 2543 414 2623 Principes,
438 2549 471 2605 et
495 2543 627 2605 Comites
645 2543 863 2626 parificentur.
908 2544 979 2608 Nec
1002 2543 1037 2606 in
1059 2543 1228 2624 Republica
1249 2542 1345 2606 modo

239 2642 318 2708 hoe:
336 2644 393 2708 sed
408 2651 440 2708 et
455 2645 489 2707 in
501 2646 656 2708 Ecclesia.
687 2646 785 2725 Nam,
799 2646 1069 2729 quemadmodum
1083 2646 1219 2709 Diaeom
1233 2666 1345 2709 omnes

239 2747 405 2829 Episcopis
429 2749 560 2827 cedunt,
584 2750 631 2813 ita
653 2749 749 2813 etium
776 2750 894 2814 cedunt
916 2750 1132 2833 presbyteris:
1150 2749 1279 2831 paritas
1302 2748 1345 2811 sit

239 2850 326 2915 inter
339 2853 540 2933 presbyteros
557 2858 590 2915 et
612 2853 793 2934 Episcopus.
838 2854 1033 2937 Prosequere
1055 2875 1130 2917 vero
1154 2853 1346 2934 beccique

241 2953 398 3018 descende
424 2962 582 3038 quantum
606 2956 704 3030 voles,
727 2956 768 3019 ad
796 2957 928 3020 Ordines
951 2957 1056 3020 adhue
1079 2955 1264 3019 inferiores:
1289 2956 1346 3018 fiet

239 3058 371 3121 tandem
387 3058 418 3122 vi
432 3059 552 3142 regule
571 3059 658 3140 (Qae
678 3060 776 3122 eidem
794 3062 886 3123 tertio
910 3062 1042 3142 equales
1058 3065 1140 3137 sant,
1163 3064 1194 3121 et
1216 3059 1299 3120 inter
1312 3078 1345 3120 se

238 3166 311 3223 sant
333 3162 476 3243 equalia)
495 3168 534 3224 ut
549 3161 606 3224 imi
622 3161 747 3240 mediis,
764 3163 860 3225 medii
876 3163 1020 3241 summis,
1036 3162 1169 3226 tandem
1185 3168 1294 3224 autem
1311 3167 1344 3223 et

238 3262 296 3327 imi
312 3264 447 3328 summis
462 3264 709 3348 aequiparentur,
725 3286 808 3329 nova
826 3266 887 3328 hac
908 3267 976 3349 ejus
996 3265 1151 3349 paritate:
1175 3271 1271 3347 atque
1287 3263 1343 3339 ita,

239 3367 419 3433 cardinalis
449 3369 581 3433 tandem
605 3369 717 3432 evadat
744 3368 778 3431 in
800 3368 1003 3432 Puritanum.
1049 3369 1166 3450 Neque
1186 3387 1261 3429 vcro
1282 3365 1344 3427 hoe

238 3472 326 3552 apad
337 3472 581 3536 Jariseoasattos
596 3474 659 3535 dici
673 3473 760 3550 solet,
773 3471 836 3536 nisi
848 3470 1057 3535 canonistam
1071 3492 1174 3533 unum
1189 3469 1272 3532 forte
1288 3474 1344 3530 aut

239 3572 376 3638 alterum
387 3573 411 3653 k,
428 3576 647 3639 cardinalium
667 3575 843 3659 parasitos;
867 3596 971 3657 neque
992 3575 1095 3637 donec
1109 3593 1183 3635 anas
1199 3572 1343 3648 obtinuit,

239 3677 358 3740 abusus
373 3678 478 3760 potius
493 3677 635 3756 inolevit,
648 3679 819 3761 uRegibus
834 3677 927 3742 facile
948 3677 1015 3760 (ubi
1026 3677 1070 3741 sic
1085 3676 1231 3740 animum
1246 3672 1343 3738 habe·

238 3777 333 3860 bunt)
359 3778 548 3842 abolendus.
595 3780 717 3844 Saltem
740 3803 879 3864 aequum,
895 3787 933 3844 ut
952 3781 1112 3865 fugientes
1135 3779 1191 3862 qui
1214 3785 1344 3840 secutus

239 3887 288 3943 est
309 3880 421 3959 honor,
443 3882 546 3966 fugiat
566 3883 793 3966 insequentes;
817 3891 850 3949 et
867 3884 949 3948 sieut
965 3884 1090 3947 delatus
1106 3890 1156 3946 est
1172 3902 1238 3946 non
1253 3879 1344 3943 avide

238 3983 473 4066 appetentibus,
489 3985 534 4048 ita
550 3992 617 4048 tam
641 3985 753 4050 acerbe
768 3987 971 4070 exigentibus
987 3986 1185 4049 detrahatur.
1232 3981 1343 4045 Dixin’

241 4085 364 4167 (lector)
383 4085 423 4149 ab
447 4086 541 4150 initio
564 4088 710 4169 lars-praere
733 4089 962 4152 cardinalem?
1010 4089 1091 4152 Haec
1112 4087 1210 4161 illius,
1231 4086 1343 4146 censeo

239 4188 507 4271 distinpaendam:
541 4190 665 4252 videtar
690 4192 942 4273 intellipendam:
960 4192 1088 4272 parites
1114 4189 1253 4271 qaedam
1279 4206 1345 4248 esse

270 4359 282 4393 ¹¹
299 4361 620 4427 [pausemitanae.
633 4362 766 4413 etErasm.
843 4361 854 4395 ¹¹
872 4362 921 4427 [Do
944 4362 1117 4413 Cardinalium
1139 4365 1165 4411 et
1192 4373 1281 4421 regum
1304 4373 1345 4421 pa

811 4429 894 4486 ritate,
910 4428 940 4476 ct.
951 4428 1064 4477 iaccbat.
1083 4427 1114 4476 de
1130 4426 1258 4483 conciliis,
1269 4423 1313 4472 lib.
1328 4424 1344 4471 i.

237 4425 470 4556 Affiqdelissgm,
487 4506 512 4557 P·
525 4493 580 4542 ¹22·
591 4492 655 4557 ted]
811 4508 835 4557 p.
848 4496 888 4544 39.
901 4492 929 4544 Β.
942 4493 988 4543 eol.
1002 4492 1156 4543 2.-coneil.
1169 4497 1230 4541 tom.
1242 4486 1315 4550 xvii]
