2910 4926
431 289 613 339 monacum
635 288 816 338 amrousro.
1107 277 1172 342 397

106 449 255 501 Communis
276 447 402 512 cxposItio
424 444 611 497 catholicorum
633 450 746 496 vetemm
767 448 814 509 est,
833 445 881 497 Por
897 445 1037 497 Draconem
1059 447 1172 510 intelligi

139 529 289 580 Diabolum:
314 543 359 592 por
379 528 489 592 priorem
512 526 628 587 bostiam,
651 527 842 577 universitatem
863 526 1016 591 implorum:
1034 541 1080 590 par
1097 532 1173 592 caput

139 610 214 675 hujus
229 611 316 661 liertiae
327 605 436 659 occisum
447 612 474 658 et
488 608 646 668 reviviscens,
658 607 861 658 antichristum.
874 644 880 658 .
893 645 899 658 .
912 624 933 658 ,ι
950 622 995 671 par
1008 607 1172 673 posteriorem

139 692 248 742 beotiam
269 689 446 755 predicatores
465 691 492 739 et
513 689 648 752 Apostolos
669 688 957 741 Antichrist‘u....l)a
976 688 1125 741 chamum
1146 696 1174 741 et

140 787 245 823 numero
263 770 375 821 nominis
392 785 447 821 rem
464 769 515 820 iore
534 769 657 830 sumum,
674 774 701 820 et
718 770 884 833 incognitam,
903 770 982 821 donec
998 769 1173 822 Antichristus

140 853 374 921 apparat-[Bell
383 852 458 917 Apol
469 866 515 917 pro
527 849 612 916 Resp]
623 867 648 916 p.
656 855 712 902 158.
724 850 861 917 [Op.,tom.
869 852 913 902 rii.
925 851 971 903 col.
980 853 1036 905 793.
1048 851 1076 903 0.
1084 851 1130 917 D.]

119 956 198 1020 Post
221 953 288 1038 agit
308 953 527 1036 interpretem.
572 952 617 1016 Et
631 952 665 1015 in
682 952 828 1017 Dracone
850 951 1017 1016 Diabolum
1039 953 1173 1036 intellipi
1187 959 1332 1025 [Quomodo

66 1059 168 1141 jubet,
184 1059 218 1122 in
233 1058 343 1140 priore
358 1056 467 1120 Bestia
481 1055 713 1119 universitatem
726 1057 900 1138 impioram,
912 1057 1059 1139 incapite
1073 1039 1309 1155 ocemoffiffm'

77 1170 107 1227 et
128 1163 327 1226 reviviscente
351 1160 601 1223 antichristum.-
624 1160 658 1222 iu
675 1161 851 1242 posteriore
871 1161 982 1224 Bestia
1007 1161 1174 1243 Apostolos

76 1267 276 1331 Antichristi.
325 1266 413 1330 Nam
443 1264 483 1328 de
510 1265 691 1328 charactere
723 1264 771 1347 (ut
800 1264 937 1347 videmr)
969 1287 1036 1330 non
1064 1265 1175 1349 liquet.

77 1371 255 1435 Videamus
268 1369 346 1453 jam,
363 1367 440 1451 quid
455 1366 741 1450 huicExpositioni
755 1367 945 1447 cardinalis,
961 1375 994 1432 et
1010 1368 1087 1452 quid
1101 1390 1176 1433 nos-

77 1483 136 1539 trae
159 1473 267 1557 Regis,
293 1471 433 1536 intersit.
478 1471 557 1534 Non
578 1469 625 1534 ita
647 1471 786 1534 multum
801 1470 1019 1555 discrepantes
1039 1472 1176 1556 reperiet

78 1577 205 1654 Lector,
228 1575 316 1659 quin,
337 1574 364 1637 si
384 1572 563 1638 Cardinalis
589 1573 674 1636 hanc
700 1573 1019 1658 admittat„chiam
1045 1576 1177 1659 rejicere

78 1701 145 1744 non
165 1679 275 1764 possit.
321 1677 480 1743 Convenit
500 1677 534 1739 in
553 1676 698 1749 Dracone
712 1677 879 1740 Diabolum
896 1677 1042 1761 intelligi.
1090 1678 1177 1746 Quid

77 1785 163 1848 euim
194 1805 260 1848 non
285 1781 455 1847 conveniat
485 1781 546 1846 hoa
574 1781 659 1845 inter
687 1781 913 1846 Christianos?
957 1782 1115 1866 Expressa
1143 1782 1176 1846 id

78 1887 196 1951 dicium
217 1886 254 1950 in
272 1886 381 1968 Capite
402 1883 623 1961 antecedente,
647 1884 793 1947 Dracone
815 1883 984 1947 Diabolum
1007 1885 1176 1969 designari.

79 1993 219 2055 Bestiam
244 1981 448 2072 septicipitem
476 1987 554 2072 poni
577 1989 647 2052 vult
669 2009 733 2071 pro
757 1991 960 2053 universitate
981 1991 1176 2073 impiorum
1218 2068 1222 2078 Ι

79 2095 151 2159 Neo
168 2094 308 2157 multum
324 2093 394 2156 Rex
417 2090 540 2170 abnuit,
563 2091 687 2155 addidit
708 2091 813 2172 modo,
830 2113 903 2156 cum
920 2100 1003 2157 esset
1022 2102 1092 2158 tum
1107 2096 1176 2158 ani·

78 2199 210 2261 caritas
238 2197 294 2260 illa
318 2195 377 2260 sub
401 2196 540 2258 Romano
565 2196 709 2277 Imperio,
735 2205 821 2260 recte
841 2197 876 2260 in
901 2199 1102 2261 universitate
1123 2198 1179 2262 illo

80 2303 219 2366 Romam
238 2298 383 2383 exprimi.
428 2299 491 2362 Per
513 2304 627 2379 septem
645 2299 758 2381 Capita
777 2299 883 2382 (unico
902 2300 958 2365 illo
978 2309 1119 2384 excepto,
1138 2301 1179 2365 de

79 2426 143 2488 quo
157 2403 264 2467 minus
278 2401 452 2486 convenit),
469 2422 523 2465 sex
545 2401 676 2485 reliquis
701 2422 767 2480 sea,
789 2424 860 2486 quse
879 2402 915 2466 in
930 2405 1034 2468 Roma
1047 2425 1179 2488 praeces·

80 2519 197 2586 serant,
213 2508 329 2591 (Roma
340 2505 439 2570 etiam
448 2505 599 2587 Etluico)
612 2504 903 2588 repimiuissornras
913 2505 1057 2571 indicari.
1087 2507 1180 2571 Pres-

80 2612 146 2676 sius
171 2619 280 2675 autem
303 2610 424 2689 hoc,'et
446 2609 548 2692 magis
570 2608 611 2673 ad
633 2616 783 2673 naturam
803 2610 947 2689 Vrsionis,
965 2633 1061 2694 quam
1083 2611 1180 2694 siquis

81 2715 127 2779 sic
140 2713 309 2778 indefinite
331 2721 427 2796 atque
448 2712 634 2776 indistincte
657 2713 771 2796 capiat,
790 2734 848 2797 pro
862 2715 1027 2796 impiarum
1041 2716 1178 2804 colluvie.

82 2819 155 2882 Hoc
177 2817 268 2882 nobis
291 2816 447 2880 indicium
472 2816 548 2881 fecit
570 2817 679 2879 Bestia
701 2815 787 2900 apud
808 2816 977 2886 Danielem
998 2839 1066 2882 non
1089 2817 1178 2881 dissi·

81 2921 176 3000 milis,
193 2941 286 3004 aquo
296 2921 437 2983 loannes
452 2918 603 2983 formulas
616 2918 769 3002 loquendi
783 2940 851 2983 non
859 2919 993 2985 obscure
1001 2928 1178 2985 mutuatim.

80 3024 176 3089 Illum
194 3044 269 3088 vero
292 3023 376 3107 apud
391 3022 560 3087 Danielem
576 3022 684 3084 Pordo
703 3022 835 3085 mmilm
848 3022 999 3101 Bestiam,
1015 3023 1066 3086 cui
1082 3024 1180 3105 pedes

80 3129 157 3205 ursi,
173 3148 208 3191 os
221 3125 344 3205 Leonis,
369 3146 465 3189 nemo
484 3123 581 3208 (quod
601 3123 709 3205 snam)
733 3123 891 3207 interpres
910 3124 1012 3202 aliter,
1028 3147 1123 3209 quam
1139 3125 1180 3189 de

79 3231 269 3294 Monorclvio
295 3229 410 3312 aliqua,
440 3228 671 3310 interpretatus
696 3232 745 3291 est
770 3247 924 3310 unquam.
968 3229 1047 3292 Non
1072 3235 1180 3292 sutem

80 3332 248 3415 quisquam
269 3331 316 3394 ita
338 3328 445 3408 crude,
461 3336 499 3393 ut
521 3329 686 3410 impiorum
707 3329 927 3413 nescioquam
949 3331 1181 3394 universitatem

81 3435 259 3499 denotaret.
314 3432 412 3497 Unde
442 3432 584 3496 loannes
612 3431 773 3515 loquendi,
805 3432 881 3496 inde
911 3433 1086 3516 desumpsit
1112 3435 1180 3497 Rex

80 3537 312 3620 interpretandi
333 3535 486 3599 formulas
508 3555 590 3613 suas,
606 3554 735 3618 opernm
754 3534 789 3597 in
810 3554 849 3599 eo
871 3556 961 3598 suam
977 3555 1068 3619 aequo
1083 3535 1182 3600 cuivis

80 3640 193 3705 lectori
216 3639 418 3724 probaturus.
467 3639 577 3719 Capul,
598 3637 681 3720 quod
696 3638 830 3701 occisum
847 3639 962 3720 primo,
979 3644 1121 3702 curatum
1135 3645 1181 3703 est

80 3744 190 3821 denuo,
206 3741 288 3824 Regi
303 3749 361 3818 est,
378 3747 427 3804 est
444 3748 478 3804 et
493 3724 665 3819 cardinali,
681 3740 912 3805 Antichristus.
958 3743 1070 3806 Unum
1085 3743 1182 3807 modo

82 3846 261 3910 dncmmeu.
307 3843 463 3908 Fabulam
481 3843 568 3907 enim
589 3843 642 3908 hic
656 3843 773 3926 occipit
788 3844 977 3923 cardinalis,
993 3853 1026 3909 et
1046 3846 1181 3930 figmen-

81 3958 153 4012 tum
172 3968 308 4025 merum,
329 3947 369 4010 de
388 3945 470 4026 fleta
490 3952 594 4010 morte
614 3945 815 4026 Antichristi,
834 3946 916 4028 ficta
939 3951 1179 4014 resurrectione.

82 4052 165 4119 Quis
193 4051 326 4115 taudem
360 4050 421 4113 hoo
450 4048 498 4113 illi
527 4047 712 4132 expedivit?
763 4049 844 4117 Quos
873 4051 1020 4136 expedire
1049 4053 1179 4136 potuit?

82 4155 310 4235 Prophetarum
336 4174 415 4236 opus
440 4151 512 4230 hoo,
539 4173 606 4216 non
632 4153 775 4216 Patrum.
820 4153 893 4218 Nec
918 4155 1005 4218 enim
1030 4161 1080 4219 tot
1106 4164 1181 4219 ante

82 4257 268 4320 catenariis
277 4276 373 4338 quam
387 4262 581 4332 nasceretur,
597 4254 780 4318 mortalium
795 4255 866 4338 quis
874 4257 1043 4322 vaticinari
1056 4257 1180 4340 poturit:

82 4380 141 4424 nec
164 4380 238 4423 cum
267 4366 362 4423 natus
387 4360 457 4443 jam
480 4366 539 4435 est,
565 4363 634 4421 arte
659 4357 726 4447 ulla
750 4358 799 4422 vel
818 4359 979 4442 Astrolopi
1000 4360 1181 4443 praedicere,

436 4481 437 4485 ’
483 4494 595 4560 qvas
605 4493 679 4557 uris
689 4509 715 4559 p.
726 4493 794 4558 roa]
