<?xml version="1.0" encoding="UTF-8"?>
<!DOCTYPE html PUBLIC "-//W3C//DTD XHTML 1.0 Transitional//EN"
    "http://www.w3.org/TR/xhtml1/DTD/xhtml1-transitional.dtd">
<html xmlns="http://www.w3.org/1999/xhtml" xml:lang="en" lang="en">
 <head>
  <title>
</title>
<meta http-equiv="Content-Type" content="text/html;charset=utf-8" />
  <meta name='ocr-system' content='tesseract 3.04.00' />
  <meta name='ocr-capabilities' content='ocr_page ocr_carea ocr_par ocr_line ocrx_word'/>
</head>
<body>
  <div class='ocr_page' id='page_1' title='image "./responsioadapol00andrgoog_0080.png"; bbox 0 0 2910 4926; ppageno 0'>
   <div class='ocr_carea' id='block_1_1' title="bbox 464 274 1214 341">
    <p class='ocr_par' dir='ltr' id='par_1_1' title="bbox 464 274 1214 341">
     <span class='ocr_line' id='line_1_1' title="bbox 464 274 1214 341; baseline -0.004 -2"><span class='ocrx_word' id='word_1_1' title='bbox 464 290 648 340; x_wconf 78' lang='lat' dir='ltr'>arouoonn</span> <span class='ocrx_word' id='word_1_2' title='bbox 668 291 850 341; x_wconf 80' lang='lat' dir='ltr'>nesronsro.</span> <span class='ocrx_word' id='word_1_3' title='bbox 1169 274 1214 336; x_wconf 83' lang='lat'>37</span> 
     </span>
    </p>
   </div>
   <div class='ocr_carea' id='block_1_2' title="bbox 102 445 1355 1049">
    <p class='ocr_par' dir='ltr' id='par_1_2' title="bbox 102 445 1355 739">
     <span class='ocr_line' id='line_1_2' title="bbox 104 445 1355 533; baseline 0 -26"><span class='ocrx_word' id='word_1_4' title='bbox 104 445 206 508; x_wconf 72' lang='lat' dir='ltr'>uictas</span> <span class='ocrx_word' id='word_1_5' title='bbox 232 452 334 523; x_wconf 83' lang='lat' dir='ltr'>vocat,</span> <span class='ocrx_word' id='word_1_6' title='bbox 359 447 475 531; x_wconf 84' lang='lat' dir='ltr'>quibus</span> <span class='ocrx_word' id='word_1_7' title='bbox 498 457 608 512; x_wconf 89' lang='lat' dir='ltr'>tamen</span> <span class='ocrx_word' id='word_1_8' title='bbox 637 448 781 532; x_wconf 84' lang='lat' dir='ltr'>(scilicet)</span> <span class='ocrx_word' id='word_1_9' title='bbox 806 471 880 512; x_wconf 92' lang='lat' dir='ltr'>cum</span> <span class='ocrx_word' id='word_1_10' title='bbox 904 448 1037 512; x_wconf 58' lang='lat' dir='ltr'>Calvino</span> <span class='ocrx_word' id='word_1_11' title='bbox 1062 469 1120 512; x_wconf 88' lang='lat' dir='ltr'>suo</span> <span class='ocrx_word' id='word_1_12' title='bbox 1145 468 1211 511; x_wconf 90' lang='lat' dir='ltr'>non</span> <span class='ocrx_word' id='word_1_13' title='bbox 1225 457 1355 533; x_wconf 65' lang='lat' dir='ltr'>[Calvinus</span> 
     </span>
     <span class='ocr_line' id='line_1_3' title="bbox 103 538 1354 652; baseline 0.002 -40"><span class='ocrx_word' id='word_1_14' title='bbox 103 550 264 628; x_wconf 73' lang='lat' dir='ltr'>convenit,</span> <span class='ocrx_word' id='word_1_15' title='bbox 289 551 422 615; x_wconf 76' lang='lat' dir='ltr'>Calvino</span> <span class='ocrx_word' id='word_1_16' title='bbox 444 574 510 616; x_wconf 91' lang='lat' dir='ltr'>uon</span> <span class='ocrx_word' id='word_1_17' title='bbox 532 553 668 635; x_wconf 86' lang='lat' dir='ltr'>plaeere,</span> <span class='ocrx_word' id='word_1_18' title='bbox 692 559 728 616; x_wconf 80' lang='lat' dir='ltr'>ut</span> <span class='ocrx_word' id='word_1_19' title='bbox 750 555 832 616; x_wconf 77' lang='lat' dir='ltr'>elluo</span> <span class='ocrx_word' id='word_1_20' title='bbox 854 555 942 616; x_wconf 76' lang='lat' dir='ltr'>honio</span> <span class='ocrx_word' id='word_1_21' title='bbox 963 554 1088 616; x_wconf 82' lang='lat' dir='ltr'>dicotur</span> <span class='ocrx_word' id='word_1_22' title='bbox 1112 553 1212 633; x_wconf 83' lang='lat' dir='ltr'>Caput</span> <span class='ocrx_word' id='word_1_23' title='bbox 1225 539 1281 652; x_wconf 44' lang='lat' dir='ltr'>{a}</span> <span class='ocrx_word' id='word_1_24' title='bbox 1295 538 1354 586; x_wconf 67' lang='lat'>&#39;⁹³⁰&#39;</span> 
     </span>
     <span class='ocr_line' id='line_1_4' title="bbox 102 653 1212 739; baseline 0.002 -24"><span class='ocrx_word' id='word_1_25' title='bbox 102 653 263 731; x_wconf 59' lang='lat' dir='ltr'>Eirene,</span> <span class='ocrx_word' id='word_1_26' title='bbox 290 674 329 717; x_wconf 84' lang='lat' dir='ltr'>ne</span> <span class='ocrx_word' id='word_1_27' title='bbox 357 655 559 717; x_wconf 64' lang='lat' dir='ltr'>ministeriale</span> <span class='ocrx_word' id='word_1_28' title='bbox 593 656 722 736; x_wconf 81' lang='lat' dir='ltr'>quidem.</span> <span class='ocrx_word' id='word_1_29' title='bbox 784 657 880 719; x_wconf 82' lang='lat' dir='ltr'><strong>Certe</strong></span> <span class='ocrx_word' id='word_1_30' title='bbox 909 678 976 719; x_wconf 91' lang='lat' dir='ltr'>non</span> <span class='ocrx_word' id='word_1_31' title='bbox 1002 655 1116 739; x_wconf 82' lang='lat' dir='ltr'>placet,</span> <span class='ocrx_word' id='word_1_32' title='bbox 1149 674 1212 738; x_wconf 90' lang='lat' dir='ltr'>quo</span> 
     </span>
    </p>

    <p class='ocr_par' dir='ltr' id='par_1_3' title="bbox 104 757 1213 842">
     <span class='ocr_line' id='line_1_5' title="bbox 104 757 1213 842; baseline 0.001 -24"><span class='ocrx_word' id='word_1_33' title='bbox 104 777 202 819; x_wconf 83' lang='lat' dir='ltr'>sensu</span> <span class='ocrx_word' id='word_1_34' title='bbox 232 758 318 841; x_wconf 83' lang='lat' dir='ltr'>Papa</span> <span class='ocrx_word' id='word_1_35' title='bbox 339 757 429 821; x_wconf 87' lang='lat' dir='ltr'>vobis</span> <span class='ocrx_word' id='word_1_36' title='bbox 458 759 558 840; x_wconf 80' lang='lat' dir='ltr'>Capul</span> <span class='ocrx_word' id='word_1_37' title='bbox 581 760 784 822; x_wconf 65' lang='lat' dir='ltr'>ministeriale</span> <span class='ocrx_word' id='word_1_38' title='bbox 809 758 943 823; x_wconf 88' lang='lat' dir='ltr'>dicitur:</span> <span class='ocrx_word' id='word_1_39' title='bbox 975 767 1008 822; x_wconf 86' lang='lat' dir='ltr'>at</span> <span class='ocrx_word' id='word_1_40' title='bbox 1031 780 1094 842; x_wconf 91' lang='lat' dir='ltr'>quo</span> <span class='ocrx_word' id='word_1_41' title='bbox 1117 778 1213 820; x_wconf 84' lang='lat' dir='ltr'>seusu</span> 
     </span>
    </p>

    <p class='ocr_par' dir='ltr' id='par_1_4' title="bbox 104 860 1211 1049">
     <span class='ocr_line' id='line_1_6' title="bbox 104 860 1211 946; baseline 0 -25"><span class='ocrx_word' id='word_1_42' title='bbox 104 860 186 921; x_wconf 83' lang='lat' dir='ltr'>Saul</span> <span class='ocrx_word' id='word_1_43' title='bbox 206 861 305 941; x_wconf 81' lang='lat' dir='ltr'>Caput</span> <span class='ocrx_word' id='word_1_44' title='bbox 329 862 474 924; x_wconf 72' lang='lat' dir='ltr'>Triduum</span> <span class='ocrx_word' id='word_1_45' title='bbox 491 863 619 939; x_wconf 44' lang='lat' dir='ltr'>Israel&amp;</span> <span class='ocrx_word' id='word_1_46' title='bbox 637 870 733 946; x_wconf 86' lang='lat' dir='ltr'>atque</span> <span class='ocrx_word' id='word_1_47' title='bbox 748 863 794 926; x_wconf 84' lang='lat' dir='ltr'>ita</span> <span class='ocrx_word' id='word_1_48' title='bbox 811 863 923 925; x_wconf 67' lang='lat' dir='ltr'>Tribus</span> <span class='ocrx_word' id='word_1_49' title='bbox 936 863 1082 927; x_wconf 72' lang='lat' dir='ltr'>Levitico</span> <span class='ocrx_word' id='word_1_50' title='bbox 1101 862 1211 942; x_wconf 80' lang='lat' dir='ltr'>Caput,</span> 
     </span>
     <span class='ocr_line' id='line_1_7' title="bbox 105 963 688 1049; baseline 0.005 -21"><span class='ocrx_word' id='word_1_51' title='bbox 105 963 239 1028; x_wconf 85' lang='lat' dir='ltr'>Calvino</span> <span class='ocrx_word' id='word_1_52' title='bbox 254 963 288 1026; x_wconf 91' lang='lat' dir='ltr'>id</span> <span class='ocrx_word' id='word_1_53' title='bbox 308 965 396 1047; x_wconf 85' lang='lat' dir='ltr'>(scio)</span> <span class='ocrx_word' id='word_1_54' title='bbox 414 987 481 1029; x_wconf 92' lang='lat' dir='ltr'>non</span> <span class='ocrx_word' id='word_1_55' title='bbox 496 965 688 1049; x_wconf 79' lang='lat' dir='ltr'><strong>displiceret.</strong></span> 
     </span>
    </p>
   </div>
   <div class='ocr_carea' id='block_1_3' title="bbox 137 1092 1212 1401">
    <p class='ocr_par' dir='ltr' id='par_1_5' title="bbox 137 1092 1212 1401">
     <span class='ocr_line' id='line_1_8' title="bbox 137 1092 1212 1159; baseline 0.001 -17"><span class='ocrx_word' id='word_1_56' title='bbox 137 1092 172 1141; x_wconf 79' lang='lat' dir='ltr'>ut</span> <span class='ocrx_word' id='word_1_57' title='bbox 185 1092 271 1142; x_wconf 89' lang='lat' dir='ltr'>eodem</span> <span class='ocrx_word' id='word_1_58' title='bbox 283 1093 328 1142; x_wconf 88' lang='lat' dir='ltr'>lib.</span> <span class='ocrx_word' id='word_1_59' title='bbox 340 1109 395 1157; x_wconf 86' lang='lat' dir='ltr'>cap.</span> <span class='ocrx_word' id='word_1_60' title='bbox 407 1096 445 1143; x_wconf 86' lang='lat' dir='ltr'>ll.</span> <span class='ocrx_word' id='word_1_61' title='bbox 459 1098 470 1156; x_wconf 70' lang='grc' dir='ltr'><strong>ς</strong></span> <span class='ocrx_word' id='word_1_62' title='bbox 482 1096 520 1144; x_wconf 81' lang='grc'>13.</span> <span class='ocrx_word' id='word_1_63' title='bbox 532 1093 605 1144; x_wconf 86' lang='lat' dir='ltr'>docet</span> <span class='ocrx_word' id='word_1_64' title='bbox 616 1095 643 1143; x_wconf 90' lang='lat' dir='ltr'>in</span> <span class='ocrx_word' id='word_1_65' title='bbox 657 1095 764 1159; x_wconf 78' lang='lat' dir='ltr'>[causis]</span> <span class='ocrx_word' id='word_1_66' title='bbox 778 1094 960 1144; x_wconf 80' lang='lat' dir='ltr'>Ecclesiasticis</span> <span class='ocrx_word' id='word_1_67' title='bbox 971 1109 1023 1143; x_wconf 91' lang='lat' dir='ltr'>non</span> <span class='ocrx_word' id='word_1_68' title='bbox 1038 1109 1092 1144; x_wconf 78' lang='lat' dir='ltr'>eme</span> <span class='ocrx_word' id='word_1_69' title='bbox 1103 1093 1212 1157; x_wconf 87' lang='lat' dir='ltr'>Impera·</span> 
     </span>
     <span class='ocr_line' id='line_1_9' title="bbox 171 1175 1211 1240; baseline 0.001 -17"><span class='ocrx_word' id='word_1_70' title='bbox 171 1179 251 1223; x_wconf 83' lang='lat' dir='ltr'>torem</span> <span class='ocrx_word' id='word_1_71' title='bbox 268 1175 388 1225; x_wconf 89' lang='lat' dir='ltr'>idoneum</span> <span class='ocrx_word' id='word_1_72' title='bbox 405 1177 570 1238; x_wconf 80' lang='lat' dir='ltr'>cognitorem,</span> <span class='ocrx_word' id='word_1_73' title='bbox 587 1191 616 1225; x_wconf 86' lang='lat' dir='ltr'>oc</span> <span class='ocrx_word' id='word_1_74' title='bbox 631 1181 762 1240; x_wconf 79' lang='lat' dir='ltr'>propterea</span> <span class='ocrx_word' id='word_1_75' title='bbox 776 1177 863 1225; x_wconf 88' lang='lat' dir='ltr'>laudat</span> <span class='ocrx_word' id='word_1_76' title='bbox 876 1177 1024 1240; x_wconf 80' lang='lat' dir='ltr'>[Sanctum]</span> <span class='ocrx_word' id='word_1_77' title='bbox 1038 1175 1211 1237; x_wconf 75' lang='lat' dir='ltr'>Ambrosium,</span> 
     </span>
     <span class='ocr_line' id='line_1_10' title="bbox 170 1255 1211 1321; baseline 0.003 -18"><span class='ocrx_word' id='word_1_78' title='bbox 170 1255 237 1318; x_wconf 90' lang='lat' dir='ltr'>quod</span> <span class='ocrx_word' id='word_1_79' title='bbox 257 1261 359 1306; x_wconf 73' lang='lat' dir='ltr'>vocatus</span> <span class='ocrx_word' id='word_1_80' title='bbox 375 1257 407 1306; x_wconf 85' lang='lat' dir='ltr'>ud</span> <span class='ocrx_word' id='word_1_81' title='bbox 424 1258 548 1320; x_wconf 82' lang='lat' dir='ltr'>palatium</span> <span class='ocrx_word' id='word_1_82' title='bbox 566 1258 599 1307; x_wconf 85' lang='lat' dir='ltr'>ad</span> <span class='ocrx_word' id='word_1_83' title='bbox 617 1258 795 1308; x_wconf 82' lang='lat' dir='ltr'>conterendum</span> <span class='ocrx_word' id='word_1_84' title='bbox 818 1258 850 1308; x_wconf 90' lang='lat' dir='ltr'>do</span> <span class='ocrx_word' id='word_1_85' title='bbox 872 1258 924 1308; x_wconf 85' lang='lat' dir='ltr'>fido</span> <span class='ocrx_word' id='word_1_86' title='bbox 943 1273 1027 1308; x_wconf 86' lang='lat' dir='ltr'>coram</span> <span class='ocrx_word' id='word_1_87' title='bbox 1048 1256 1211 1321; x_wconf 69' lang='lat' dir='ltr'>Imperatore,</span> 
     </span>
     <span class='ocr_line' id='line_1_11' title="bbox 171 1337 645 1401; baseline -0.002 -16"><span class='ocrx_word' id='word_1_88' title='bbox 171 1337 303 1401; x_wconf 88' lang='lat' dir='ltr'>[omniuo]</span> <span class='ocrx_word' id='word_1_89' title='bbox 316 1338 431 1388; x_wconf 87' lang='lat' dir='ltr'>accedero</span> <span class='ocrx_word' id='word_1_90' title='bbox 444 1341 594 1389; x_wconf 73' lang='lat' dir='ltr'><strong>recusaverit</strong></span> <span class='ocrx_word' id='word_1_91' title='bbox 602 1337 645 1384; x_wconf 70' lang='lat' dir='ltr'>b:</span> 
     </span>
    </p>
   </div>
   <div class='ocr_carea' id='block_1_4' title="bbox 149 1444 1374 1532">
    <p class='ocr_par' dir='ltr' id='par_1_6' title="bbox 149 1444 1374 1532">
     <span class='ocr_line' id='line_1_12' title="bbox 149 1444 1374 1532; baseline -0.004 -25"><span class='ocrx_word' id='word_1_92' title='bbox 149 1444 282 1524; x_wconf 81' lang='lat' dir='ltr'>Verum,</span> <span class='ocrx_word' id='word_1_93' title='bbox 298 1444 409 1508; x_wconf 71' lang='lat' dir='ltr'>laudaut</span> <span class='ocrx_word' id='word_1_94' title='bbox 428 1445 650 1524; x_wconf 60' lang='lat' dir='ltr'>Ambrosium</span> <span class='ocrx_word' id='word_1_95' title='bbox 664 1447 719 1529; x_wconf 92' lang='lat' dir='ltr'>qui</span> <span class='ocrx_word' id='word_1_96' title='bbox 741 1453 848 1528; x_wconf 84' lang='lat' dir='ltr'>negat,</span> <span class='ocrx_word' id='word_1_97' title='bbox 863 1448 898 1510; x_wconf 82' lang='lat' dir='ltr'>io</span> <span class='ocrx_word' id='word_1_98' title='bbox 919 1447 1022 1510; x_wconf 81' lang='lat' dir='ltr'>caucia</span> <span class='ocrx_word' id='word_1_99' title='bbox 1036 1447 1209 1510; x_wconf 75' lang='lat' dir='ltr'>Ecclesiae·</span> <span class='ocrx_word' id='word_1_100' title='bbox 1223 1453 1374 1532; x_wconf 59' lang='lat' dir='ltr'>[primore</span> 
     </span>
    </p>
   </div>
   <div class='ocr_carea' id='block_1_5' title="bbox 103 1533 1356 1633">
    <p class='ocr_par' dir='ltr' id='par_1_7' title="bbox 103 1533 1356 1633">
     <span class='ocr_line' id='line_1_13' title="bbox 103 1533 1356 1633; baseline 0.006 -24"><span class='ocrx_word' id='word_1_101' title='bbox 103 1549 177 1610; x_wconf 78' lang='lat' dir='ltr'>licia</span> <span class='ocrx_word' id='word_1_102' title='bbox 187 1548 408 1630; x_wconf 75' lang='lat' dir='ltr'><em>Imperatorem</em></span> <span class='ocrx_word' id='word_1_103' title='bbox 422 1551 564 1612; x_wconf 82' lang='lat' dir='ltr'>idoneum</span> <span class='ocrx_word' id='word_1_104' title='bbox 579 1551 775 1629; x_wconf 77' lang='lat' dir='ltr'>coptitorent.</span> <span class='ocrx_word' id='word_1_105' title='bbox 796 1551 921 1616; x_wconf 80' lang='lat' dir='ltr'>Quem?</span> <span class='ocrx_word' id='word_1_106' title='bbox 943 1550 1208 1613; x_wconf 81' lang='lat' dir='ltr'>Valentinianum</span> <span class='ocrx_word' id='word_1_107' title='bbox 1222 1533 1356 1633; x_wconf 39' lang='lat' dir='ltr'>alam</span> 
     </span>
    </p>
   </div>
   <div class='ocr_carea' id='block_1_6' title="bbox 100 1648 1340 2353">
    <p class='ocr_par' dir='ltr' id='par_1_8' title="bbox 100 1648 1340 1842">
     <span class='ocr_line' id='line_1_14' title="bbox 100 1648 1340 1736; baseline 0 -23"><span class='ocrx_word' id='word_1_108' title='bbox 100 1651 275 1734; x_wconf 87' lang='lat' dir='ltr'>juniorem,</span> <span class='ocrx_word' id='word_1_109' title='bbox 291 1652 479 1732; x_wconf 86' lang='lat' dir='ltr'><strong>imberbem,</strong></span> <span class='ocrx_word' id='word_1_110' title='bbox 502 1653 642 1717; x_wconf 88' lang='lat' dir='ltr'>necdum</span> <span class='ocrx_word' id='word_1_111' title='bbox 664 1652 875 1736; x_wconf 83' lang='lat' dir='ltr'>baptizatum,</span> <span class='ocrx_word' id='word_1_112' title='bbox 898 1661 1004 1716; x_wconf 89' lang='lat' dir='ltr'>totum</span> <span class='ocrx_word' id='word_1_113' title='bbox 1028 1674 1067 1716; x_wconf 82' lang='lat' dir='ltr'>ex</span> <span class='ocrx_word' id='word_1_114' title='bbox 1092 1654 1210 1717; x_wconf 84' lang='lat' dir='ltr'>Matris</span> <span class='ocrx_word' id='word_1_115' title='bbox 1222 1648 1340 1713; x_wconf 68' lang='lat' dir='ltr'>mutue]</span> 
     </span>
     <span class='ocr_line' id='line_1_15' title="bbox 104 1753 1210 1842; baseline 0.003 -25"><span class='ocrx_word' id='word_1_116' title='bbox 104 1754 237 1818; x_wconf 89' lang='lat' dir='ltr'>arbitrio</span> <span class='ocrx_word' id='word_1_117' title='bbox 256 1756 461 1838; x_wconf 84' lang='lat' dir='ltr'>pendentem,</span> <span class='ocrx_word' id='word_1_118' title='bbox 479 1778 551 1840; x_wconf 86' lang='lat' dir='ltr'>quae</span> <span class='ocrx_word' id='word_1_119' title='bbox 572 1757 642 1840; x_wconf 88' lang='lat' dir='ltr'>ipsa</span> <span class='ocrx_word' id='word_1_120' title='bbox 664 1753 862 1842; x_wconf 78' lang='grc' dir='ltr'>ᾰρειομανής.</span> <span class='ocrx_word' id='word_1_121' title='bbox 910 1756 974 1820; x_wconf 85' lang='lat' dir='ltr'>Sed</span> <span class='ocrx_word' id='word_1_122' title='bbox 997 1764 1076 1820; x_wconf 87' lang='lat' dir='ltr'>esto.</span> <span class='ocrx_word' id='word_1_123' title='bbox 1122 1757 1210 1823; x_wconf 80' lang='lat' dir='ltr'>Quid</span> 
     </span>
    </p>

    <p class='ocr_par' dir='ltr' id='par_1_9' title="bbox 104 1856 1210 1941">
     <span class='ocr_line' id='line_1_16' title="bbox 104 1856 1210 1941; baseline 0.001 -22"><span class='ocrx_word' id='word_1_124' title='bbox 104 1856 167 1920; x_wconf 89' lang='lat' dir='ltr'>hoc</span> <span class='ocrx_word' id='word_1_125' title='bbox 191 1858 346 1922; x_wconf 85' lang='lat' dir='ltr'>adrem?</span> <span class='ocrx_word' id='word_1_126' title='bbox 384 1860 462 1923; x_wconf 91' lang='lat' dir='ltr'>Non</span> <span class='ocrx_word' id='word_1_127' title='bbox 490 1858 529 1923; x_wconf 89' lang='lat' dir='ltr'>dc</span> <span class='ocrx_word' id='word_1_128' title='bbox 555 1858 739 1941; x_wconf 83' lang='lat' dir='ltr'>cognitione</span> <span class='ocrx_word' id='word_1_129' title='bbox 762 1880 929 1922; x_wconf 82' lang='lat' dir='ltr'>causarum</span> <span class='ocrx_word' id='word_1_130' title='bbox 952 1858 1006 1922; x_wconf 91' lang='lat' dir='ltr'>hic</span> <span class='ocrx_word' id='word_1_131' title='bbox 1028 1858 1145 1941; x_wconf 77' lang='lat' dir='ltr'>agitrrr,</span> <span class='ocrx_word' id='word_1_132' title='bbox 1169 1858 1210 1920; x_wconf 87' lang='lat' dir='ltr'>ad</span> 
     </span>
    </p>

    <p class='ocr_par' dir='ltr' id='par_1_10' title="bbox 104 1962 1209 2249">
     <span class='ocr_line' id='line_1_17' title="bbox 104 1962 1209 2045; baseline 0 -22"><span class='ocrx_word' id='word_1_133' title='bbox 104 1983 202 2044; x_wconf 83' lang='lat' dir='ltr'>quam</span> <span class='ocrx_word' id='word_1_134' title='bbox 223 1983 289 2026; x_wconf 89' lang='lat' dir='ltr'>non</span> <span class='ocrx_word' id='word_1_135' title='bbox 309 1970 376 2024; x_wconf 85' lang='lat' dir='ltr'>tam</span> <span class='ocrx_word' id='word_1_136' title='bbox 399 1962 534 2025; x_wconf 82' lang='lat' dir='ltr'>sortasse</span> <span class='ocrx_word' id='word_1_137' title='bbox 555 1983 680 2044; x_wconf 83' lang='lat' dir='ltr'>semper</span> <span class='ocrx_word' id='word_1_138' title='bbox 702 1962 835 2025; x_wconf 89' lang='lat' dir='ltr'>idoneus</span> <span class='ocrx_word' id='word_1_139' title='bbox 859 1963 938 2037; x_wconf 89' lang='lat' dir='ltr'>Rex,</span> <span class='ocrx_word' id='word_1_140' title='bbox 959 1962 1026 2045; x_wconf 92' lang='lat' dir='ltr'>(qui</span> <span class='ocrx_word' id='word_1_141' title='bbox 1043 1982 1126 2044; x_wconf 86' lang='lat' dir='ltr'>saepe</span> <span class='ocrx_word' id='word_1_142' title='bbox 1148 1962 1209 2024; x_wconf 90' lang='lat' dir='ltr'>im-</span> 
     </span>
     <span class='ocr_line' id='line_1_18' title="bbox 104 2063 1209 2147; baseline 0 -21"><span class='ocrx_word' id='word_1_143' title='bbox 104 2072 232 2128; x_wconf 82' lang='lat' dir='ltr'>matura</span> <span class='ocrx_word' id='word_1_144' title='bbox 254 2071 359 2141; x_wconf 66' lang='lat' dir='ltr'>aetate,</span> <span class='ocrx_word' id='word_1_145' title='bbox 376 2086 459 2147; x_wconf 86' lang='lat' dir='ltr'>saepe</span> <span class='ocrx_word' id='word_1_146' title='bbox 474 2064 591 2142; x_wconf 78' lang='lat' dir='ltr'>infima,</span> <span class='ocrx_word' id='word_1_147' title='bbox 608 2085 690 2146; x_wconf 82' lang='lat' dir='ltr'>oaepe</span> <span class='ocrx_word' id='word_1_148' title='bbox 708 2064 809 2127; x_wconf 87' lang='lat' dir='ltr'>Marti</span> <span class='ocrx_word' id='word_1_149' title='bbox 827 2063 929 2146; x_wconf 81' lang='lat' dir='ltr'>magis</span> <span class='ocrx_word' id='word_1_150' title='bbox 951 2063 1097 2129; x_wconf 85' lang='lat' dir='ltr'>addictus</span> <span class='ocrx_word' id='word_1_151' title='bbox 1113 2085 1209 2147; x_wconf 90' lang='lat' dir='ltr'>quam</span> 
     </span>
     <span class='ocr_line' id='line_1_19' title="bbox 104 2165 1209 2249; baseline 0.003 -21"><span class='ocrx_word' id='word_1_152' title='bbox 104 2166 268 2229; x_wconf 85' lang='lat' dir='ltr'>Mercurio</span> <span class='ocrx_word' id='word_1_153' title='bbox 279 2168 298 2247; x_wconf 90' lang='lat'>:)</span> <span class='ocrx_word' id='word_1_154' title='bbox 319 2167 425 2249; x_wconf 86' lang='lat' dir='ltr'>agitur</span> <span class='ocrx_word' id='word_1_155' title='bbox 440 2166 481 2230; x_wconf 91' lang='lat' dir='ltr'>de</span> <span class='ocrx_word' id='word_1_156' title='bbox 496 2168 692 2244; x_wconf 81' lang='lat' dir='ltr'>auctoritate,</span> <span class='ocrx_word' id='word_1_157' title='bbox 706 2188 776 2249; x_wconf 87' lang='lat' dir='ltr'>quae</span> <span class='ocrx_word' id='word_1_158' title='bbox 792 2167 924 2229; x_wconf 89' lang='lat' dir='ltr'>idoneos</span> <span class='ocrx_word' id='word_1_159' title='bbox 939 2166 1119 2249; x_wconf 82' lang='lat' dir='ltr'>cognitores</span> <span class='ocrx_word' id='word_1_160' title='bbox 1134 2165 1209 2231; x_wconf 85' lang='lat' dir='ltr'>det:</span> 
     </span>
    </p>

    <p class='ocr_par' dir='ltr' id='par_1_11' title="bbox 102 2269 1181 2353">
     <span class='ocr_line' id='line_1_20' title="bbox 102 2269 1181 2353; baseline -0.001 -21"><span class='ocrx_word' id='word_1_161' title='bbox 102 2289 142 2332; x_wconf 84' lang='lat' dir='ltr'>ca</span> <span class='ocrx_word' id='word_1_162' title='bbox 158 2290 241 2345; x_wconf 81' lang='lat' dir='ltr'>vero,</span> <span class='ocrx_word' id='word_1_163' title='bbox 257 2270 292 2331; x_wconf 91' lang='lat' dir='ltr'>in</span> <span class='ocrx_word' id='word_1_164' title='bbox 307 2278 443 2352; x_wconf 90' lang='lat' dir='ltr'>utroque</span> <span class='ocrx_word' id='word_1_165' title='bbox 459 2291 546 2347; x_wconf 79' lang='lat' dir='ltr'>sexu,</span> <span class='ocrx_word' id='word_1_166' title='bbox 564 2271 673 2352; x_wconf 83' lang='lat' dir='ltr'>quavis</span> <span class='ocrx_word' id='word_1_167' title='bbox 688 2278 793 2347; x_wconf 83' lang='lat' dir='ltr'>aetate,</span> <span class='ocrx_word' id='word_1_168' title='bbox 810 2291 869 2353; x_wconf 90' lang='lat' dir='ltr'>par</span> <span class='ocrx_word' id='word_1_169' title='bbox 883 2278 932 2333; x_wconf 86' lang='lat' dir='ltr'>est</span> <span class='ocrx_word' id='word_1_170' title='bbox 948 2278 1043 2353; x_wconf 89' lang='lat' dir='ltr'>atque</span> <span class='ocrx_word' id='word_1_171' title='bbox 1059 2269 1181 2332; x_wconf 88' lang='lat' dir='ltr'>eadem.</span> 
     </span>
    </p>
   </div>
   <div class='ocr_carea' id='block_1_7' title="bbox 136 2412 1208 2724">
    <p class='ocr_par' dir='ltr' id='par_1_12' title="bbox 136 2412 1208 2724">
     <span class='ocr_line' id='line_1_21' title="bbox 136 2412 1208 2478; baseline 0.002 -16"><span class='ocrx_word' id='word_1_172' title='bbox 136 2434 166 2455; x_wconf 93' lang='lat'><strong><em>=</em></strong></span> <span class='ocrx_word' id='word_1_173' title='bbox 178 2413 210 2462; x_wconf 85' lang='lat' dir='ltr'>Et</span> <span class='ocrx_word' id='word_1_174' title='bbox 218 2412 305 2463; x_wconf 86' lang='lat' dir='ltr'>eodem</span> <span class='ocrx_word' id='word_1_175' title='bbox 317 2413 362 2462; x_wconf 88' lang='lat' dir='ltr'>lib.</span> <span class='ocrx_word' id='word_1_176' title='bbox 371 2429 391 2462; x_wconf 92' lang='lat' dir='ltr'>c.</span> <span class='ocrx_word' id='word_1_177' title='bbox 401 2416 439 2462; x_wconf 83' lang='lat'>20.</span> <span class='ocrx_word' id='word_1_178' title='bbox 450 2417 462 2476; x_wconf 64' lang='grc' dir='ltr'><strong>ξ</strong></span> <span class='ocrx_word' id='word_1_179' title='bbox 472 2415 496 2474; x_wconf 75' lang='lat' dir='ltr'>l,</span> <span class='ocrx_word' id='word_1_180' title='bbox 506 2414 576 2473; x_wconf 84' lang='lat' dir='ltr'>dicit,</span> <span class='ocrx_word' id='word_1_181' title='bbox 586 2413 664 2477; x_wconf 79' lang='lat' dir='ltr'>Regis</span> <span class='ocrx_word' id='word_1_182' title='bbox 671 2414 778 2464; x_wconf 83' lang='lat' dir='ltr'>officium</span> <span class='ocrx_word' id='word_1_183' title='bbox 788 2415 963 2478; x_wconf 75' lang='lat' dir='ltr'>Apostolieum</span> <span class='ocrx_word' id='word_1_184' title='bbox 970 2428 1062 2463; x_wconf 75' lang='lat' dir='ltr'>munus</span> <span class='ocrx_word' id='word_1_185' title='bbox 1071 2429 1122 2463; x_wconf 88' lang='lat' dir='ltr'>uon</span> <span class='ocrx_word' id='word_1_186' title='bbox 1129 2422 1208 2475; x_wconf 48' lang='lat' dir='ltr'>eaeo&amp;</span> 
     </span>
     <span class='ocr_line' id='line_1_22' title="bbox 169 2494 1207 2559; baseline 0 -15"><span class='ocrx_word' id='word_1_187' title='bbox 169 2494 366 2544; x_wconf 74' lang='lat' dir='ltr'>sollicitudinem</span> <span class='ocrx_word' id='word_1_188' title='bbox 378 2500 462 2544; x_wconf 81' lang='lat' dir='ltr'>autem</span> <span class='ocrx_word' id='word_1_189' title='bbox 475 2494 642 2544; x_wconf 79' lang='lat' dir='ltr'>Ecclesiamm</span> <span class='ocrx_word' id='word_1_190' title='bbox 655 2495 686 2544; x_wconf 79' lang='lat' dir='ltr'>orl</span> <span class='ocrx_word' id='word_1_191' title='bbox 699 2496 874 2559; x_wconf 80' lang='lat' dir='ltr'>Apostolicum</span> <span class='ocrx_word' id='word_1_192' title='bbox 887 2510 979 2544; x_wconf 75' lang='lat' dir='ltr'>munus</span> <span class='ocrx_word' id='word_1_193' title='bbox 992 2496 1019 2544; x_wconf 91' lang='lat' dir='ltr'>iu</span> <span class='ocrx_word' id='word_1_194' title='bbox 1031 2496 1121 2559; x_wconf 87' lang='lat' dir='ltr'>primia</span> <span class='ocrx_word' id='word_1_195' title='bbox 1132 2497 1207 2558; x_wconf 86' lang='lat' dir='ltr'>perti-</span> 
     </span>
     <span class='ocr_line' id='line_1_23' title="bbox 169 2577 1206 2644; baseline 0.003 -17"><span class='ocrx_word' id='word_1_196' title='bbox 169 2593 228 2627; x_wconf 85' lang='lat' dir='ltr'>nere</span> <span class='ocrx_word' id='word_1_197' title='bbox 243 2577 317 2627; x_wconf 86' lang='lat' dir='ltr'>docet</span> <span class='ocrx_word' id='word_1_198' title='bbox 333 2578 477 2641; x_wconf 82' lang='lat' dir='ltr'>Apostolua.</span> <span class='ocrx_word' id='word_1_199' title='bbox 499 2578 527 2641; x_wconf 84' lang='lat'>[1</span> <span class='ocrx_word' id='word_1_200' title='bbox 542 2578 597 2626; x_wconf 82' lang='lat' dir='ltr'>Cor.</span> <span class='ocrx_word' id='word_1_201' title='bbox 615 2578 659 2626; x_wconf 83' lang='lat' dir='ltr'>xii.</span> <span class='ocrx_word' id='word_1_202' title='bbox 678 2581 733 2636; x_wconf 81' lang='lat'><strong>28.;</strong></span> <span class='ocrx_word' id='word_1_203' title='bbox 755 2578 838 2628; x_wconf 67' lang='lat' dir='ltr'>icor.</span> <span class='ocrx_word' id='word_1_204' title='bbox 850 2579 886 2627; x_wconf 84' lang='lat' dir='ltr'>xi.</span> <span class='ocrx_word' id='word_1_205' title='bbox 900 2581 977 2628; x_wconf 78' lang='lat'><strong>28.-</strong></span> <span class='ocrx_word' id='word_1_206' title='bbox 986 2578 1050 2628; x_wconf 84' lang='lat' dir='ltr'>Bell.</span> <span class='ocrx_word' id='word_1_207' title='bbox 1069 2578 1142 2641; x_wconf 79' lang='lat' dir='ltr'>Apol.</span> <span class='ocrx_word' id='word_1_208' title='bbox 1160 2594 1206 2644; x_wconf 90' lang='lat' dir='ltr'>pro</span> 
     </span>
     <span class='ocr_line' id='line_1_24' title="bbox 170 2658 837 2724; baseline -0.003 -14"><span class='ocrx_word' id='word_1_209' title='bbox 170 2660 256 2724; x_wconf 83' lang='lat' dir='ltr'>Resp]</span> <span class='ocrx_word' id='word_1_210' title='bbox 269 2674 293 2724; x_wconf 91' lang='lat' dir='ltr'>p.</span> <span class='ocrx_word' id='word_1_211' title='bbox 305 2662 327 2708; x_wconf 88' lang='grc'>9.</span> <span class='ocrx_word' id='word_1_212' title='bbox 340 2658 409 2723; x_wconf 86' lang='lat' dir='ltr'>[Op.,</span> <span class='ocrx_word' id='word_1_213' title='bbox 421 2665 481 2709; x_wconf 87' lang='lat' dir='ltr'>tom.</span> <span class='ocrx_word' id='word_1_214' title='bbox 493 2659 536 2709; x_wconf 84' lang='lat' dir='ltr'>vii.</span> <span class='ocrx_word' id='word_1_215' title='bbox 548 2658 604 2708; x_wconf 90' lang='lat' dir='ltr'>coll.</span> <span class='ocrx_word' id='word_1_216' title='bbox 617 2658 671 2709; x_wconf 79' lang='lat' dir='ltr'>i09.</span> <span class='ocrx_word' id='word_1_217' title='bbox 685 2659 714 2709; x_wconf 90' lang='lat' dir='ltr'>D.</span> <span class='ocrx_word' id='word_1_218' title='bbox 730 2661 784 2711; x_wconf 83' lang='lat'>710.</span> <span class='ocrx_word' id='word_1_219' title='bbox 794 2659 837 2724; x_wconf 82' lang='lat' dir='ltr'>A.]</span> 
     </span>
    </p>
   </div>
   <div class='ocr_carea' id='block_1_8' title="bbox 150 2767 1204 2852">
    <p class='ocr_par' dir='ltr' id='par_1_13' title="bbox 150 2767 1204 2852">
     <span class='ocr_line' id='line_1_25' title="bbox 150 2767 1204 2852; baseline 0 -20"><span class='ocrx_word' id='word_1_220' title='bbox 150 2767 214 2832; x_wconf 89' lang='lat' dir='ltr'>Sed</span> <span class='ocrx_word' id='word_1_221' title='bbox 236 2774 333 2851; x_wconf 82' lang='lat' dir='ltr'>negat</span> <span class='ocrx_word' id='word_1_222' title='bbox 363 2785 457 2850; x_wconf 91' lang='lat' dir='ltr'>porro</span> <span class='ocrx_word' id='word_1_223' title='bbox 479 2768 575 2849; x_wconf 77' lang='lat' dir='ltr'>Repia</span> <span class='ocrx_word' id='word_1_224' title='bbox 596 2769 739 2852; x_wconf 70' lang='lat' dir='ltr'>effetum,</span> <span class='ocrx_word' id='word_1_225' title='bbox 764 2770 976 2850; x_wconf 73' lang='lat' dir='ltr'>Apostolieem</span> <span class='ocrx_word' id='word_1_226' title='bbox 1000 2788 1109 2831; x_wconf 78' lang='lat' dir='ltr'>monuo</span> <span class='ocrx_word' id='word_1_227' title='bbox 1130 2789 1204 2832; x_wconf 80' lang='lat' dir='ltr'>eoae.</span> 
     </span>
    </p>
   </div>
   <div class='ocr_carea' id='block_1_9' title="bbox 103 2935 1206 3647">
    <p class='ocr_par' dir='ltr' id='par_1_14' title="bbox 136 2935 1205 3001">
     <span class='ocr_line' id='line_1_26' title="bbox 136 2935 1205 3001; baseline 0 -15"><span class='ocrx_word' id='word_1_228' title='bbox 136 2944 147 2967; x_wconf 81' lang='lat'><strong>¹</strong></span> <span class='ocrx_word' id='word_1_229' title='bbox 166 2938 191 3000; x_wconf 87' lang='lat'>[1</span> <span class='ocrx_word' id='word_1_230' title='bbox 208 2935 267 3000; x_wconf 80' lang='lat' dir='ltr'>lleg.</span> <span class='ocrx_word' id='word_1_231' title='bbox 280 2953 320 2987; x_wconf 87' lang='lat' dir='ltr'>xv.</span> <span class='ocrx_word' id='word_1_232' title='bbox 334 2935 387 3001; x_wconf 69' lang='lat' dir='ltr'>lt]</span> <span class='ocrx_word' id='word_1_233' title='bbox 677 2937 918 3001; x_wconf 80' lang='lat' dir='ltr'>dclmperoloribuo</span> <span class='ocrx_word' id='word_1_234' title='bbox 925 2936 1205 2998; x_wconf 64' lang='lat' dir='ltr'>Chriotiuniamonlm-</span> 
     </span>
    </p>

    <p class='ocr_par' dir='ltr' id='par_1_15' title="bbox 103 3000 1206 3647">
     <span class='ocr_line' id='line_1_27' title="bbox 138 3000 1204 3067; baseline 0.001 -17"><span class='ocrx_word' id='word_1_235' title='bbox 138 3000 150 3033; x_wconf 65' lang='lat' dir='ltr'>b</span> <span class='ocrx_word' id='word_1_236' title='bbox 162 3002 188 3067; x_wconf 73' lang='lat'>[¹¹</span> <span class='ocrx_word' id='word_1_237' title='bbox 201 3002 256 3051; x_wconf 90' lang='lat' dir='ltr'>Hoc</span> <span class='ocrx_word' id='word_1_238' title='bbox 267 3003 321 3051; x_wconf 84' lang='lat' dir='ltr'>sinc</span> <span class='ocrx_word' id='word_1_239' title='bbox 333 3003 384 3051; x_wconf 85' lang='lat' dir='ltr'>ulla</span> <span class='ocrx_word' id='word_1_240' title='bbox 395 3001 563 3052; x_wconf 71' lang='lat' dir='ltr'>controversia</span> <span class='ocrx_word' id='word_1_241' title='bbox 573 3005 633 3052; x_wconf 86' lang='lat' dir='ltr'>tunc</span> <span class='ocrx_word' id='word_1_242' title='bbox 676 3009 806 3066; x_wconf 77' lang='lat' dir='ltr'>peratoreo</span> <span class='ocrx_word' id='word_1_243' title='bbox 815 3001 1135 3066; x_wconf 74' lang='lat' dir='ltr'>delipiecopiojndieaml</span> <span class='ocrx_word' id='word_1_244' title='bbox 1147 3002 1173 3065; x_wconf 65' lang='grc' dir='ltr'>[ς</span> <span class='ocrx_word' id='word_1_245' title='bbox 1181 3005 1204 3051; x_wconf 85' lang='lat' dir='ltr'>l.</span> 
     </span>
     <span class='ocr_line' id='line_1_28' title="bbox 104 3066 1205 3131; baseline -0.001 -15"><span class='ocrx_word' id='word_1_246' title='bbox 104 3074 159 3117; x_wconf 87' lang='lat' dir='ltr'>crat</span> <span class='ocrx_word' id='word_1_247' title='bbox 177 3068 296 3116; x_wconf 77' lang='lat' dir='ltr'>omuibus</span> <span class='ocrx_word' id='word_1_248' title='bbox 314 3082 468 3130; x_wconf 75' lang='lat' dir='ltr'>persuasum.</span> <span class='ocrx_word' id='word_1_249' title='bbox 501 3066 634 3116; x_wconf 70' lang='lat' dir='ltr'>Ecclesiae·</span> <span class='ocrx_word' id='word_1_250' title='bbox 676 3069 722 3118; x_wconf 89' lang='lat' dir='ltr'>col.</span> <span class='ocrx_word' id='word_1_251' title='bbox 730 3072 785 3118; x_wconf 87' lang='lat'>861.</span> <span class='ocrx_word' id='word_1_252' title='bbox 796 3068 842 3131; x_wconf 78' lang='lat' dir='ltr'>A.]</span> <span class='ocrx_word' id='word_1_253' title='bbox 862 3068 936 3128; x_wconf 89' lang='lat' dir='ltr'>Item,</span> <span class='ocrx_word' id='word_1_254' title='bbox 953 3066 1205 3130; x_wconf 65' lang='lat' dir='ltr'>Verritocrrtlmpero</span> 
     </span>
     <span class='ocr_line' id='line_1_29' title="bbox 103 3131 1206 3195; baseline 0.001 -15"><span class='ocrx_word' id='word_1_255' title='bbox 103 3132 163 3181; x_wconf 84' lang='lat' dir='ltr'>tieoe</span> <span class='ocrx_word' id='word_1_256' title='bbox 175 3131 276 3194; x_wconf 86' lang='lat' dir='ltr'>quidem</span> <span class='ocrx_word' id='word_1_257' title='bbox 288 3147 369 3181; x_wconf 76' lang='lat' dir='ltr'>caueae</span> <span class='ocrx_word' id='word_1_258' title='bbox 380 3131 412 3180; x_wconf 84' lang='lat' dir='ltr'>ad</span> <span class='ocrx_word' id='word_1_259' title='bbox 434 3131 580 3195; x_wconf 70' lang='lat' dir='ltr'>Episcopolo</span> <span class='ocrx_word' id='word_1_260' title='bbox 593 3131 633 3195; x_wconf 90' lang='lat' dir='ltr'>jn·</span> <span class='ocrx_word' id='word_1_261' title='bbox 676 3138 716 3181; x_wconf 84' lang='lat' dir='ltr'>tor</span> <span class='ocrx_word' id='word_1_262' title='bbox 729 3134 766 3182; x_wconf 78' lang='lat' dir='ltr'>nel</span> <span class='ocrx_word' id='word_1_263' title='bbox 780 3132 957 3183; x_wconf 77' lang='lat' dir='ltr'>comiatorium</span> <span class='ocrx_word' id='word_1_264' title='bbox 971 3138 1051 3192; x_wconf 77' lang='lat' dir='ltr'>tuum,</span> <span class='ocrx_word' id='word_1_265' title='bbox 1068 3132 1093 3181; x_wconf 82' lang='lat' dir='ltr'>ai</span> <span class='ocrx_word' id='word_1_266' title='bbox 1111 3147 1151 3180; x_wconf 70' lang='lat' dir='ltr'>nte</span> <span class='ocrx_word' id='word_1_267' title='bbox 1167 3132 1206 3181; x_wconf 79' lang='lat' dir='ltr'>vel</span> 
     </span>
     <span class='ocr_line' id='line_1_30' title="bbox 104 3196 1206 3261; baseline 0.001 -16"><span class='ocrx_word' id='word_1_268' title='bbox 104 3197 201 3245; x_wconf 86' lang='lat' dir='ltr'>dicium</span> <span class='ocrx_word' id='word_1_269' title='bbox 212 3196 387 3246; x_wconf 77' lang='lat' dir='ltr'>reserebantur.</span> <span class='ocrx_word' id='word_1_270' title='bbox 414 3196 632 3253; x_wconf 80' lang='lat' dir='ltr'>Quemadmodum</span> <span class='ocrx_word' id='word_1_271' title='bbox 676 3197 1206 3261; x_wconf 74' lang='lat' dir='ltr'>llpimopicelpopnluoircpaomsorot;</span> 
     </span>
     <span class='ocr_line' id='line_1_31' title="bbox 104 3260 1205 3327; baseline 0.001 -18"><span class='ocrx_word' id='word_1_272' title='bbox 104 3262 126 3309; x_wconf 83' lang='lat' dir='ltr'>ai</span> <span class='ocrx_word' id='word_1_273' title='bbox 145 3262 201 3324; x_wconf 80' lang='lat' dir='ltr'>quia</span> <span class='ocrx_word' id='word_1_274' title='bbox 218 3262 328 3310; x_wconf 85' lang='lat' dir='ltr'>Clericus</span> <span class='ocrx_word' id='word_1_275' title='bbox 347 3261 412 3309; x_wconf 87' lang='lat' dir='ltr'>nihil</span> <span class='ocrx_word' id='word_1_276' title='bbox 436 3261 464 3309; x_wconf 90' lang='lat' dir='ltr'>in</span> <span class='ocrx_word' id='word_1_277' title='bbox 486 3261 553 3322; x_wconf 76' lang='lat' dir='ltr'>leges</span> <span class='ocrx_word' id='word_1_278' title='bbox 573 3261 633 3310; x_wconf 91' lang='lat' dir='ltr'>deli·</span> <span class='ocrx_word' id='word_1_279' title='bbox 676 3262 791 3321; x_wconf 74' lang='lat' dir='ltr'>dicenter,</span> <span class='ocrx_word' id='word_1_280' title='bbox 803 3277 908 3311; x_wconf 77' lang='lat' dir='ltr'>caueam</span> <span class='ocrx_word' id='word_1_281' title='bbox 919 3260 987 3327; x_wconf 74' lang='lat' dir='ltr'>fidei</span> <span class='ocrx_word' id='word_1_282' title='bbox 1004 3260 1158 3311; x_wconf 76' lang='lat' dir='ltr'>inlt&#39;ocleoio</span> <span class='ocrx_word' id='word_1_283' title='bbox 1169 3276 1205 3310; x_wconf 78' lang='lat' dir='ltr'>ee</span> 
     </span>
     <span class='ocr_line' id='line_1_32' title="bbox 104 3324 1204 3389; baseline 0 -15"><span class='ocrx_word' id='word_1_284' title='bbox 104 3326 207 3388; x_wconf 76' lang='lat' dir='ltr'>quisset,</span> <span class='ocrx_word' id='word_1_285' title='bbox 225 3326 368 3375; x_wconf 77' lang='lat' dir='ltr'>Canonibue</span> <span class='ocrx_word' id='word_1_286' title='bbox 386 3330 485 3374; x_wconf 82' lang='lat' dir='ltr'>tanturn</span> <span class='ocrx_word' id='word_1_287' title='bbox 504 3341 561 3374; x_wconf 79' lang='lat' dir='ltr'>roua</span> <span class='ocrx_word' id='word_1_288' title='bbox 577 3341 632 3388; x_wconf 78' lang='lat' dir='ltr'>age·</span> <span class='ocrx_word' id='word_1_289' title='bbox 676 3342 735 3375; x_wconf 86' lang='lat' dir='ltr'>ram</span> <span class='ocrx_word' id='word_1_290' title='bbox 761 3326 858 3389; x_wconf 79' lang='lat' dir='ltr'>popnlo</span> <span class='ocrx_word' id='word_1_291' title='bbox 875 3325 962 3375; x_wconf 79' lang='lat' dir='ltr'>debere</span> <span class='ocrx_word' id='word_1_292' title='bbox 976 3324 1092 3375; x_wconf 80' lang='lat' dir='ltr'>tractari.</span> <span class='ocrx_word' id='word_1_293' title='bbox 1126 3325 1204 3388; x_wconf 63' lang='lat'><strong>[517.</strong></span> 
     </span>
     <span class='ocr_line' id='line_1_33' title="bbox 104 3388 1202 3459; baseline -0.003 -19"><span class='ocrx_word' id='word_1_294' title='bbox 104 3391 195 3440; x_wconf 84' lang='lat' dir='ltr'>batur:</span> <span class='ocrx_word' id='word_1_295' title='bbox 224 3405 275 3439; x_wconf 91' lang='lat' dir='ltr'>non</span> <span class='ocrx_word' id='word_1_296' title='bbox 298 3391 424 3439; x_wconf 81' lang='lat' dir='ltr'>citabatur</span> <span class='ocrx_word' id='word_1_297' title='bbox 445 3390 477 3439; x_wconf 84' lang='lat' dir='ltr'>od</span> <span class='ocrx_word' id='word_1_298' title='bbox 499 3405 642 3448; x_wconf 64' lang='lat' dir='ltr'>commuue,</span> <span class='ocrx_word' id='word_1_299' title='bbox 676 3393 721 3440; x_wconf 92' lang='lat' dir='ltr'>col.</span> <span class='ocrx_word' id='word_1_300' title='bbox 735 3391 847 3455; x_wconf 77' lang='lat' dir='ltr'><strong>863.A.]</strong></span> <span class='ocrx_word' id='word_1_301' title='bbox 875 3389 1013 3440; x_wconf 79' lang='lat' dir='ltr'>Contendit</span> <span class='ocrx_word' id='word_1_302' title='bbox 1030 3388 1133 3459; x_wconf 86' lang='lat' dir='ltr'>quidem</span> <span class='ocrx_word' id='word_1_303' title='bbox 1151 3391 1202 3452; x_wconf 82' lang='lat' dir='ltr'>opi-</span> 
     </span>
     <span class='ocr_line' id='line_1_34' title="bbox 104 3452 1203 3517; baseline -0.001 -14"><span class='ocrx_word' id='word_1_304' title='bbox 104 3454 216 3503; x_wconf 80' lang='lat' dir='ltr'>tribuual</span> <span class='ocrx_word' id='word_1_305' title='bbox 226 3471 232 3514; x_wconf 88' lang='lat'>;</span> <span class='ocrx_word' id='word_1_306' title='bbox 249 3454 293 3504; x_wconf 82' lang='lat' dir='ltr'>aed</span> <span class='ocrx_word' id='word_1_307' title='bbox 309 3454 460 3517; x_wconf 76' lang='lat' dir='ltr'>Episcopum</span> <span class='ocrx_word' id='word_1_308' title='bbox 479 3453 588 3504; x_wconf 83' lang='lat' dir='ltr'>habebat</span> <span class='ocrx_word' id='word_1_309' title='bbox 605 3455 632 3504; x_wconf 93' lang='lat' dir='ltr'>iu</span> <span class='ocrx_word' id='word_1_310' title='bbox 676 3456 793 3505; x_wconf 83' lang='lat' dir='ltr'>rituolcm</span> <span class='ocrx_word' id='word_1_311' title='bbox 812 3469 920 3513; x_wconf 82' lang='lat' dir='ltr'>causam,</span> <span class='ocrx_word' id='word_1_312' title='bbox 942 3453 1041 3511; x_wconf 82' lang='lat' dir='ltr'>hoceat,</span> <span class='ocrx_word' id='word_1_313' title='bbox 1064 3452 1203 3515; x_wconf 74' lang='lat' dir='ltr'>religionis,</span> 
     </span>
     <span class='ocr_line' id='line_1_35' title="bbox 104 3517 1199 3582; baseline -0.004 -13"><span class='ocrx_word' id='word_1_314' title='bbox 104 3535 135 3569; x_wconf 78' lang='lat' dir='ltr'>ea</span> <span class='ocrx_word' id='word_1_315' title='bbox 150 3534 223 3568; x_wconf 81' lang='lat' dir='ltr'>cauae</span> <span class='ocrx_word' id='word_1_316' title='bbox 235 3519 356 3582; x_wconf 89' lang='lat' dir='ltr'>judicem.</span> <span class='ocrx_word' id='word_1_317' title='bbox 390 3519 517 3568; x_wconf 77' lang='lat' dir='ltr'>Similiter</span> <span class='ocrx_word' id='word_1_318' title='bbox 534 3520 633 3582; x_wconf 79' lang='lat' dir='ltr'>siquae</span> <span class='ocrx_word' id='word_1_319' title='bbox 678 3520 710 3569; x_wconf 86' lang='lat' dir='ltr'>ad</span> <span class='ocrx_word' id='word_1_320' title='bbox 723 3520 797 3568; x_wconf 84' lang='lat' dir='ltr'>civile</span> <span class='ocrx_word' id='word_1_321' title='bbox 809 3519 890 3568; x_wconf 86' lang='lat' dir='ltr'>iorum</span> <span class='ocrx_word' id='word_1_322' title='bbox 901 3532 954 3567; x_wconf 89' lang='lat' dir='ltr'>non</span> <span class='ocrx_word' id='word_1_323' title='bbox 970 3533 1023 3567; x_wconf 81' lang='lat' dir='ltr'>ease</span> <span class='ocrx_word' id='word_1_324' title='bbox 1042 3517 1199 3577; x_wconf 86' lang='lat' dir='ltr'>trahendam,</span> 
     </span>
     <span class='ocr_line' id='line_1_36' title="bbox 105 3581 1204 3647; baseline -0.002 -14"><span class='ocrx_word' id='word_1_325' title='bbox 105 3585 156 3633; x_wconf 87' lang='lat' dir='ltr'>atio</span> <span class='ocrx_word' id='word_1_326' title='bbox 163 3583 223 3633; x_wconf 83' lang='lat' dir='ltr'>fidei</span> <span class='ocrx_word' id='word_1_327' title='bbox 234 3584 385 3645; x_wconf 82' lang='lat' dir='ltr'>agitabatur,</span> <span class='ocrx_word' id='word_1_328' title='bbox 394 3589 499 3647; x_wconf 83' lang='lat' dir='ltr'>autquao</span> <span class='ocrx_word' id='word_1_329' title='bbox 510 3583 633 3633; x_wconf 84' lang='lat' dir='ltr'>adEcele·</span> <span class='ocrx_word' id='word_1_330' title='bbox 676 3585 719 3633; x_wconf 89' lang='lat' dir='ltr'>ubi</span> <span class='ocrx_word' id='word_1_331' title='bbox 737 3584 848 3647; x_wconf 81' lang='lat' dir='ltr'>profanae</span> <span class='ocrx_word' id='word_1_332' title='bbox 875 3583 1051 3632; x_wconf 73' lang='lat' dir='ltr'>controversie</span> <span class='ocrx_word' id='word_1_333' title='bbox 1067 3581 1204 3644; x_wconf 75' lang='lat' dir='ltr'>agitantur.</span> 
     </span>
    </p>
   </div>
   <div class='ocr_carea' id='block_1_10' title="bbox 104 3647 1204 3762">
    <p class='ocr_par' dir='ltr' id='par_1_16' title="bbox 104 3647 1204 3762">
     <span class='ocr_line' id='line_1_37' title="bbox 104 3647 1204 3762; baseline -0.003 -64"><span class='ocrx_word' id='word_1_334' title='bbox 104 3651 168 3698; x_wconf 78' lang='lat' dir='ltr'>niam</span> <span class='ocrx_word' id='word_1_335' title='bbox 186 3649 286 3712; x_wconf 86' lang='lat' dir='ltr'>proprio</span> <span class='ocrx_word' id='word_1_336' title='bbox 303 3650 449 3711; x_wconf 86' lang='lat' dir='ltr'>pertineret,</span> <span class='ocrx_word' id='word_1_337' title='bbox 462 3648 574 3710; x_wconf 82' lang='lat' dir='ltr'>cognitio</span> <span class='ocrx_word' id='word_1_338' title='bbox 592 3649 633 3698; x_wconf 90' lang='lat' dir='ltr'>de·</span> <span class='ocrx_word' id='word_1_339' title='bbox 677 3649 770 3698; x_wconf 86' lang='lat' dir='ltr'>Merito</span> <span class='ocrx_word' id='word_1_340' title='bbox 790 3649 818 3696; x_wconf 92' lang='lat' dir='ltr'>in</span> <span class='ocrx_word' id='word_1_341' title='bbox 840 3647 887 3697; x_wconf 87' lang='lat' dir='ltr'>hac</span> <span class='ocrx_word' id='word_1_342' title='bbox 909 3663 936 3697; x_wconf 89' lang='lat' dir='ltr'>ro</span> <span class='ocrx_word' id='word_1_343' title='bbox 959 3647 1013 3762; x_wconf 51' lang='grc' dir='ltr'>Ἕω</span> <span class='ocrx_word' id='word_1_344' title='bbox 1035 3647 1204 3696; x_wconf 78' lang='lat' dir='ltr'>constantiam</span> 
     </span>
    </p>
   </div>
   <div class='ocr_carea' id='block_1_11' title="bbox 104 3711 1204 4619">
    <p class='ocr_par' dir='ltr' id='par_1_17' title="bbox 104 3711 1204 4293">
     <span class='ocr_line' id='line_1_38' title="bbox 104 3711 1204 3775; baseline -0.002 -13"><span class='ocrx_word' id='word_1_345' title='bbox 104 3713 230 3763; x_wconf 82' lang='lat' dir='ltr'>serebatur</span> <span class='ocrx_word' id='word_1_346' title='bbox 241 3713 365 3762; x_wconf 71' lang='lat' dir='ltr'>Ecclesiae.</span> <span class='ocrx_word' id='word_1_347' title='bbox 383 3712 425 3762; x_wconf 88' lang='lat' dir='ltr'>Sic</span> <span class='ocrx_word' id='word_1_348' title='bbox 436 3713 631 3774; x_wconf 80' lang='lat' dir='ltr'>intelligendum</span> <span class='ocrx_word' id='word_1_349' title='bbox 675 3713 780 3763; x_wconf 81' lang='lat' dir='ltr'>laudant</span> <span class='ocrx_word' id='word_1_350' title='bbox 791 3727 878 3762; x_wconf 81' lang='lat' dir='ltr'>omues</span> <span class='ocrx_word' id='word_1_351' title='bbox 890 3749 896 3762; x_wconf 91' lang='lat'>.</span> <span class='ocrx_word' id='word_1_352' title='bbox 909 3749 915 3762; x_wconf 92' lang='lat'>.</span> <span class='ocrx_word' id='word_1_353' title='bbox 927 3748 934 3762; x_wconf 88' lang='lat'><strong>.</strong></span> <span class='ocrx_word' id='word_1_354' title='bbox 995 3716 1054 3775; x_wconf 77' lang='lat' dir='ltr'>eget</span> <span class='ocrx_word' id='word_1_355' title='bbox 1064 3711 1144 3774; x_wconf 76' lang='lat' dir='ltr'>igitur</span> <span class='ocrx_word' id='word_1_356' title='bbox 1156 3711 1204 3760; x_wconf 92' lang='lat' dir='ltr'>lm·</span> 
     </span>
     <span class='ocr_line' id='line_1_39' title="bbox 105 3776 1203 3841; baseline -0.001 -14"><span class='ocrx_word' id='word_1_357' title='bbox 105 3783 151 3837; x_wconf 82' lang='lat' dir='ltr'>eat,</span> <span class='ocrx_word' id='word_1_358' title='bbox 163 3777 229 3840; x_wconf 89' lang='lat' dir='ltr'>quod</span> <span class='ocrx_word' id='word_1_359' title='bbox 241 3777 330 3826; x_wconf 79' lang='lat' dir='ltr'>scribit</span> <span class='ocrx_word' id='word_1_360' title='bbox 341 3778 491 3826; x_wconf 80' lang='lat' dir='ltr'>Ambrosius</span> <span class='ocrx_word' id='word_1_361' title='bbox 502 3776 533 3826; x_wconf 85' lang='lat' dir='ltr'>ad</span> <span class='ocrx_word' id='word_1_362' title='bbox 543 3777 632 3826; x_wconf 85' lang='lat' dir='ltr'>Valcu·</span> <span class='ocrx_word' id='word_1_363' title='bbox 675 3783 815 3841; x_wconf 75' lang='lat' dir='ltr'>potatorem</span> <span class='ocrx_word' id='word_1_364' title='bbox 835 3777 955 3827; x_wconf 88' lang='lat' dir='ltr'>idoneum</span> <span class='ocrx_word' id='word_1_365' title='bbox 977 3791 1029 3826; x_wconf 80' lang='lat' dir='ltr'>eoae</span> <span class='ocrx_word' id='word_1_366' title='bbox 1046 3777 1203 3838; x_wconf 79' lang='lat' dir='ltr'>cognitorem</span> 
     </span>
     <span class='ocr_line' id='line_1_40' title="bbox 106 3840 1203 3904; baseline 0 -13"><span class='ocrx_word' id='word_1_367' title='bbox 106 3844 246 3899; x_wconf 68' lang='lat' dir='ltr'>linianum,</span> <span class='ocrx_word' id='word_1_368' title='bbox 269 3842 394 3904; x_wconf 55' lang='grc' dir='ltr'>Λαμπρία</span> <span class='ocrx_word' id='word_1_369' title='bbox 412 3842 541 3891; x_wconf 76' lang='lat' dir='ltr'>memorie</span> <span class='ocrx_word' id='word_1_370' title='bbox 555 3847 633 3904; x_wconf 83' lang='lat' dir='ltr'>poter</span> <span class='ocrx_word' id='word_1_371' title='bbox 675 3847 753 3893; x_wconf 82' lang='lat' dir='ltr'>iautae</span> <span class='ocrx_word' id='word_1_372' title='bbox 761 3840 1058 3892; x_wconf 80' lang='lat' dir='ltr'>controvcmioe.’&#39;-Calr.</span> <span class='ocrx_word' id='word_1_373' title='bbox 1066 3840 1150 3890; x_wconf 84' lang='lat' dir='ltr'>luatit.</span> <span class='ocrx_word' id='word_1_374' title='bbox 1158 3841 1203 3891; x_wconf 91' lang='lat' dir='ltr'>lib.</span> 
     </span>
     <span class='ocr_line' id='line_1_41' title="bbox 104 3905 1192 4018; baseline -0.001 -62"><span class='ocrx_word' id='word_1_375' title='bbox 104 3914 163 3956; x_wconf 78' lang='lat' dir='ltr'>luno</span> <span class='ocrx_word' id='word_1_376' title='bbox 173 3922 223 3956; x_wconf 81' lang='lat' dir='ltr'>non</span> <span class='ocrx_word' id='word_1_377' title='bbox 232 3907 311 3955; x_wconf 80' lang='lat' dir='ltr'>modo</span> <span class='ocrx_word' id='word_1_378' title='bbox 319 3907 578 3969; x_wconf 75' lang='lat' dir='ltr'>aennonerrrpondit,</span> <span class='ocrx_word' id='word_1_379' title='bbox 587 3907 633 3955; x_wconf 79' lang='lat' dir='ltr'>aed</span> <span class='ocrx_word' id='word_1_380' title='bbox 675 3908 708 3957; x_wconf 84' lang='lat' dir='ltr'>iv.</span> <span class='ocrx_word' id='word_1_381' title='bbox 721 3922 773 3970; x_wconf 90' lang='lat' dir='ltr'>cap.</span> <span class='ocrx_word' id='word_1_382' title='bbox 782 3911 820 3957; x_wconf 85' lang='lat'>11.</span> <span class='ocrx_word' id='word_1_383' title='bbox 833 3910 893 3968; x_wconf 68' lang='grc'>515.</span> <span class='ocrx_word' id='word_1_384' title='bbox 906 3908 961 3970; x_wconf 85' lang='lat' dir='ltr'>Op,</span> <span class='ocrx_word' id='word_1_385' title='bbox 972 3911 1034 3956; x_wconf 89' lang='lat' dir='ltr'>tom.</span> <span class='ocrx_word' id='word_1_386' title='bbox 1044 3905 1078 3955; x_wconf 84' lang='lat' dir='ltr'>ix.</span> <span class='ocrx_word' id='word_1_387' title='bbox 1091 3920 1115 3969; x_wconf 93' lang='lat' dir='ltr'>p.</span> <span class='ocrx_word' id='word_1_388' title='bbox 1125 3905 1192 4018; x_wconf 61' lang='lat' dir='ltr'>md</span> 
     </span>
     <span class='ocr_line' id='line_1_42' title="bbox 105 3970 1204 4036; baseline 0 -16"><span class='ocrx_word' id='word_1_389' title='bbox 105 3972 202 4034; x_wconf 69' lang='lat' dir='ltr'>lepidus</span> <span class='ocrx_word' id='word_1_390' title='bbox 218 3987 314 4034; x_wconf 64' lang='lat' dir='ltr'>quoque</span> <span class='ocrx_word' id='word_1_391' title='bbox 325 3972 418 4030; x_wconf 70' lang='lat' dir='ltr'>sanxit,</span> <span class='ocrx_word' id='word_1_392' title='bbox 432 3972 460 4019; x_wconf 82' lang='lat' dir='ltr'>in</span> <span class='ocrx_word' id='word_1_393' title='bbox 476 3987 554 4019; x_wconf 77' lang='lat' dir='ltr'>cauea</span> <span class='ocrx_word' id='word_1_394' title='bbox 565 3971 633 4034; x_wconf 76' lang='lat' dir='ltr'>fidei</span> <span class='ocrx_word' id='word_1_395' title='bbox 708 3980 718 4003; x_wconf 73' lang='lat'>⁶</span> <span class='ocrx_word' id='word_1_396' title='bbox 736 3972 762 4036; x_wconf 81' lang='lat'>[&#39;‘</span> <span class='ocrx_word' id='word_1_397' title='bbox 774 3971 947 4021; x_wconf 81' lang='lat' dir='ltr'>Hancvanam</span> <span class='ocrx_word' id='word_1_398' title='bbox 959 3971 1125 4021; x_wconf 85' lang='lat' dir='ltr'>ambitionem</span> <span class='ocrx_word' id='word_1_399' title='bbox 1135 3970 1170 4033; x_wconf 81' lang='lat' dir='ltr'>(vi</span> <span class='ocrx_word' id='word_1_400' title='bbox 1189 3986 1204 4020; x_wconf 89' lang='lat' dir='ltr'>e</span> 
     </span>
     <span class='ocr_line' id='line_1_43' title="bbox 104 4035 1203 4100; baseline -0.001 -15"><span class='ocrx_word' id='word_1_401' title='bbox 104 4052 163 4085; x_wconf 80' lang='lat' dir='ltr'>eum</span> <span class='ocrx_word' id='word_1_402' title='bbox 175 4035 296 4098; x_wconf 77' lang='lat' dir='ltr'>judicare</span> <span class='ocrx_word' id='word_1_403' title='bbox 309 4035 401 4094; x_wconf 81' lang='lat' dir='ltr'>debere,</span> <span class='ocrx_word' id='word_1_404' title='bbox 413 4036 459 4098; x_wconf 76' lang='lat' dir='ltr'>qui</span> <span class='ocrx_word' id='word_1_405' title='bbox 476 4050 632 4084; x_wconf 69' lang='lat' dir='ltr'>incitauere</span> <span class='ocrx_word' id='word_1_406' title='bbox 676 4036 735 4086; x_wconf 88' lang='lat' dir='ltr'>Luc.</span> <span class='ocrx_word' id='word_1_407' title='bbox 748 4038 811 4086; x_wconf 83' lang='lat' dir='ltr'>xxii.</span> <span class='ocrx_word' id='word_1_408' title='bbox 824 4038 873 4100; x_wconf 78' lang='lat'><strong>25.)</strong></span> <span class='ocrx_word' id='word_1_409' title='bbox 893 4041 922 4085; x_wconf 81' lang='lat' dir='ltr'>ut</span> <span class='ocrx_word' id='word_1_410' title='bbox 939 4041 1106 4098; x_wconf 77' lang='lat' dir='ltr'>compesceret</span> <span class='ocrx_word' id='word_1_411' title='bbox 1118 4035 1203 4085; x_wconf 91' lang='lat' dir='ltr'>Domi·</span> 
     </span>
     <span class='ocr_line' id='line_1_44' title="bbox 104 4099 1203 4164; baseline -0.002 -14"><span class='ocrx_word' id='word_1_412' title='bbox 104 4101 254 4164; x_wconf 69' lang='lat' dir='ltr'>eitimpor,</span> <span class='ocrx_word' id='word_1_413' title='bbox 277 4115 321 4149; x_wconf 80' lang='lat' dir='ltr'>nce</span> <span class='ocrx_word' id='word_1_414' title='bbox 337 4100 398 4163; x_wconf 80' lang='lat' dir='ltr'>jure</span> <span class='ocrx_word' id='word_1_415' title='bbox 420 4100 562 4149; x_wconf 78' lang='lat' dir='ltr'>dieainrr&#39;lia.</span> <span class='ocrx_word' id='word_1_416' title='bbox 587 4099 631 4162; x_wconf 80' lang='lat' dir='ltr'>Ep.</span> <span class='ocrx_word' id='word_1_417' title='bbox 676 4115 731 4160; x_wconf 81' lang='lat' dir='ltr'>uua,</span> <span class='ocrx_word' id='word_1_418' title='bbox 752 4116 839 4150; x_wconf 88' lang='lat' dir='ltr'>eorum</span> <span class='ocrx_word' id='word_1_419' title='bbox 867 4101 1037 4149; x_wconf 68' lang='lat' dir='ltr'>ministerium</span> <span class='ocrx_word' id='word_1_420' title='bbox 1072 4114 1124 4148; x_wconf 92' lang='lat' dir='ltr'>uon</span> <span class='ocrx_word' id='word_1_421' title='bbox 1151 4115 1203 4149; x_wconf 81' lang='lat' dir='ltr'>csse</span> 
     </span>
     <span class='ocr_line' id='line_1_45' title="bbox 105 4164 1203 4293; baseline -0.003 -14"><span class='ocrx_word' id='word_1_422' title='bbox 105 4164 633 4293; x_wconf 63' lang='lat' dir='ltr'>euenere</span> <span class='ocrx_word' id='word_1_423' title='bbox 784 4165 868 4279; x_wconf 76' lang='lat' dir='ltr'>ee</span> <span class='ocrx_word' id='word_1_424' title='bbox 881 4164 1203 4279; x_wconf 57' lang='lat' dir='ltr'>,err-erere</span> 
     </span>
     <span class='ocr_line' id='line_1_46' title="bbox 126 4254 747 4287; baseline -0.005 -8"><span class='ocrx_word' id='word_1_425' title='bbox 126 4266 133 4279; x_wconf 83' lang='grc'><strong>.</strong></span> <span class='ocrx_word' id='word_1_426' title='bbox 197 4265 203 4277; x_wconf 87' lang='lat'><strong>·</strong></span> <span class='ocrx_word' id='word_1_427' title='bbox 403 4266 409 4287; x_wconf 90' lang='lat'>,</span> <span class='ocrx_word' id='word_1_428' title='bbox 433 4254 440 4277; x_wconf 85' lang='grc' dir='ltr'><strong><em>ι</em></strong></span> <span class='ocrx_word' id='word_1_429' title='bbox 741 4267 747 4287; x_wconf 83' lang='lat'>,</span> 
     </span>
    </p>

    <p class='ocr_par' dir='ltr' id='par_1_18' title="bbox 105 4244 1204 4619">
     <span class='ocr_line' id='line_1_47' title="bbox 105 4244 1203 4356; baseline -0.003 -12"><span class='ocrx_word' id='word_1_430' title='bbox 105 4301 152 4344; x_wconf 79' lang='lat' dir='ltr'>aet</span> <span class='ocrx_word' id='word_1_431' title='bbox 175 4300 259 4343; x_wconf 66' lang='lat' dir='ltr'>emero</span> <span class='ocrx_word' id='word_1_432' title='bbox 285 4293 398 4355; x_wconf 68' lang='lat' dir='ltr'>meropia</span> <span class='ocrx_word' id='word_1_433' title='bbox 425 4245 563 4351; x_wconf 58' lang='lat' dir='ltr'>intentiori„</span> <span class='ocrx_word' id='word_1_434' title='bbox 590 4293 634 4355; x_wconf 81' lang='lat' dir='ltr'>[Si</span> <span class='ocrx_word' id='word_1_435' title='bbox 676 4244 811 4356; x_wconf 73' lang='lat' dir='ltr'>dignitaqtie</span> <span class='ocrx_word' id='word_1_436' title='bbox 829 4267 906 4343; x_wconf 58' lang='lat' dir='ltr'>lu’eitl</span> <span class='ocrx_word' id='word_1_437' title='bbox 939 4245 994 4343; x_wconf 58' lang='lat' dir='ltr'>lide</span> <span class='ocrx_word' id='word_1_438' title='bbox 1016 4293 1078 4355; x_wconf 90' lang='lat' dir='ltr'>quid</span> <span class='ocrx_word' id='word_1_439' title='bbox 1099 4244 1203 4341; x_wconf 67' lang='lat' dir='ltr'>oningino</span> 
     </span>
     <span class='ocr_line' id='line_1_48' title="bbox 106 4357 1204 4422; baseline -0.004 -14"><span class='ocrx_word' id='word_1_440' title='bbox 106 4359 302 4422; x_wconf 64' lang='lat' dir='ltr'>seripturarum</span> <span class='ocrx_word' id='word_1_441' title='bbox 317 4358 408 4407; x_wconf 75' lang='lat' dir='ltr'>certem</span> <span class='ocrx_word' id='word_1_442' title='bbox 421 4358 580 4415; x_wconf 77' lang='lat' dir='ltr'>divinorum,</span> <span class='ocrx_word' id='word_1_443' title='bbox 597 4357 634 4405; x_wconf 80' lang='lat' dir='ltr'>cet</span> <span class='ocrx_word' id='word_1_444' title='bbox 676 4359 778 4417; x_wconf 85' lang='lat' dir='ltr'>evincit,</span> <span class='ocrx_word' id='word_1_445' title='bbox 796 4359 846 4407; x_wconf 81' lang='lat' dir='ltr'>uisi</span> <span class='ocrx_word' id='word_1_446' title='bbox 863 4359 959 4421; x_wconf 82' lang='lat' dir='ltr'>regium</span> <span class='ocrx_word' id='word_1_447' title='bbox 985 4372 1077 4406; x_wconf 83' lang='lat' dir='ltr'>munna</span> <span class='ocrx_word' id='word_1_448' title='bbox 1099 4358 1204 4418; x_wconf 74' lang='lat' dir='ltr'>Aperte</span> 
     </span>
     <span class='ocr_line' id='line_1_49' title="bbox 105 4419 1202 4485; baseline -0.004 -13"><span class='ocrx_word' id='word_1_449' title='bbox 105 4430 189 4473; x_wconf 71' lang='lat' dir='ltr'>celero</span> <span class='ocrx_word' id='word_1_450' title='bbox 201 4429 316 4485; x_wconf 81' lang='lat' dir='ltr'>temporo</span> <span class='ocrx_word' id='word_1_451' title='bbox 327 4427 496 4482; x_wconf 71' lang='lat' dir='ltr'>retractemus,</span> <span class='ocrx_word' id='word_1_452' title='bbox 506 4423 552 4472; x_wconf 84' lang='lat' dir='ltr'>Ed.</span> <span class='ocrx_word' id='word_1_453' title='bbox 562 4422 633 4485; x_wconf 82' lang='lat' dir='ltr'>Ben]</span> <span class='ocrx_word' id='word_1_454' title='bbox 677 4423 755 4471; x_wconf 84' lang='lat' dir='ltr'>licum</span> <span class='ocrx_word' id='word_1_455' title='bbox 767 4439 818 4472; x_wconf 91' lang='lat' dir='ltr'>non</span> <span class='ocrx_word' id='word_1_456' title='bbox 838 4438 890 4472; x_wconf 78' lang='lat' dir='ltr'>eme</span> <span class='ocrx_word' id='word_1_457' title='bbox 908 4419 1202 4471; x_wconf 75' lang='lat' dir='ltr'>ministerium.”—Calv.</span> 
     </span>
     <span class='ocr_line' id='line_1_50' title="bbox 105 4485 1203 4551; baseline -0.003 -14"><span class='ocrx_word' id='word_1_458' title='bbox 105 4487 379 4551; x_wconf 78' lang='lat' dir='ltr'>quieeolqrriolmunt,</span> <span class='ocrx_word' id='word_1_459' title='bbox 393 4487 509 4536; x_wconf 71' lang='lat' dir='ltr'>incaene</span> <span class='ocrx_word' id='word_1_460' title='bbox 520 4485 593 4550; x_wconf 77' lang='lat' dir='ltr'>fidei,</span> <span class='ocrx_word' id='word_1_461' title='bbox 607 4488 634 4534; x_wconf 85' lang='lat' dir='ltr'>in</span> <span class='ocrx_word' id='word_1_462' title='bbox 678 4486 740 4536; x_wconf 82' lang='lat' dir='ltr'>inat.</span> <span class='ocrx_word' id='word_1_463' title='bbox 764 4489 806 4536; x_wconf 89' lang='lat' dir='ltr'>lib.</span> <span class='ocrx_word' id='word_1_464' title='bbox 819 4489 852 4536; x_wconf 79' lang='lat' dir='ltr'>iv.</span> <span class='ocrx_word' id='word_1_465' title='bbox 873 4502 926 4550; x_wconf 82' lang='lat' dir='ltr'>cop.</span> <span class='ocrx_word' id='word_1_466' title='bbox 945 4490 983 4536; x_wconf 84' lang='lat'>20.</span> <span class='ocrx_word' id='word_1_467' title='bbox 998 4486 1013 4550; x_wconf 67' lang='grc' dir='ltr'><strong>ξ</strong></span> <span class='ocrx_word' id='word_1_468' title='bbox 1027 4485 1049 4536; x_wconf 77' lang='lat' dir='ltr'>i.</span> <span class='ocrx_word' id='word_1_469' title='bbox 1073 4485 1203 4549; x_wconf 73' lang='lat' dir='ltr'>Op.,tem.</span> 
     </span>
     <span class='ocr_line' id='line_1_51' title="bbox 105 4551 829 4619; baseline -0.003 -16"><span class='ocrx_word' id='word_1_470' title='bbox 105 4568 185 4603; x_wconf 76' lang='lat' dir='ltr'>camo</span> <span class='ocrx_word' id='word_1_471' title='bbox 195 4551 394 4616; x_wconf 76' lang='lat' dir='ltr'>(inquam)fidei</span> <span class='ocrx_word' id='word_1_472' title='bbox 404 4551 547 4615; x_wconf 70' lang='lat' dir='ltr'>Episcopor</span> <span class='ocrx_word' id='word_1_473' title='bbox 556 4551 634 4600; x_wconf 69' lang='lat' dir='ltr'>colere</span> <span class='ocrx_word' id='word_1_474' title='bbox 678 4552 711 4602; x_wconf 86' lang='lat' dir='ltr'>ix.</span> <span class='ocrx_word' id='word_1_475' title='bbox 725 4567 748 4618; x_wconf 92' lang='lat' dir='ltr'>p.</span> <span class='ocrx_word' id='word_1_476' title='bbox 759 4553 829 4619; x_wconf 77' lang='grc'><strong>399.]</strong></span> 
     </span>
    </p>
   </div>
   <div class='ocr_carea' id='block_1_12' title="bbox 0 0 1461 4926">
    <p class='ocr_par' dir='ltr' id='par_1_19' title="bbox 0 0 1461 4926">
     <span class='ocr_line' id='line_1_52' title="bbox 0 0 1461 4926; baseline 0 0"><span class='ocrx_word' id='word_1_477' title='bbox 0 0 1461 4926; x_wconf 95' lang='lat' dir='ltr'> </span> 
     </span>
    </p>
   </div>
  </div>
 </body>
</html>
