2910 4926
256 276 322 339 210
572 286 615 334 rr>
638 286 829 336 oenomaus
849 284 1050 335 smmsmm

258 451 406 511 mentum
428 441 544 524 Vetus)
572 463 669 525 quam
691 441 747 526 qui
768 441 832 504 fuit
853 440 930 505 olim
964 440 1146 523 Synapopoe.
1190 435 1264 500 Etsi
1288 454 1365 499 vero

261 547 418 614 Hebraeos
447 545 533 628 (cum
567 545 779 630 Hieronymo)
808 544 947 608 libenter
977 543 1141 626 sequimur
1169 540 1205 603 in
1232 540 1364 604 Cauone

260 651 371 729 veteri,
395 670 463 713 nou
486 655 599 712 tamen
619 649 774 730 Spiritum
795 649 947 710 Sanctum
970 648 1137 729 ollipamus
1160 644 1205 706 od
1226 643 1365 725 lippeam

262 755 461 832 Hebraicom,
473 759 508 815 ut
517 752 640 815 Judoet:
665 773 769 833 neque
785 752 829 813 od
842 752 981 832 linquam
991 751 1146 825 Italicam,
1157 756 1190 811 et
1205 768 1239 810 os
1253 746 1366 809 summi

264 859 419 935 Pastoris,
445 864 483 919 ut
506 877 581 932 vos3
613 854 694 919 liber
718 863 787 917 erat
815 854 962 938 Spiritus,
988 853 1041 914 ubi
1065 853 1171 929 voluit,
1195 849 1329 931 spiravit
1339 857 1364 913 ¹:

263 981 379 1043 neque,
395 959 473 1043 quid
492 959 546 1023 hic
560 958 665 1023 facere
683 957 836 1041 potuerit,
852 958 910 1020 sed
925 956 1002 1040 quid
1017 955 1138 1033 fecerit,
1154 953 1364 1036 disputamus.

265 1064 376 1127 Potuit
409 1063 515 1125 Graece
545 1062 683 1125 dictasse
712 1069 804 1125 tum:
842 1081 909 1123 non
939 1058 1080 1122 dictavit.
1138 1057 1265 1120 Credita
1293 1061 1366 1119 sunt

264 1167 382 1230 Judaeis
397 1167 518 1248 eloquio
532 1166 614 1237 Dea·
636 1167 746 1227 (ἕνεκα
760 1163 825 1226 illis
840 1163 961 1226 credita
972 1183 1032 1226 nec
1045 1160 1224 1225 Cardinalis
1238 1159 1364 1222 dixerit.

297 1283 374 1333 Recte
386 1282 432 1347 [S]
445 1283 604 1346 Augustinus
619 1283 663 1331 lib.
677 1282 748 1331 xviii.
761 1281 792 1331 de
804 1279 857 1330 (liv.
872 1281 928 1341 Dei,
941 1296 995 1345 cap.
1005 1283 1043 1329 36.
1064 1278 1182 1328 ‘Libros’
1200 1279 1285 1342 inquit
1299 1278 1367 1327 ‘Ma

222 1371 232 1392 ·
329 1365 489 1415 ehubeeorum
502 1380 554 1414 uon
569 1365 585 1413 J
588 1365 663 1425 udaei,
676 1364 719 1414 sed
731 1364 842 1413 Ecclesia
860 1378 905 1427 pro
917 1362 1051 1412 canonicis
1065 1360 1279 1426 habers-[usu.
1292 1360 1368 1425 Apol.

330 1461 376 1510 pro
385 1445 473 1510 Rssp]
489 1461 514 1509 p.
527 1446 567 1497 78.
585 1445 651 1511 [Op.
662 1451 724 1495 tom.
736 1444 779 1494 vii.
792 1445 838 1494 col.
850 1444 906 1496 748.
919 1442 946 1493 0.
960 1442 1001 1507 Ι).]

103 1552 152 1619 [De
168 1551 253 1602 haere
309 1537 515 1620 Augustinus
535 1543 654 1616 autem,
679 1536 725 1600 ibi
747 1536 797 1600 vel
817 1536 989 1599 Cononieoa
1014 1534 1095 1598 dixit
1113 1533 1367 1598 Mactatoeorum

102 1617 249 1746 {2³3ssss
267 1640 363 1705 libros
388 1639 430 1703 ad
458 1661 574 1719 mores,
602 1639 700 1722 (unde
729 1639 860 1718 scilicet,
884 1638 1029 1723 exempla
1051 1638 1218 1716 virtutum,
1241 1658 1369 1701 morum

266 1744 387 1828 regulae
400 1743 468 1826 peti
489 1751 620 1827 possent
631 1744 651 1826 ε)
669 1743 729 1822 vel,
746 1743 773 1806 si
793 1764 860 1807 nou
874 1742 964 1821 dixit,
981 1741 1128 1805 audimus
1144 1740 1370 1806 cardinalem:

267 1847 429 1912 mittimus
443 1847 541 1925 hune,
563 1846 629 1929 (qui
643 1846 677 1909 in
693 1845 811 1929 angulo
825 1845 944 1909 Alricae
960 1844 1178 1928 Hipponensis
1192 1844 1369 1927 Episcopus

266 1949 516 2036 fmt)au‹1imus
545 1970 580 2013 os
606 1950 726 2012 Summi
752 1948 927 2030 Pontifices,
955 1948 1103 2032 Gregorii
1128 1948 1244 2031 Magni
1252 1947 1272 2025 t,
1303 1947 1369 2031 qui,

269 2053 417 2117 ducentis
433 2061 507 2136 post
529 2053 633 2130 annis,
651 2054 824 2116 Canonicos
841 2051 1035 2136 pernegavit.
1083 2050 1146 2114 Sed
1165 2049 1247 2113 nihil
1268 2071 1368 2133 opus:

267 2157 365 2221 etiam
374 2156 550 2240 Augustini
560 2156 660 2240 ipsius
671 2166 750 2234 orel,
765 2158 827 2240 (De
837 2154 954 2219 Mirab.
965 2153 1121 2237 Scriptii.
1132 2155 1186 2217 32.
1193 2179 1202 2233 3
1215 2156 1367 2218 eontra2.

266 2262 368 2344 Epist.
387 2260 548 2325 Gaudent.
565 2282 593 2324 c.
609 2262 676 2344 23.)
697 2261 846 2324 Cononici
860 2266 1021 2343 negantur
1035 2280 1112 2323 esse.

298 2387 404 2450 Alioqui
415 2385 477 2435 fides
487 2390 573 2436 nostra
583 2387 616 2435 ab
627 2386 760 2436 hominum
772 2385 939 2447 dubitatione,
947 2385 987 2436 rel
998 2400 1050 2435 non
1062 2385 1228 2444 dubitatione,
1239 2384 1369 2449 penderet.

330 2467 380 2517 Sed
391 2467 431 2516 illi
442 2467 490 2516 soli
501 2473 561 2516 sunt
571 2466 695 2517 habendi.
708 2504 714 2516 .
727 2467 856 2528 canonici,
868 2502 892 2518 ..
906 2504 912 2517 .
924 2481 987 2530 quos
1004 2473 1086 2517 mater
1102 2466 1213 2517 Ecclesia
1226 2503 1249 2517 ..
1262 2503 1268 2516 .
1280 2482 1326 2532 per
1341 2482 1371 2518 os

330 2548 425 2597 summi
443 2548 560 2608 Pastoris,
579 2549 629 2613 [vel
640 2547 811 2598 Consiliorum
821 2546 1013 2611 legitimorum]
1031 2563 1084 2598 esse
1095 2547 1275 2613 dicit-[Bell
1294 2548 1371 2613 Apol.

332 2643 378 2693 pro
395 2629 479 2693 Resp]
497 2646 520 2693 p.
534 2630 572 2680 78.
592 2629 662 2695 [ορ.,
673 2634 734 2679 tom.
743 2630 786 2679 vii.
799 2630 845 2680 eol.
854 2630 910 2680 748.
921 2630 967 2693 Ι).]

312 2719 381 2781 Scit
397 2727 506 2782 autem
522 2719 701 2783 Cardinalis
717 2720 796 2783 scire
810 2740 880 2798 nos,
897 2720 995 2783 etiam
1012 2719 1051 2782 de
1067 2718 1257 2802 quibusdam
1273 2719 1371 2802 primi

269 2822 400 2886 Ordinis
416 2823 587 2887 Canonicis
609 2822 795 2886 dubitatum
810 2844 889 2901 esse,
906 2844 966 2886 nee
986 2845 1006 2885 o
1027 2824 1227 2902 dubitatione,
1242 2825 1292 2886 vel
1309 2845 1372 2887 aon

269 2925 471 3004 dubitatione,
481 2927 621 3007 pendere
635 2925 728 2990 nobis
743 2927 871 2990 illorum
886 2927 1123 2990 auctoritatem.
1169 2927 1278 2991 Gratis
1294 2948 1372 3010 ergo

303 3083 312 3108 ¹
329 3074 377 3139 [Cf.
388 3074 404 3125 J
407 3090 461 3126 oen.
473 3076 510 3126 iii.
524 3076 560 3139 8.]
874 3086 886 3109 '¹
899 3077 963 3143 [“ln
973 3077 1173 3128 Machabrrorum
1182 3078 1264 3136 libris,
1272 3078 1373 3128 etsiali·

304 3148 313 3170 ⁸
330 3144 357 3204 [“
367 3140 479 3197 Quorum
492 3143 638 3205 supputatio
653 3147 797 3205 temporum
841 3142 902 3206 quid
918 3143 1073 3192 mirabilium
1089 3158 1194 3192 numero
1210 3144 1372 3193 inserendum

271 3219 323 3253 nou
345 3205 373 3253 in
395 3205 532 3268 Seriptnris
552 3208 653 3265 sanctis,
675 3222 732 3269 quse
755 3207 798 3256 Ca·
841 3208 992 3256 conveniens
1003 3207 1169 3257 suisseordini
1181 3208 1331 3268 inveniatur,
1340 3207 1373 3258 de

272 3269 369 3318 noniem
382 3271 548 3333 appellantur,
564 3270 607 3320 sed
621 3273 648 3321 in
659 3272 717 3321 aliis
733 3273 798 3321 inve·
843 3272 890 3321 hoe
913 3277 998 3321 tamen
1020 3272 1091 3321 nulla
1112 3288 1172 3322 cura
1193 3273 1358 3335 fatigabimur
1366 3291 1374 3335 ;

271 3335 349 3391 nitur,
370 3336 397 3382 in
420 3336 512 3397 quibus
528 3339 588 3384 sunt
605 3341 631 3385 et
648 3336 800 3386 Machabaeo
844 3339 905 3400 quia
916 3342 1015 3385 tantum
1027 3352 1101 3399 agere
1112 3338 1294 3400 proposuimus,
1304 3337 1374 3388 utde

273 3413 329 3447 rum
341 3399 408 3459 libri,
420 3414 481 3462 quos
499 3415 550 3448 uon
560 3399 652 3458 ludaei,
663 3401 708 3450 sed
719 3402 801 3451 Eecle
845 3401 933 3451 Divini
946 3401 1055 3450 (lenonis
1070 3401 1230 3450 mirabilibus
1245 3404 1374 3466 exiguam,

273 3464 311 3511 sis
327 3478 373 3526 pro
386 3466 514 3513 canonicis
530 3464 729 3528 habet,propter
744 3481 801 3529 quo·
845 3467 960 3528 quamvis
985 3466 1108 3528 ingenioli
1134 3468 1214 3515 nostri
1240 3465 1374 3517 modulum

274 3529 382 3576 rundam
408 3534 547 3590 martprum
580 3532 707 3592 passiones
731 3531 802 3580 rebe·
844 3530 1015 3589 excedentem,
1027 3531 1171 3580 historicam
1188 3532 1373 3594 expositionem

274 3594 802 3658 mentes,atquomirabiles.qui,antequam
844 3596 1373 3659 exaliquapurtetungeremus”—August.

276 3656 391 3705 Christus
402 3659 511 3706 venisset
522 3659 549 3706 in
560 3673 669 3713 earnem.
680 3675 757 3721 usque
768 3660 801 3709 ad
845 3660 984 3708 Monachus
999 3660 1114 3709 Cuntnur.
1129 3661 1196 3721 (virle
1210 3660 1285 3709 Cerei
1304 3662 1372 3711 lllst.

276 3725 384 3769 mortem
401 3736 446 3783 pro
463 3722 510 3771 Dei
527 3723 582 3784 lege
598 3728 763 3784 certaverunt,
776 3729 802 3773 et
845 3724 895 3773 hit
906 3729 967 3773 tom.
979 3725 995 3772 i.
1016 3738 1039 3786 p.
1052 3727 1117 3787 294.)
1136 3724 1167 3773 de
1178 3725 1268 3776 llllrub.
1281 3725 1373 3789 Seript

277 3786 344 3834 melu
353 3787 502 3847 gravissima
516 3792 591 3849 atque
602 3787 734 3837 horribilia
749 3803 801 3851 pcr·
845 3788 889 3837 lib.
904 3789 930 3837 ii.
952 3803 1005 3851 cap.
1024 3790 1078 3847 34.;
1100 3789 1166 3852 apud
1186 3789 1211 3838 S.
1224 3791 1289 3851 hug.
1316 3792 1372 3855 Op,

277 3850 470 3899 tulerunt.”-S.
482 3853 547 3912 Aug.
567 3852 598 3899 de
610 3852 662 3900 Cir.
681 3853 736 3910 Dei,
757 3854 800 3902 lib.
845 3858 906 3902 tom.
917 3855 955 3902 iii.
972 3853 1087 3916 Append.
1105 3854 1151 3902 col.
1165 3855 1235 3905 2778.
1250 3854 1276 3907 C.
1290 3854 1319 3904 D.

276 3914 346 3961 xviii.
360 3929 412 3976 cap.
422 3918 461 3964 36.
480 3914 535 3978 Op..
553 3922 613 3964 tom.
625 3917 669 3965 rii.
682 3918 801 3969 collese.
886 3921 901 3943 “
924 3917 958 3966 Et
985 3918 1049 3966 hune
1076 3917 1179 3980 quidem
1207 3920 1372 3982 scripturum,

276 3975 315 4031 1>;
333 3980 387 4026 834.
401 3980 445 4042 Α.]
845 3996 902 4045 qum
925 3983 1066 4046 appellatur
1085 3982 1295 4041 lllaehsbaeomm,
1319 3999 1374 4034 non

309 4044 317 4072 ²
335 4042 364 4104 [⁸¹
373 4042 411 4091 De
428 4059 477 4105 qua
489 4059 515 4093 rs
533 4058 584 4093 non
600 4045 741 4095 inordinate
752 4046 802 4108 sgi-
845 4046 940 4095 hubent
960 4047 975 4095 J
979 4047 1044 4095 udrei
1062 4048 1126 4095 sicut
1145 4046 1246 4109 Legem,
1265 4053 1292 4097 ct
1315 4048 1374 4098 Pro

276 4120 341 4164 mus,
351 4107 373 4155 si
388 4123 419 4156 ex
434 4109 514 4165 libris,
525 4109 585 4158 lieet
596 4125 646 4159 non
661 4110 800 4167 canonicis,
845 4111 941 4174 phetas,
956 4117 982 4160 et
1001 4111 1120 4168 l'sslmos,
1137 4112 1228 4174 quibus
1248 4112 1374 4164 Dominus

276 4171 319 4218 sed
331 4175 417 4221 tamen
428 4172 460 4221 sd
477 4173 670 4224 aedificationem
684 4176 801 4225 Ecclesire
845 4176 1018 4225 testimouium
1035 4176 1157 4239 perhibet,
1169 4183 1289 4239 tanquam
1304 4181 1374 4228 testi·

275 4235 359 4295 edith,
372 4238 545 4287 testimonium
557 4240 717 4300 proferamus.
749 4241 801 4289 Ele·
844 4240 892 4289 bus
900 4241 951 4289 suis
963 4276 984 4288 ..
998 4277 1003 4288 .
1014 4240 1062 4289 Sed
1069 4247 1211 4302 reeeptaest
1221 4242 1253 4290 ab
1264 4243 1374 4294 Ecclesia

273 4314 331 4348 arar
352 4315 460 4365 namque
481 4303 508 4350 in
531 4304 619 4366 praelio
640 4304 799 4368 elephantem
843 4319 893 4353 non
916 4306 1049 4363 inutiliter,
1064 4306 1086 4352 si
1109 4305 1190 4354 sobrie
1212 4306 1311 4368 legatur
1332 4309 1373 4357 vel

273 4364 364 4414 feriens
381 4367 550 4416 stravit.”-S.
561 4370 634 4430 Greg.
648 4369 674 4417 bl
687 4369 697 4431 ]
712 4369 799 4418 Moral.
843 4369 1013 4418 audiatur.'’-
1024 4370 1047 4418 S.
1066 4371 1131 4431 Aug.
1151 4376 1229 4420 contr.
1248 4372 1373 4422 Gaudent.

284 4429 311 4477 in
333 4430 391 4479 Job.
408 4429 463 4494 lih]
485 4432 538 4480 xix.
562 4432 643 4496 [cup]
669 4435 722 4483 xiii.
736 4433 798 4497 [xxi.
843 4434 888 4482 lib.
900 4435 917 4482 i.
939 4449 992 4496 cap.
1010 4435 1080 4482 xxxi.
1114 4439 1169 4497 Op,
1192 4437 1301 4488 tomis.
1324 4437 1371 4486 eol.

310 4508 334 4543 rt
347 4493 402 4556 Op,
414 4501 473 4545 tom.
487 4498 502 4546 i.
515 4497 561 4545 col.
573 4500 628 4556 622,
642 4497 683 4560 h]
844 4501 917 4546 1006.
931 4499 958 4556 0,
972 4497 1017 4560 Ι).]
