2910 4926
263 268 328 332 376
577 284 620 331 ln
643 282 833 331 crasmarus
856 281 1054 330 ammiano

263 446 440 522 appareret.
484 440 580 504 Esset
594 441 656 505 hoc
671 461 740 504 vere
755 442 931 504 inauditum
949 441 1145 516 miraculum,
1160 437 1269 502 nullus
1289 436 1368 501 dum

263 541 414 606 existeret
428 543 659 621 Antichristus,
682 550 796 608 contra
815 542 1063 622 Antichristum,
1081 548 1195 606 contra
1216 563 1277 606 aon
1295 542 1367 606 Ena

262 646 485 711 testimonium
502 644 595 710 ferre.
610 647 720 730 {Non
731 643 834 728 pictate
853 666 929 710 vero
949 647 1027 710 daos
1048 646 1120 710 illos
1138 647 1242 709 Testes
1264 645 1365 729 prius,

263 770 331 814 non
359 748 448 832 prius
474 750 667 830 apparuisse,
697 769 758 813 nec
787 748 850 812 nisi
873 756 964 825 tum3
991 747 1125 813 verbum
1154 748 1189 812 in
1220 754 1367 812 comeatu

265 852 402 917 nullum.
448 852 516 916 Diu
539 859 625 930 ante,
648 860 681 915 et
703 859 806 933 erant,
823 857 856 915 et
878 851 948 916 aliis
971 851 1011 916 de
1031 851 1127 915 rebus
1144 852 1256 916 testati
1277 859 1368 916 sunt.

264 956 339 1019 Hoc
362 974 439 1036 ergo
458 954 505 1018 ibi
530 976 598 1019 non
625 953 752 1018 dieitur.
798 953 886 1018 Illud
909 953 1037 1033 dicitur,
1052 976 1119 1019 non
1134 954 1248 1019 datum
1268 954 1368 1019 fuisse

261 1056 336 1136 illis,
363 1064 400 1120 ut
425 1064 608 1140 pugnarent
632 1063 745 1120 eontra
763 1056 1003 1120 Antichristum
1026 1063 1102 1120 ante
1124 1063 1252 1140 tempus
1272 1055 1365 1123 illud.

265 1160 332 1227 Qui
355 1167 515 1243 poterant,
542 1181 616 1225 cum
641 1160 782 1225 necdum
804 1160 1023 1225 Antichristus
1049 1170 1226 1245 appareret,
1253 1169 1369 1226 contra

265 1284 360 1346 quem
370 1284 479 1346 pupae
493 1263 567 1342 illis,
583 1272 616 1328 et
624 1265 802 1345 prophetia,
819 1270 852 1328 et
867 1266 1102 1328 testimoniam?
1146 1264 1296 1329 Velletne
1310 1286 1367 1329 eos

264 1365 444 1430 Cardinalis
473 1367 570 1450 (quod
591 1366 660 1451 ipse
685 1367 787 1432 nimio
817 1388 913 1450 quam
943 1388 1025 1451 saepe
1050 1366 1138 1451 facit)
1167 1387 1235 1430 cum
1256 1368 1368 1431 ambro

257 1471 448 1550 pugnaren?

295 1613 324 1663 Si
335 1611 385 1663 dno
397 1613 530 1679 Prophetas
542 1615 592 1666 dno
603 1615 764 1667 Testamenta
775 1616 928 1679 significant,
939 1618 994 1666 toto
1004 1619 1119 1680 tempore
1129 1615 1201 1678 regni
1211 1613 1365 1665 Antichristi

328 1694 477 1758 praedicatio
494 1696 682 1760 Scripturarum
700 1699 802 1761 rigeat.
816 1735 822 1747 .
836 1712 952 1748 ‚noemae
972 1703 1017 1748 est
1051 1697 1105 1748 Cur
1121 1712 1234 1760 ergo...
1247 1697 1364 1760 deplorat

327 1776 382 1826 Rex
391 1778 530 1828 eaecltatem
537 1783 563 1828 et
573 1779 746 1842 ignorantiam
757 1816 763 1827 .
776 1815 782 1829 .
794 1815 801 1830 .
812 1784 852 1829 tot
862 1780 963 1829 seculis
972 1780 1110 1829 invaluisse
1115 1777 1184 1843 apud
1191 1778 1368 1829 Christianost

327 1857 441 1922 -[Bcll.
452 1858 526 1922 Apol.
538 1873 584 1922 pro
595 1858 680 1924 Bosp]
691 1874 715 1923 p.
730 1863 783 1912 lto.
802 1859 873 1924 [Op.,
882 1864 945 1910 tom.
956 1860 1001 1909 vii.
1012 1860 1059 1910 col.
1071 1860 1126 1911 789.
1140 1858 1181 1924 B.]

95 1974 236 2090 {fflmb
308 1976 461 2060 Sequitur
478 1977 626 2040 alterum.
671 1977 859 2058 Deplorasse
880 1978 950 2062 jam
974 1984 1050 2041 ante
1063 1977 1179 2059 Repem
1194 1978 1367 2041 cecitatem

96 2054 221 2168 κῶῗ]
262 2100 339 2158 eom,
361 2101 432 2162 quae
458 2078 544 2163 apud
572 2080 768 2143 Christianos
793 2080 1029 2158 inauratarum
1052 2086 1163 2143 tamen
1186 2079 1247 2144 sub
1269 2080 1368 2142 Anti·

262 2183 379 2245 christo
406 2183 510 2245 Testes
532 2183 566 2245 lsi
588 2182 648 2246 doe
664 2183 897 2264 prophetarint.
944 2182 1025 2246 Haec
1046 2190 1154 2246 autem
1177 2182 1241 2246 duo
1262 2181 1366 2246 videri

262 2285 487 2368 repugnantia.
511 2285 623 2350 Videri
639 2284 779 2367 quidem,
795 2285 852 2348 sed
866 2285 1002 2349 infirmis
1011 2285 1121 2349 oculis.
1155 2287 1366 2367 Prophetaese

263 2387 360 2466 enim,
376 2394 510 2471 totoque
524 2386 557 2450 id
566 2388 758 2472 Antichrioti
773 2392 928 2468 tempore:
945 2409 1012 2451 non
1026 2388 1096 2470 pari
1113 2395 1224 2452 tamen
1237 2409 1367 2470 semper

263 2510 411 2554 successu
426 2491 643 2574 prophetasse,
658 2512 718 2554 nec
733 2490 844 2554 eadem
866 2511 993 2573 semper
1014 2498 1173 2574 potestate
1194 2490 1367 2574 prophetia

263 2592 318 2655 illa
347 2615 404 2656 sua
439 2594 677 2656 Antichristum
707 2615 924 2676 expugnasse:
963 2594 1197 2658 Testimonium
1232 2595 1364 2677 quidem

261 2695 381 2773 tulisse,
398 2697 459 2782 etsi
475 2698 681 2759 testimonium
703 2717 814 2760 eorum
835 2697 929 2779 pauci
944 2698 1116 2776 interdum,
1132 2698 1296 2762 interdum
1311 2699 1366 2763 viu

262 2797 430 2880 quisquam
439 2800 600 2879 receperit.
627 2799 766 2882 Alioqui,
780 2800 938 2882 quomodo
947 2801 1134 2883 praevaleret
1144 2801 1366 2866 Antichristus

261 2907 374 2963 contra
403 2902 482 2964 eos?
527 2900 717 2964 Praevalebit
737 2909 856 2980 autem,
876 2903 948 2983 (nec
963 2924 1018 2965 vos
1040 2904 1176 2986 negatis)
1204 2910 1237 2967 et
1258 2905 1363 2969 vincet

260 3002 340 3064 illos.
373 3003 483 3066 Verba
498 3012 574 3066 sunt
588 3004 667 3087 ipsa,
684 3025 722 3066 eo
742 3004 811 3086 ipso
829 3004 908 3067 loce.
952 3006 999 3068 At
1014 3013 1127 3068 contra
1142 3026 1237 3087 quem
1252 3028 1365 3089 pugna

262 3104 374 3180 valida,
399 3105 556 3187 oppositio
580 3106 672 3169 fortis
694 3112 752 3183 est,
775 3105 886 3188 procul
910 3107 979 3169 isa
1003 3107 1144 3170 victoria.
1189 3108 1262 3171 Etsi
1284 3130 1365 3192 ergo

261 3206 388 3270 nullum
398 3207 457 3270 sub
468 3207 662 3271 Antichristi
675 3209 788 3290 Regno
800 3215 937 3290 tempus,
949 3229 1011 3291 quo
1023 3231 1088 3271 non
1098 3216 1210 3272 contra
1221 3232 1364 3275 errorem

261 3310 330 3391 ejus
355 3309 493 3391 aliquem
523 3309 722 3373 decertatum
749 3310 799 3387 sit,
823 3331 861 3372 ex
887 3331 942 3373 ore
964 3312 1099 3373 istorum
1123 3313 1279 3375 Tettium:
1303 3335 1384 3395 pro·

260 3417 352 3490 parte
372 3419 482 3474 tamen
506 3413 611 3495 Regni
631 3413 681 3474 sui
701 3411 848 3484 maxima,
874 3412 983 3475 bellom
999 3412 1080 3493 fecit
1104 3419 1213 3476 contro
1233 3415 1315 3492 illos,
1332 3424 1365 3479 et

260 3512 335 3574 sicit
349 3514 455 3575 illota
479 3520 527 3589 ut,
542 3512 672 3576 tametsi
687 3512 880 3595 prophetent
903 3513 960 3590 illi,
976 3515 1153 3596 prophetiae
1168 3523 1279 3578 tamen
1295 3539 1364 3581 non

260 3613 408 3676 credatur
433 3636 453 3677 a
475 3621 569 3676 terrae
585 3614 708 3678 incolis.
754 3615 843 3677 Dum
868 3615 997 3698 quidem
1017 3616 1238 3699 triumphabat
1264 3620 1362 3682 Anti-

260 3711 407 3790 christus,
433 3721 465 3776 ct
488 3715 580 3797 quasi
601 3715 636 3777 in
650 3716 740 3797 Aege
758 3723 837 3793 erat,
853 3715 985 3799 eclipsin
999 3716 1085 3798 passi
1100 3725 1178 3780 sunt
1197 3719 1300 3781 Testes
1315 3721 1361 3799 Iri,

260 3815 356 3897 idque
385 3816 449 3879 illis
479 3819 586 3882 evenit
608 3819 751 3896 tandem,
773 3818 859 3900 quod
890 3820 957 3883 Soli
983 3841 1003 3882 a
1028 3819 1148 3883 nebula
1170 3821 1279 3904 spissa,
1304 3825 1361 3906 qui

260 3924 372 3982 tamen
387 3919 473 3984 nube
488 3920 622 4004 disjecta
635 3921 774 4004 erumpit
785 3922 919 3985 clarior:
944 3923 1104 4005 quomodo
1115 3934 1148 3987 et
1159 3924 1212 3987 isti
1223 3925 1360 4008 pridem,

260 4020 400 4084 revelato
426 4023 495 4104 jam
524 4030 557 4084 et
585 4021 762 4084 inclinante
791 4022 1001 4086 Antichristo.
1047 4024 1135 4086 Muti
1167 4045 1242 4088 vero
1273 4026 1362 4091 haud

260 4142 403 4204 unquam
419 4126 560 4187 fuerunt.
603 4124 807 4187 Teatesenim
822 4145 970 4188 essenon
985 4134 1129 4208 possunt,
1145 4127 1207 4190 nisi
1222 4131 1360 4193 testimo-

260 4225 344 4285 nium
363 4224 484 4288 ferrent
514 4224 651 4302 veritati,
678 4226 776 4288 etiam
802 4246 876 4289 cum
902 4248 998 4290 nemo
1022 4227 1102 4291 illud
1126 4229 1248 4313 recipit.
1297 4231 1360 4296 Vel

292 4402 302 4424 ⁰
320 4394 396 4459 [Vide
414 4395 511 4444 Erasmi
529 4395 610 4458 Adag.
629 4411 653 4458 p.
666 4399 720 4458 324,
742 4398 786 4446 sub
864 4407 875 4427 ⁰
894 4398 986 4461 [lpoo.
1000 4399 1033 4446 xi.
1049 4398 1084 4459 7.]

259 4472 308 4508 vee-
322 4458 483 4522 octomela]
