2880 4928
285 263 327 324 20
600 282 642 328 in
665 281 857 333 susurrans
879 286 1077 335 aaurnaumr

120 438 236 552 qcaten
284 433 457 499 dicendum
472 445 561 514 erat;
585 440 649 518 An,
665 448 698 503 et
713 441 754 504 ad
770 442 857 520 alios,
874 445 929 527 qui
944 467 1001 529 per
1016 447 1126 511 orbern
1146 455 1232 526 sunt,
1254 447 1387 531 Episco-

119 519 247 631 oeffiff’
284 561 342 622 pos
362 542 417 626 jus
442 543 503 607 hoc
526 551 559 607 et
583 551 775 628 potestatem
791 549 951 612 Caesarem
978 550 1139 614 mactandi
1165 557 1198 614 et
1222 551 1387 636 Principes

119 633 202 747 5352
210 634 271 762 ἵζε
284 667 463 710 commeare
476 649 574 713 rclit?
591 671 633 712 an
654 652 694 714 ad
706 652 993 734 Mediolanensem,
1006 678 1048 719 an
1064 656 1104 721 ad
1116 657 1385 740 Hipponensem?

119 764 205 828 tores]
284 751 372 814 Voce
397 751 482 814 enim
509 752 573 832 ilia,
594 756 756 835 poscendi,
783 758 879 820 Petro
908 758 1068 840 peculiare
1098 760 1178 822 nihil
1208 781 1386 825 accrescere

283 853 363 917 dixit
380 857 593 938 Augustinus,
614 859 690 922 Cum
707 862 804 923 Petro
820 861 947 940 dicitur,
964 862 1008 925 ad
1020 883 1124 926 omnes
1140 864 1267 942 dicitur,
1284 865 1386 928 Pasce

283 978 353 1020 ovea
382 970 509 1034 meusne
542 960 630 1025 Voce
659 962 724 1041 illa,
755 964 833 1026 Oves
862 985 956 1042 meas,
988 965 1070 1028 nihil
1103 965 1262 1048 peculiare
1290 968 1386 1030 Petro

283 1083 460 1127 accrescere
476 1064 556 1129 dixit
577 1066 776 1144 Ambrosius,
798 1068 867 1131 Eue
889 1090 958 1132 oves
980 1090 1041 1132 aori
1062 1072 1161 1133 solum
1176 1072 1297 1134 Beata
1318 1090 1385 1133 aaa·

283 1168 363 1248 cepit
373 1168 497 1247 Petrus,
509 1170 566 1233 sed
579 1176 610 1233 et
624 1171 781 1234 nobiccum
795 1193 849 1235 ecs
864 1174 993 1254 uccqrit,
1006 1179 1036 1236 et
1047 1194 1103 1236 aas
1115 1195 1183 1238 cum
1194 1175 1248 1236 illo
1264 1175 1384 1255 accepi-

283 1293 350 1334 mus
364 1282 499 1344 amaret·
519 1295 635 1358 nempe
647 1275 770 1339 dictum
779 1276 826 1339 illi
838 1279 949 1355 Pasce,
961 1277 1076 1340 tamin
1088 1299 1224 1360 persona
1238 1277 1384 1353 aliorum,

283 1397 379 1457 quam
395 1398 461 1440 sua.
508 1380 616 1462 Atque
631 1380 681 1442 vel
696 1380 751 1457 sic,
763 1380 884 1463 jacebit
900 1381 1061 1444 Cardinali
1078 1381 1161 1445 ratio
1176 1404 1243 1446 sua.

316 1496 365 1545 Ubi
382 1512 457 1547 nomo
474 1513 565 1562 negare
580 1504 663 1562 potest
674 1499 698 1549 S.
712 1500 816 1550 Petrum
827 1501 921 1550 factum
934 1515 986 1550 esse
998 1506 1123 1563 pastorem
1135 1501 1249 1551 omnium
1261 1500 1384 1561 fidelium,

346 1582 372 1628 et
383 1579 495 1643 ipsorum
511 1582 588 1630 etiam
600 1582 789 1644 Apostolorum,
805 1582 855 1631 nisi
871 1587 947 1645 negot
963 1582 1050 1632 fideles
1066 1598 1160 1643 omnes,
1176 1587 1203 1633 et
1222 1583 1289 1647 ipsos
1305 1583 1383 1632 etiam

346 1663 488 1725 Apostolos,
498 1663 574 1713 fuisse
586 1662 650 1713 Ores
662 1663 874 1730 Christi-[Bell.
886 1664 959 1727 Apol.
973 1679 1018 1728 pro
1027 1663 1111 1728 Resp]
1123 1679 1146 1727 p.
1157 1667 1178 1713 6.
1189 1662 1257 1728 [Op.,
1269 1664 1382 1713 tomuli.

345 1743 392 1792 col.
405 1743 461 1796 707.
474 1743 519 1810 Ι).]

119 1830 212 1946 [Ῑῐῡεῖὶῡ
324 1833 457 1914 Verum,
485 1837 548 1899 vim
581 1837 745 1901 videamus
771 1839 962 1921 argumenti.
1019 1840 1154 1902 Perinde
1180 1839 1267 1902 enirn
1290 1839 1383 1902 facile

117 1911 254 2026 iiiiffl.
280 1938 384 2017 nobis,
401 1962 439 2003 ex
455 1962 531 2004 voce
545 1942 709 2022 pascendi,
727 1943 905 2006 Primatum
929 1942 1027 2024 Regis
1050 1950 1203 2019 astruere,
1225 1951 1321 2025 atque
1335 1943 1381 2005 illi

115 2026 195 2091 Μ]
281 2044 455 2125 Pontificis,
472 2045 558 2130 quod
577 2046 663 2128 (scio)
674 2052 793 2130 paupe!
806 2046 1018 2110 Cardinalem.
1057 2049 1165 2128 Atque
1180 2052 1217 2107 ut
1233 2066 1383 2108 mensura

279 2169 337 2209 sua
361 2150 567 2213 remetiamur
582 2151 621 2228 ei,
645 2151 730 2234 stylo
751 2150 849 2232 ipsius
874 2151 1044 2233 loquamur
1063 2171 1137 2212 cum
1162 2149 1251 2231 ipso:
1276 2150 1381 2231 Nepet

281 2255 461 2318 Cardiaalis
470 2257 644 2336 primatum
658 2256 764 2337 Rapis,
780 2262 811 2319 et
829 2262 932 2318 tamen
947 2256 1028 2337 Περὶ
1043 2254 1125 2316 disat
1140 2255 1316 2335 Drusipara,
1336 2256 1381 2316 Tu

273 2379 386 2441 pasces
399 2340 548 2441 populum
569 2379 667 2422 mcum
679 2359 807 2437 [merit
828 2359 886 2421 Uti
906 2378 993 2420 nemo
1013 2377 1127 2440 cepere
1136 2362 1241 2438 potest
1257 2359 1379 2440 Regem

277 2461 399 2525 factum
414 2483 482 2524 esse
499 2463 665 2526 Pastorem
681 2461 780 2525 totius
796 2461 932 2538 Israelis,
949 2468 982 2524 et
997 2460 1140 2543 ipsorum
1155 2461 1253 2523 etiam
1277 2483 1379 2525 sacer-

278 2564 400 2642 dotum,
415 2567 477 2628 nisi
492 2572 580 2647 repet
591 2566 675 2648 ipsos
687 2566 784 2631 etiam
797 2565 984 2629 Sacerdotes
996 2564 1094 2627 fuisse
1105 2572 1227 2648 partem
1239 2567 1377 2630 Israelis

277 2670 384 2732 Narro
400 2676 506 2733 autem
525 2670 707 2734 Cardinali:
726 2669 861 2748 Quodsi,
877 2670 912 2732 in
922 2672 1068 2733 Pastoris
1083 2671 1188 2749 titulo,
1206 2671 1245 2735 ad
1261 2673 1377 2756 prima-

276 2783 345 2835 tum
363 2775 520 2838 momenti
530 2775 608 2858 quid
623 2775 675 2854 sit,
690 2773 740 2839 vel
753 2774 779 2837 si
794 2795 832 2837 ea
846 2795 922 2837 voce
932 2773 1139 2857 transigenda
1149 2797 1200 2838 res
1215 2776 1328 2839 nobis:
1345 2777 1379 2839 in

279 2877 383 2939 Sacris
406 2877 507 2941 literis
521 2879 653 2942 titulum
675 2878 774 2942 istum
790 2885 822 2941 et
839 2878 926 2961 prius
947 2879 1051 2941 multo
1067 2878 1209 2960 Principi
1225 2880 1379 2959 delatum,

276 2989 308 3044 et
323 3003 397 3046 vero
412 2983 528 3067 saepius
543 2984 656 3060 multo,
673 3004 770 3066 quam
785 2981 944 3046 Pontifici.
990 2981 1101 3060 Prius3
1126 2983 1146 3044 J
1149 3005 1235 3046 osuae
1260 2984 1377 3047 enims:

275 3086 410 3168 saepius3
436 3087 552 3169 passim
567 3087 703 3150 enimin
720 3085 868 3149 Historia
882 3106 980 3163 sacra,
997 3085 1116 3168 passim
1131 3087 1165 3148 in
1175 3086 1361 3168 Prophetis.

306 3214 386 3271 Quem
398 3215 480 3264 locum
492 3214 545 3264 fuse
558 3216 671 3274 tractavi,
683 3218 709 3265 et
719 3214 829 3279 expendi
840 3214 911 3263 tint
924 3213 956 3264 de
968 3213 1060 3262 Pontii.
1075 3229 1094 3262 c.
1108 3217 1147 3271 14,
1161 3216 1199 3271 15,
1214 3214 1377 3276 roi-[sen

339 3297 414 3359 Apol.
426 3312 471 3361 pro
483 3296 570 3361 Resp]
583 3313 607 3361 p.
617 3300 639 3347 6.
654 3296 723 3362 [Op.‚
733 3300 794 3346 tom.
804 3296 848 3345 vii.
860 3297 905 3346 col.
915 3294 970 3348 707.
984 3293 1030 3357 Ι).]

110 3420 158 3535 qne
171 3423 259 3472 ovibus
317 3406 414 3483 Nam,
439 3405 523 3489 quod
541 3404 617 3487 flare
639 3427 659 3469 a
680 3427 713 3469 ae
737 3410 909 3468 tractatam
932 3405 1030 3467 locum
1056 3405 1143 3466 iliram
1159 3403 1245 3481 dicit,
1263 3403 1377 3466 damus

109 3494 251 3602 cgssffimis
274 3509 333 3572 hoc
357 3509 424 3573 illi:
448 3510 547 3575 etiam
571 3509 598 3573 si
617 3510 713 3587 volet,
730 3508 839 3572 effuse.
886 3508 1005 3570 Parum
1028 3528 1103 3570 vero
1124 3509 1258 3571 interest
1280 3530 1375 3589 quam

108 3617 167 3677 qut]
182 3635 232 3666 ⁸011·
264 3612 360 3692 fiase;
385 3636 481 3695 quam
512 3612 621 3691 solide,
652 3611 731 3675 illud
756 3612 900 3674 interest.
961 3610 1041 3672 Fusa
1070 3618 1179 3672 tamen
1209 3610 1304 3672 etiam
1337 3612 1377 3673 ab

107 3685 240 3802 qqqueq's
272 3717 482 3798 augustine,
499 3716 553 3779 diu
572 3718 642 3799 jam
663 3721 749 3793 ante,
765 3714 821 3797 qui
842 3714 937 3797 pleno
960 3714 1112 3777 Tractatu
1126 3741 1132 3777 :
1148 3713 1222 3794 susc
1244 3715 1341 3777 etiam
1358 3738 1377 3777 u

304 3859 320 3882 ¹¹²
338 3851 363 3916 [“
376 3852 401 3900 N
403 3867 435 3902 on
447 3853 515 3901 euim
526 3853 580 3900 sine
592 3865 665 3900 cansa
675 3850 743 3899 inter
751 3864 801 3898 om·
846 3847 914 3898 Hist.
928 3847 978 3898 hit.
991 3853 1053 3899 tom.
1065 3850 1082 3898 i.
1094 3865 1118 3913 p.
1129 3849 1209 3913 ioht]
1228 3850 1266 3899 De
1278 3850 1375 3900 Sacerd.

175 3915 179 3924 '
271 3931 315 3964 nes
323 3917 457 3978 Apostolos
467 3916 658 3978 hqjusecclesiae
665 3914 802 3964 Catholieae
846 3913 938 3976 dignit.
955 3928 1008 3976 cap.
1019 3917 1057 3964 20.
1070 3914 1128 3978 [leg.
1139 3918 1161 3963 2.
1173 3915 1240 3977 apud
1253 3916 1277 3964 S.
1287 3917 1375 3965 Ambr.

271 3995 403 4042 personam
414 3982 523 4030 sustinet
535 3980 639 4030 Petrus:
656 3979 716 4029 huic
732 3981 802 4030 euim
846 3979 902 4043 Op,
910 3983 973 4028 tom.
981 3980 1008 4029 ii.
1018 3979 1134 4043 Append.
1146 3980 1192 4029 cot.
1203 3983 1258 4030 359.
1272 3981 1313 4043 u]

271 4045 390 4095 Ecclesiae
407 4046 488 4095 claves
505 4047 577 4108 regni
597 4045 717 4094 coelorum
735 4044 802 4094 datae
878 4052 889 4074 ⁰
906 4043 1000 4094 isam.
1011 4060 1033 4093 v.
1047 4047 1079 4105 23
1096 4048 1108 4092 1
1124 4044 1215 4095 Chrou.
1231 4046 1265 4095 xi.
1277 4048 1299 4094 2.

271 4115 337 4167 sunt,
355 4127 411 4159 cum
430 4111 504 4161 Petro
515 4111 581 4160 datas
596 4115 662 4160 sunt.
697 4110 799 4159 Etcum
874 4109 980 4158 ¹’Num
993 4110 1072 4159 xxvii.
1087 4110 1124 4160 17.

270 4175 293 4224 ci
302 4175 402 4234 dicitur,
414 4176 445 4225 ad
457 4173 800 4227 omuesdiciturdmusmc?
876 4182 887 4214 ‘¹
903 4174 970 4238 [Op.,
980 4179 1041 4225 tam.
1050 4176 1065 4224 i.
1079 4190 1120 4238 pp.
1130 4176 1185 4226 145.
1199 4176 1319 4235 D,-148.
1335 4175 1374 4239 ll]

271 4240 352 4288 Pasce
360 4242 512 4291 ouesmr‹m.’'
521 4240 627 4304 S.]Aug.
636 4241 667 4290 de
675 4240 798 4303 AgoChr.
876 4247 885 4270 ¹
903 4242 932 4304 [·‘
941 4239 1066 4289 Redditur
1077 4241 1208 4302 negationi
1220 4241 1295 4290 trinae
1307 4244 1375 4290 trina

269 4320 321 4366 cap.
336 4311 373 4353 530.
410 4306 479 4368 [0p,
493 4311 553 4356 tom.
566 4307 599 4356 vi.
612 4306 657 4355 col.
671 4308 726 4355 439.
739 4304 779 4368 n]
845 4305 1115 4364 consentanearum
1129 4308 1209 4355 amori
1227 4306 1315 4369 lingua
1328 4322 1374 4355 ser·

303 4380 313 4400 ¹·
332 4372 357 4435 [·*
371 4370 437 4428 Ques
448 4375 624 4435 ovosetquem
636 4385 737 4434 gregem
748 4385 800 4420 non
843 4370 896 4419 viat
916 4385 992 4433 quam
1012 4371 1108 4427 timori,
1126 4377 1152 4421 et
1172 4372 1229 4435 plus
1244 4373 1313 4421 vocis
1332 4372 1373 4423 eli-

269 4436 349 4484 solum
362 4440 417 4484 tum
434 4435 526 4486 Beatus
542 4438 652 4500 suscepit
662 4436 799 4498 Apostolus
842 4436 923 4485 cuissa
934 4434 1050 4486 videatur
1065 4451 1132 4485 mors
1149 4437 1287 4486 imminens
1298 4452 1373 4499 «tuam

269 4501 436 4561 l‘etrus,''etc.
471 4501 614 4561 (imbertus,
634 4501 711 4559 (Vide
724 4500 798 4553 Caret
843 4501 896 4551 vita
917 4516 1033 4563 praesens
1079 4502 1119 4551 Sit
1138 4503 1231 4552 amoris
1250 4502 1373 4551 indicium
