2910 4926
469 276 651 326 snoroomn
673 278 855 328 nessossro.
1152 268 1213 329 115

148 430 235 482 Nero.
248 470 254 482 .
267 469 273 483 .
287 470 294 495 ‚
310 449 369 483 eum
386 437 472 493 centu,
489 438 516 484 et
532 433 631 486 eitbsrs
647 449 705 486 eum
722 437 902 500 Antegonlstis
921 438 949 487 in
967 436 1066 488 theatro
1087 437 1213 488 deoerlere

176 516 260 577 vellet,
278 532 329 567 non
346 517 464 580 quesivit
483 516 570 579 Reges,
590 515 635 567 sed
651 516 767 568 homines
786 519 954 583 peritissimos
971 520 1075 569 musices
1083 516 1211 584 ⁵.-[sseu.

177 597 252 662 Apol.
264 613 311 662 pro
322 597 407 663 Resp]
419 613 443 662 p.
452 599 490 649 31.
502 597 570 663 [Op.,
581 599 693 648 tomrii.
704 599 751 649 eol
761 599 816 650 722.
830 599 873 665 Δ.]

154 712 243 775 Nem
268 713 410 778 Neronis
436 719 531 797 turpe
560 711 692 792 fectum,
719 735 780 778 neo
810 715 873 779 nisi
899 716 1031 779 Nerone
1055 714 1209 799 dignum3
1224 724 1377 789 [stilocone

110 836 208 900 quem
223 816 259 881 in
278 839 382 896 scens,
401 839 476 882 cum
496 817 644 882 Auloedis
670 839 745 882 cum
766 818 961 884 citharoedis
983 818 1032 882 ita
1054 819 1210 903 composi·
1223 791 1359 920 affl&

110 925 192 998 tum,
209 919 280 1002 quis
295 941 392 983 senus
407 922 588 985 memoret?
611 921 683 985 Neo
697 928 808 985 tamen
818 921 976 988 Auloedus
989 922 1106 1005 (credo)
1123 922 1210 1007 quis-

110 1020 197 1104 piam
211 1022 275 1103 (cui
295 1023 468 1106 respondet
489 1023 541 1087 hie
557 1023 748 1107 cardinalis)
762 1045 875 1106 parem
890 1046 924 1089 se
940 1024 1030 1104 dixit,
1046 1025 1211 1109 scripsitve

110 1124 161 1187 vel
176 1126 311 1190 Neroni.
356 1127 528 1190 Demittere
543 1148 576 1191 se
591 1133 728 1210 possunt
744 1128 866 1212 Reges:
891 1129 1079 1191 conmittere
1096 1149 1211 1193 senon

110 1224 230 1291 debent
245 1228 386 1307 Auloedi,
402 1228 452 1294 vel
467 1230 664 1294 cardinales.
711 1231 792 1314 Regi
815 1230 991 1315 gloriosum
1014 1231 1106 1310 illud,
1129 1253 1211 1295 non·

108 1349 293 1414 nunquam:
325 1339 420 1416 turpe
445 1332 506 1396 boo
531 1354 698 1417 nunquam
722 1355 799 1412 non,
824 1333 890 1397 sive
913 1331 1053 1398 Auloedo
1075 1332 1120 1411 id,
1145 1333 1210 1397 sive

110 1433 285 1498 Cerdinali.

141 1582 181 1635 De
198 1587 386 1650 compentione
407 1587 484 1650 Regis
505 1591 533 1638 et
552 1586 694 1638 Osrdimlie
715 1587 840 1639 sddncsm
857 1588 994 1652 judicium,
1017 1593 1044 1639 et
1063 1589 1211 1640 testimonie

174 1665 280 1718 Petrum
290 1673 411 1729 veterum,
420 1670 464 1733 qui
475 1671 565 1735 primis
576 1670 723 1735 quingentis
734 1671 809 1720 ennis
819 1667 1073 1734 floruerunt-[Bell.
1081 1671 1156 1735 Apol.
1164 1686 1210 1734 pro

177 1747 262 1814 Resp]
274 1765 299 1814 p.
307 1752 345 1802 31.
358 1750 428 1816 [Op.‚
439 1755 500 1803 tom.
508 1751 552 1801 vii.
564 1752 609 1802 ool.
620 1753 675 1805 722.
687 1751 735 1816 B..]

161 1866 296 1930 Nescius
325 1887 400 1931 vero
432 1867 555 1951 (lector)
589 1867 644 1932 hic
680 1868 720 1931 sd
751 1866 829 1950 quid
858 1865 1066 1949 obstupescas
1095 1867 1209 1949 magis,
1223 1876 1350 1956 [Parrum

96 1969 288 2053 frontenne,
314 1992 356 2033 en
381 1971 537 2034 cerebrum
557 1970 763 2035 cardinalis?
788 1971 946 2050 Frontem,
970 1970 1026 2053 qui
1048 1990 1209 2051 compera-
1222 1947 1369 2070 {ffissm

107 2071 221 2134 tionem
235 2071 385 2150 instituit,
401 2079 469 2137 tem
486 2074 645 2158 perfriete,
662 2073 799 2137 Parochi
813 2094 888 2137 cum
901 2073 1008 2156 Rege:
1034 2073 1208 2152 cerebrum,
1221 2073 1351 2202 :fffiifl

107 2173 165 2256 qui
179 2174 258 2257 ejus,
274 2177 309 2238 in
324 2178 440 2257 primic
462 2178 636 2259 quingentis
651 2177 751 2255 anne,
768 2181 860 2239 testes
876 2181 1008 2258 qureret,
1024 2183 1057 2240 et
1071 2176 1208 2258 jndices.
1305 2173 1310 2186 '

107 2275 210 2340 Estne
224 2278 395 2361 quisquam
417 2279 514 2358 enim,
536 2279 592 2362 qui
615 2279 694 2343 adeo
718 2278 862 2362 desipere
885 2285 978 2362 putet
993 2277 1207 2359 cardinalem,

107 2385 146 2442 nt
161 2380 212 2444 vel
226 2381 334 2444 idiotis
356 2382 422 2445 suis
444 2381 634 2464 persuadere
653 2380 762 2466 possit,
777 2383 863 2444 intro
882 2383 1005 2463 primos
1028 2382 1208 2464 quingentos
1274 2388 1318 2452 89
1407 2372 1415 2379 ’

106 2503 215 2561 annos,
228 2483 412 2548 cardinales
426 2485 508 2548 ullos
524 2484 693 2564 exstitisse,
711 2484 765 2567 qui
780 2505 853 2548 cum
867 2484 1010 2568 Regibus
1026 2484 1207 2549 conferren-

106 2586 184 2649 tur?
230 2587 281 2651 De
304 2587 419 2671 quibus
445 2587 499 2651 ille
520 2589 589 2672 ipse
614 2589 727 2670 (ultera
750 2587 860 2651 statim
881 2586 1024 2670 peginei)
1050 2609 1117 2652 non
1140 2597 1209 2651 tem

105 2696 244 2754 recentes
258 2691 348 2771 dicit,
364 2691 454 2775 quin,
470 2693 545 2754 enni
558 2694 668 2755 saltem
683 2692 853 2774 quingenti,
868 2690 908 2753 ab
923 2712 967 2770 eo,
984 2712 1043 2773 quo
1050 2692 1123 2772 jem
1136 2698 1209 2754 sent

105 2799 202 2874 stete,
214 2801 421 2858 numeremur.
445 2796 508 2859 Per
522 2816 622 2859 ennos
637 2815 714 2877 ergo
728 2794 801 2878 plus
816 2793 913 2870 mille,
925 2794 1016 2857 nulla
1030 2794 1209 2857 Cordicolie

106 2917 177 2960 cum
187 2898 271 2981 Repe
286 2900 487 2980 comparatio.
513 2898 664 2962 Necdum
678 2898 764 2961 enim
776 2895 957 2961 cardinalis
973 2897 1058 2961 ullus
1074 2896 1206 2975 exstitit,

108 3001 165 3084 qui
180 3023 254 3066 eum
271 3004 360 3086 Rege
374 3002 522 3086 componi
537 3002 586 3066 vel
600 3002 710 3080 ferret,
725 3000 775 3065 vel
789 3000 937 3064 ferretur.

140 3154 223 3218 Igitur
240 3153 385 3205 Oerdinsles
404 3155 470 3205 nihil
490 3160 550 3205 sunt
566 3154 646 3216 eliud,
664 3155 716 3204 nisi
736 3153 863 3218 Episcopi,
884 3152 1035 3215 Presbyteri,
1051 3155 1078 3202 et
1094 3152 1207 3213 Disooni,

173 3236 306 3297 Electores,
319 3236 472 3299 consiliarii,
488 3242 515 3288 et
532 3237 688 3301 coadjutores
699 3235 799 3286 Summi
816 3232 1065 3298 Pontificis-[Bell.
1077 3235 1151 3299 Apol.
1162 3249 1208 3298 pro

173 3315 258 3382 Rem]
269 3333 293 3382 p.
302 3321 340 3369 31.
352 3318 419 3383 [Op.,
430 3319 542 3369 tomvii.
554 3318 600 3368 eol.
609 3315 665 3370 ⁷22.
676 3316 716 3382 B.]

151 3433 266 3516 Operae
287 3432 425 3516 pretium
449 3440 498 3496 est
522 3441 631 3497 sutem
646 3431 763 3509 ridere,
779 3430 892 3513 primo,
909 3449 1006 3513 quam
1027 3429 1090 3493 hoo
1110 3428 1207 3493 facim
1219 3435 1373 3550 {curetar-

105 3536 273 3601 mnenne.
303 3538 488 3601 carenam
507 3539 576 3620 (ut)
592 3543 667 3602 ene
681 3535 841 3617 Episcopi,
858 3533 1050 3615 Presbyteri,
1060 3533 1206 3612 meoet,
1237 3501 1362 3565 ¹⁰⁸¹¹¹¹¹¹⁰l

105 3642 161 3723 qm·
179 3642 340 3705 dilectores
360 3649 442 3720 eunt,
464 3641 653 3719 cornilius-ii,
676 3646 708 3703 et
731 3639 935 3720 coadjutores
953 3637 1072 3699 Summi
1094 3637 1205 3700 Ponti·

97 3743 183 3826 ficis.
228 3746 283 3811 Ita
305 3745 464 3830 proponit.
510 3746 589 3809 Post
603 3766 688 3824 vero,
711 3743 752 3807 de
773 3741 980 3821 electoribus,
1000 3741 1206 3819 consiliariis,

108 3848 349 3930 Coedjetcrtbus
364 3848 529 3930 Pontificie
543 3847 676 3912 verbum
698 3868 765 3910 non
787 3845 897 3922 eddit3
926 3845 1001 3929 (quo
1015 3845 1082 3909 solo
1096 3851 1205 3909 temen

105 3949 255 4015 hodierni
269 3952 457 4016 cardinales
472 3958 549 4015 sunt
559 3951 580 4033 3)
606 3949 808 4035 persequitur
822 3948 928 4027 modo,
944 3954 1040 4030 atque
1055 3947 1156 4012 haeret
1171 3947 1206 4010 in

105 4055 283 4137 preopie,
308 4056 515 4138 Presbytero,
533 4055 693 4118 Diococts.
738 4054 886 4119 Quorum
909 4050 980 4134 quis
1005 4051 1110 4116 nescit
1135 4072 1207 4135 my-

103 4158 211 4223 riades
236 4181 315 4239 esse,
339 4181 418 4243 quos
445 4158 635 4237 cardinalis,
659 4165 816 4240 tanquam
842 4154 927 4219 infre
952 4174 985 4218 se
1010 4155 1141 4237 positos,
1167 4174 1206 4218 ex

104 4262 236 4327 sublimi
251 4263 412 4347 despicit?
457 4265 521 4341 Its,
538 4262 577 4325 de
596 4282 663 4326 uno
684 4261 842 4324 instituit:
866 4264 1008 4322 currente
1021 4264 1103 4335 roto,
1118 4254 1206 4319 esser

136 4440 149 4537 ¹⁸
178 4441 256 4491 'lecit
270 4441 446 4505 inservit]
571 4506 577 4519 ·
680 4435 1035 4537 [Op.,tom.vii.ool.i24.B.
1062 4501 1067 4512 Ι
1112 4501 1118 4513 θ

211 4505 238 4556 11.
249 4506 323 4570 Apol.
331 4521 378 4572 pro
385 4506 459 4570 Resp.
467 4505 548 4571 p.]35.
559 4505 604 4556 lm.
613 4506 634 4554 1.
741 4502 891 4567 [videliet.
903 4502 983 4566 Epist
995 4501 1027 4552 sd
1071 4515 1090 4550 s.
1101 4500 1145 4550 lm.
1157 4498 1208 4562 22]

894 4589 948 4647 12
