2910 4926
277 274 321 337 68
592 287 635 334 su
658 287 849 335 cnsussmrs
870 288 1070 335 recuruum

278 445 359 505 riam
375 441 508 524 Templa
528 441 715 520 tundantur,
738 443 793 505 sed
815 465 881 506 non
902 443 965 505 nisi
983 442 1098 506 honori
1118 447 1229 504 tamen
1243 441 1381 503 tundan-

277 553 333 608 tur
348 545 419 622 Dei,
436 552 469 607 et
484 545 676 626 Martyrum,
693 552 725 607 et
740 547 849 608 nostri.

322 648 439 731 Neque
476 669 551 710 roro
589 668 629 710 ea
661 649 811 729 sepulcris
836 649 1056 729 Apostolorum
1086 649 1198 710 Romae
1227 647 1380 709 honorem

278 751 418 835 aliquem
433 771 611 813 accrescere
626 750 736 833 iniquo
757 751 865 814 animo
886 752 1037 834 patimur,
1053 758 1091 813 ut
1106 750 1321 832 gratificemur
1336 750 1381 811 itu

280 853 396 932 Poetis,
413 853 565 916 Paulinoy
580 861 613 916 et
630 852 832 931 Prudentio¹‚
849 855 874 916 si
890 875 955 917 non
971 876 1053 916 vana
1072 853 1151 915 fides
1173 853 1213 915 de
1232 854 1382 932 sepulcris

277 958 351 1020 illis.
398 959 470 1021 Nec
484 958 525 1021 (le
541 959 727 1020 Sanctormn
742 959 787 1022 ibi
796 958 1001 1039 plenitudine,
1018 957 1073 1020 sed
1088 957 1128 1020 de
1143 958 1284 1033 veritate,
1301 977 1380 1018 nou·

279 1061 360 1124 nihil
375 1061 537 1125 interdum
554 1062 722 1125 lraeremus.

311 1196 336 1246 S.
347 1199 483 1259 Augustin.
497 1235 502 1246 .
514 1234 521 1247 .
533 1234 539 1246 .
549 1197 629 1260 Epist.
639 1199 695 1247 103.
708 1234 714 1246 .
726 1234 732 1247 .
745 1235 751 1247 .
765 1197 930 1247 ‘Portant'...
939 1198 1025 1260 inquit
1034 1197 1177 1260 ‘Reliquias
1187 1197 1329 1246 Beatissimi
1339 1233 1345 1246 .
1356 1235 1378 1245 ..

344 1277 465 1339 Martyris
476 1277 677 1340 Stephanionem
688 1293 740 1327 aon
751 1278 852 1340 ignorat
863 1278 989 1328 Sanctitas
1001 1282 1090 1338 vestra,
1099 1280 1164 1328 sicut
1175 1284 1201 1327 et
1212 1293 1257 1327 nos
1267 1279 1378 1337 fecimus,

344 1374 419 1422 quam
431 1361 608 1409 convenienter
618 1359 740 1409 honorare
751 1360 894 1410 debeatis·.'
922 1359 1009 1410 Idem.
1028 1398 1034 1409 .
1052 1397 1058 1409 .
1070 1361 1102 1410 de
1114 1360 1166 1410 Cir.
1177 1359 1224 1409 Dei
1235 1358 1303 1424 [lib]
1314 1361 1377 1408 xxii.

346 1439 423 1504 [esp]
440 1437 476 1488 83²
495 1440 619 1489 fiubmme
643 1446 823 1490 commemorat
842 1441 970 1501 miracula,
990 1457 1045 1504 quae
1061 1440 1129 1490 Deus
1146 1455 1190 1489 suo
1208 1447 1319 1504 tempore
1338 1441 1378 1490 de·

344 1520 500 1570 monstrabat
516 1536 561 1584 per
577 1522 763 1572 invocationem
775 1522 1043 1587 Sanctorum-[Bell.
1057 1522 1130 1586 Apol.
1143 1538 1187 1586 pro
1198 1521 1283 1586 Resp]
1301 1537 1323 1586 p.
1339 1525 1378 1572 18.

345 1604 413 1666 [Op.,
425 1608 487 1652 tom.
497 1604 540 1652 sii.
555 1604 601 1653 col.
614 1604 629 1656 'r’
634 1607 669 1654 15.
683 1604 710 1652 B.
724 1603 762 1668 C.]

114 1727 153 1792 [s.
167 1730 262 1791 Augus
320 1720 504 1801 Augustino
534 1728 642 1783 autem
673 1721 875 1799 assentimur,
917 1722 1137 1785 Convenienter
1165 1722 1377 1783 horroranolarn

113 1792 183 1867 tint]
276 1843 387 1904 corpas
410 1824 670 1905 Protomartyris,
690 1831 861 1907 postquam
885 1824 926 1887 ad
950 1825 1032 1888 illud
1055 1824 1209 1888 miracula
1231 1825 1376 1907 quaedam

276 1928 347 1990 Deo
361 1927 465 1989 visum
481 1928 613 2010 operari.
661 1927 725 1990 Sed
740 1949 777 1990 ea
792 1936 902 1991 tamen
917 1928 1071 1991 miracula
1079 1949 1141 2009 per
1155 1930 1377 1992 invocationem

276 2033 463 2095 Sanctorum
477 2040 644 2115 operatum
659 2054 738 2112 esse,
751 2034 784 2096 id
794 2034 974 2098 Cardinalis
989 2034 1105 2119 adjecit
1121 2034 1161 2097 de
1176 2056 1243 2097 suo.
1289 2035 1376 2098 Nam

274 2137 469 2218 Augustino,
485 2136 649 2217 Martyres
664 2158 725 2199 non
739 2139 949 2200 invocantes&

317 2244 425 2323 Atque
445 2240 514 2303 haec
534 2240 590 2302 illa
607 2240 796 2319 Cardinnlis,
813 2241 931 2324 partim
951 2263 1016 2305 non
1036 2263 1110 2306 scre
1129 2243 1235 2320 citata,
1256 2243 1374 2326 partim

273 2343 313 2406 de
325 2365 392 2406 nou
403 2344 502 2419 veris5
527 2366 597 2426 quae
609 2366 683 2408 vero
696 2345 735 2408 de
747 2346 828 2408 seris
844 2354 876 2408 ct
887 2368 971 2424 vere,
984 2368 1022 2410 ea
1036 2349 1117 2410 nihil
1130 2349 1173 2410 od
1186 2347 1372 2425 renoscant,

272 2447 323 2509 vel
345 2454 382 2509 ut
406 2446 517 2510 Sancti
540 2449 728 2525 iacerentur,
744 2449 795 2512 vel
820 2456 857 2512 ut
872 2451 1023 2532 Reliqnioe
1045 2451 1223 2515 adorentur.
1268 2453 1374 2534 Lonpe

273 2558 382 2613 autem
397 2550 518 2629 abesse,
539 2560 576 2614 ut
596 2551 635 2615 de
654 2552 692 2614 iis
707 2558 858 2616 statutam
878 2552 931 2616 hie
952 2554 1072 2636 aliquid
1092 2555 1228 2619 referat:
1253 2557 1373 2637 lonpins

273 2662 392 2731 autem,
409 2660 556 2736 tanquam
572 2655 609 2717 cte
623 2655 714 2718 rebus
732 2657 776 2718 ad
793 2658 925 2719 satutem
947 2660 1140 2736 necessariis,
1161 2660 1208 2739 (ut
1224 2659 1285 2721 uisi
1302 2659 1372 2742 quis

274 2759 407 2820 Sanctos
421 2760 549 2836 invocet,
565 2758 627 2820 nisi
642 2759 804 2840 Reliquias
819 2760 938 2837 adoret,
954 2760 1040 2822 salus
1055 2761 1124 2843 ipsa
1139 2761 1230 2824 illum
1247 2784 1372 2824 servare

273 2881 339 2923 non
353 2862 452 2943 possit
466 2862 484 2942 ε)
505 2863 679 2942 lonpissirne
694 2883 777 2940 veru,
794 2869 831 2924 ut
847 2862 910 2926 duo
925 2863 995 2926 heac
1010 2863 1114 2946 capita
1129 2865 1249 2927 suerint
1265 2867 1373 2947 infide

280 2963 400 3026 Veteris
418 2970 448 3026 et
463 2965 637 3026 Primitiae
651 2964 809 3028 Ecclesia.
856 2966 942 3028 Nam
957 2965 1063 3028 isthuc
1080 2987 1121 3028 nc
1142 2967 1207 3048 egit
1223 2968 1370 3049 quidem:

274 3075 306 3129 et
330 3067 492 3149 quianon
516 3067 592 3149 egit,
608 3067 688 3129 nihil
710 3068 786 3150 egit.
831 3070 1005 3132 'lentatum
1028 3079 1099 3132 turn
1124 3070 1207 3132 torte
1231 3071 1369 3153 aliquid:

274 3171 432 3233 Stotntam
447 3171 538 3233 nihil.
575 3172 618 3234 Et
631 3171 717 3253 quod
732 3179 903 3249 tentatum,
917 3171 1017 3234 libero
1032 3181 1064 3235 et
1076 3173 1255 3236 voluntario
1270 3176 1369 3253 cultu,

273 3295 340 3336 uon
355 3276 537 3338 necessario.
583 3276 654 3339 Nec
670 3282 737 3338 tam
744 3275 825 3356 fidei
840 3297 890 3338 res
904 3275 976 3354 fait,
994 3298 1089 3360 quam
1105 3279 1311 3343 credulitatis.

305 3408 465 3472 inpromptu
483 3414 567 3460 sutem
586 3415 650 3459 esset
669 3411 765 3459 similia
775 3411 922 3461 testimonia
937 3410 1077 3462 adscribere
1093 3413 1125 3462 do
1140 3415 1238 3463 caeteris
1249 3414 1371 3478 dogmmi·

336 3489 390 3549 bus,
398 3505 455 3553 quse
462 3489 516 3540 Rex
524 3496 599 3554 negat
607 3496 651 3540 aut
660 3490 775 3547 damnem
788 3491 832 3540 sed
843 3495 903 3555 quia
914 3491 967 3541 haec
979 3492 1117 3543 habentur.
1128 3529 1149 3543 ..
1160 3495 1187 3543 in
1198 3497 1291 3545 nostris
1299 3497 1372 3547 libris

337 3572 575 3632 Controuersiarum,
587 3610 593 3622 ‚
607 3609 612 3621 .
626 3609 631 3621 .
643 3588 717 3635 parco
731 3573 810 3623 labori
828 3578 854 3622 et
871 3574 991 3623 lectorum
1005 3580 1030 3625 et
1042 3590 1139 3625 mea—
1149 3575 1224 3642 [Bell.
1239 3579 1312 3641 Apol.
1326 3595 1370 3643 pro

336 3652 423 3717 Resp]
442 3668 466 3716 p.
480 3657 517 3703 19.
538 3653 604 3719 [Op.,
616 3659 677 3704 tom.
689 3654 733 3703 rii.
745 3654 790 3705 col.
803 3654 858 3705 715.
872 3654 912 3717 O.]

313 3770 384 3832 Nec
404 3769 547 3849 dubium,
564 3771 642 3853 quin
664 3770 720 3848 illi,
737 3772 771 3832 in
786 3776 935 3851 promptu
956 3772 1009 3848 sit,
1029 3774 1156 3850 similia,
1178 3794 1252 3836 cum
1274 3776 1368 3853 volet,

270 3873 309 3936 de
325 3873 454 3955 reliquis
470 3874 656 3952 adscribere,
667 3874 706 3937 de
722 3896 779 3937 suo
794 3875 947 3957 (scilicet)
961 3878 1040 3938 satis
1054 3884 1125 3940 noto
1135 3879 1367 3960 Promptaario,

301 4042 433 4155 7[“Νιι.ιηι
447 4043 518 4157 pribus
531 4042 642 4156 lmprirrio
659 4047 759 4093 tautum
769 4048 796 4092 et
840 4043 893 4138 Pet.
909 4046 1038 4159 {lameritiFi
1047 4061 1070 4108 p.
1083 4049 1139 4123 til.
1157 4047 1202 4160 {Lol
1216 4048 1291 4162 lici

333 4123 796 4236 stertentum...
840 4110 1224 4240 0..‚[1·0;.¹.¹t.tt⁰1’‘1¹t·.t¹t
1259 4114 1367 4175 “ill

267 4299 325 4349 Sp
369 4236 616 4314 ‘primaseupulcrisf
647 4302 676 4315 Η
759 4304 764 4315 ι
871 4235 1012 4321 ''ts-Aug.
1025 4239 1080 4302 Op,
1097 4242 1210 4291 tomrii.
1227 4243 1281 4293 eolt
1295 4245 1367 4294 1057.

287 4340 292 4349 .
325 4300 403 4351 sulm
421 4301 482 4351 Nat.
497 4315 534 4350 nr.
558 4300 582 4350 S.
600 4300 791 4352 Felicis—Brb.
837 4305 974 4354 D.—10.2.
996 4303 1036 4366 8,]

267 4363 322 4415 Pet
336 4364 403 4414 Mox.
416 4364 471 4429 Op,
484 4370 545 4414 tom.
557 4366 590 4414 vi.
608 4380 635 4429 p.
645 4368 700 4417 273.
715 4366 757 4430 O.]
869 4376 879 4399 ⁰
896 4367 947 4418 Ubi
959 4383 1040 4432 supra.
1051 4369 1092 4434 [de
1100 4369 1175 4419 civit.
1184 4371 1238 4421 Dei.
1248 4373 1367 4423 lisinii.

107 4452 112 4457 -
191 4426 194 4433 '
271 4454 275 4461 ·
298 4436 309 4462 ¹
327 4428 406 4493 [Vide
418 4429 536 4479 Prudent.
547 4431 600 4488 περὶ
612 4443 683 4489 arra.
696 4430 791 4494 Hymn.
836 4448 888 4497 cap.
901 4436 939 4481 10.
957 4433 1011 4496 0p.,
1023 4439 1084 4484 tam.
1096 4437 1139 4484 rii.
1157 4437 1202 4484 col.
1214 4440 1284 4489 1013.
1303 4438 1348 4502 Π]

64 4396 203 4636 ι
265 4494 305 4543 til.
322 4493 351 4543 ln
365 4492 390 4544 S.
402 4493 489 4545 Stauh.
508 4494 552 4544 lia.
563 4494 718 4546 tus.-Gsn.
735 4495 790 4546 Bib.
868 4497 880 4529 ⁶
898 4497 1047 4563 [Videtur.
1060 4499 1111 4550 Sat.
1123 4501 1156 4552 ir.
1169 4503 1234 4565 lla]
