2910 4926
258 276 326 342 308'
572 298 614 344 sn
636 297 827 347 eunomius
848 296 1047 347 snumumur

325 454 409 514 potest
421 449 484 511 Rex,
495 450 684 501 Antichristum
700 452 815 502 nondum
828 452 933 511 venum,
945 465 1004 502 cnm
1020 455 1080 503 ants
1094 451 1149 516 ejus
1163 449 1302 502 sdrsntmn
1313 448 1364 501 m

324 532 403 581 cessio
417 531 544 595 gsnsmlis
555 530 611 581 fieri
627 530 717 581 debeat
729 547 746 582 a
761 531 874 582 Romano
889 531 1119 598 Imperia—[Bell.
1130 532 1207 597 Apol.
1216 545 1264 597 pro
1275 527 1363 596 nup]

325 628 350 677 p.
363 616 418 664 129.
434 613 503 679 [Op.,
514 617 576 663 tom.
587 614 630 663 vii.
643 614 690 664 col.
699 614 754 666 777.
766 614 813 680 Δ.]

110 729 202 780 Utrum
214 744 231 779 ι
303 723 350 788 At
370 722 567 786 Antichristo
591 728 751 805 reparate,
769 721 1016 805 persecutionem
1030 720 1106 802 sore
1127 719 1208 784 dixit
1231 721 1363 804 Augus·

96 809 230 926 mm]
259 828 358 893 tinus.
402 829 475 892 Nec
489 834 610 891 temere
626 826 706 890 dixit
715 853 726 905 ς
750 827 839 892 Quot
862 826 949 890 enim
969 826 1137 908 (regnante
1158 824 1227 908 illo)
1245 823 1363 902 exusti,

260 931 402 1010 mactati,
419 930 569 995 mulctati
591 930 692 994 sunt?
737 930 861 994 Verum
880 929 908 992 si
931 929 1026 993 detur
1040 927 1214 1006 cardinali,
1235 927 1276 992 de
1298 947 1363 1011 quo

259 1034 307 1098 ita
320 1034 413 1098 valde
432 1034 568 1112 laborat,
585 1054 654 1097 esse
674 1033 891 1097 discessionem
911 1032 1001 1096 illam
1016 1053 1036 1094 a
1051 1032 1190 1095 Romano
1204 1029 1361 1112 Imperio,·

259 1157 320 1201 nec
334 1136 369 1200 id
383 1143 493 1201 tumen
506 1135 543 1200 in
557 1137 648 1200 luero
663 1136 841 1220 deputabit.
887 1137 977 1200 Nam
992 1143 1024 1200 et
1039 1157 1061 1197 o
1075 1136 1215 1199 Romano
1225 1134 1362 1218 imperio

260 1240 406 1304 discessio
433 1241 502 1324 jam
528 1240 653 1325 pridem
676 1238 763 1303 faeta
792 1247 851 1303 est.
897 1239 965 1304 Ubi
994 1239 1081 1302 enim
1107 1247 1266 1302 terrarum
1291 1239 1362 1322 jam

262 1345 362 1429 (quod
391 1345 547 1429 Apostolo
577 1345 736 1408 scribente
766 1343 851 1426 fitia)
883 1344 1056 1406 Romanum
1080 1344 1269 1425 imperium?
1306 1341 1363 1407 ubi

261 1449 408 1532 quaerasl
440 1449 496 1513 nbi
524 1449 674 1532 reperias,
699 1458 916 1531 praeterquam
946 1448 1058 1511 Romae
1081 1445 1237 1525 fortassis,
1263 1451 1298 1509 et
1327 1446 1362 1510 in

261 1550 424 1633 Pontifice,
443 1551 621 1617 Cardinalis
636 1550 802 1616 Domino?
834 1549 1037 1616 Quantillum
1056 1550 1126 1634 jam
1143 1548 1227 1634 juris
1243 1547 1363 1614 Caesari

261 1664 311 1719 est
333 1656 369 1719 in
396 1656 536 1734 Italiam,
559 1655 624 1718 imo
649 1655 685 1718 in
715 1654 834 1718 Italia?
879 1652 1083 1719 Quantillum
1110 1652 1145 1715 in
1172 1652 1362 1730 Provinciis,

261 1780 332 1844 quae
360 1767 432 1823 tum
461 1766 553 1822 erant
578 1758 734 1839 Imperii?
770 1763 983 1840 praeterquam
1008 1754 1035 1818 si
1059 1755 1143 1820 forte
1170 1755 1248 1840 quid
1273 1755 1304 1819 ei
1327 1754 1364 1818 in

262 1862 438 1927 Germania
478 1862 637 1945 reliquum
675 1873 735 1938 est,
777 1866 810 1924 et
848 1859 1039 1923 Pannonis:
1088 1880 1149 1923 neo
1186 1857 1363 1943 posteriore

259 1972 371 2028 tamen
394 1966 465 2044 hac,
490 1966 619 2047 Imperii
641 1966 715 2050 jure
739 1963 816 2040 ullo,
840 1963 1040 2025 hereditario
1066 1962 1183 2047 potius.
1228 1961 1315 2040 Nisi,
1337 1961 1364 2025 si

258 2070 333 2134 ideo
349 2070 522 2133 Romanum
539 2071 608 2154 jam
627 2070 851 2150 Imperatorem
872 2066 989 2144 dicitis,
1012 2066 1099 2150 quod
1119 2065 1148 2129 is
1165 2065 1201 2129 in
1220 2075 1365 2130 vestrum

263 2173 331 2257 (qui
348 2174 482 2236 Romani
497 2173 586 2255 estis)
601 2173 655 2256 jus
669 2179 758 2236 totus
770 2171 838 2254 jam
855 2169 1004 2247 cesserit;
1027 2176 1150 2252 utpote,
1169 2169 1224 2252 qui
1246 2178 1363 2248 sumat,

261 2277 316 2359 qui
332 2284 431 2359 ponat
447 2297 581 2354 secures,
593 2283 698 2338 vestro
713 2275 923 2337 Romanorum
938 2272 1071 2336 arbitrio
1080 2281 1104 2335 ¹¹.
1137 2272 1244 2338 Quem
1258 2292 1364 2357 neque

259 2379 358 2461 Popce
376 2381 563 2442 vassallum
586 2378 725 2442 scribere
747 2398 803 2441 vos
825 2375 958 2460 puduit:
989 2383 1022 2439 et
1041 2376 1076 2439 in
1098 2375 1204 2458 ipsum
1226 2375 1364 2440 Pontifi-

262 2483 329 2545 eale
352 2490 494 2545 vestrum
517 2481 667 2560 inserere,
691 2482 907 2544 Juromeatum
922 2478 1102 2560 fidelitatis,
1124 2478 1209 2561 quod
1231 2486 1364 2562 praestat

260 2585 439 2648 Pontificil.
487 2583 605 2662 Quare,
624 2583 709 2667 quod
725 2583 813 2660 vidit,
830 2582 979 2665 quodque
996 2581 1135 2665 agnovit,
1152 2581 1267 2665 cuique
1287 2581 1363 2645 sub-

261 2687 347 2751 ditus
370 2686 431 2749 fnit
454 2687 641 2769 ApostoluS,
658 2686 830 2749 Romanum
853 2688 1025 2767 inperium,
1050 2685 1105 2746 diu
1123 2684 1192 2767 jam
1215 2684 1365 2747 discessio

212 2824 214 2829 .
261 2789 301 2852 ab
317 2809 355 2852 eo
370 2788 456 2852 facta
472 2797 530 2851 est.

98 3321 205 3386 [Utrum

96 3387 179 3437 adbuc
190 3388 225 3436 sit

97 3451 226 3501 Romanum

98 3514 206 3580 Impera·

98 3580 159 3644 ton]

81 4586 156 4640 h„

294 2941 355 2999 Ques
366 2940 484 2991 discessio
497 2941 610 2991 nondum
621 2942 687 2991 facts
700 2947 746 3002 est,
759 2957 816 2992 cnm
828 2941 910 2991 adhue
922 2947 1023 2992 maneat
1031 2942 1160 2991 Romanus
1172 2940 1321 3003 Imperator,
1331 2940 1365 2991 ad

326 3039 400 3086 quem
418 3024 473 3074 ltex
490 3026 543 3088 ipse
555 3026 628 3073 misit
642 3025 821 3074 ‘Monitoriam
839 3024 1027 3075 Praesstionem'
1043 3039 1121 3084 snam,
1134 3024 1234 3082 Dicens,
1247 3023 1367 3073 Sacratis

325 3107 398 3166 simo,
415 3112 461 3155 etc.
480 3106 613 3170 llodulpho
632 3106 667 3154 ll.
684 3107 796 3156 Romano
815 3106 1083 3170 Imperatori-[Bell.
1096 3106 1169 3169 Apol.
1181 3120 1227 3169 pm
1237 3104 1326 3170 Resp]
1339 3121 1365 3170 p.

326 3190 380 3236 129.
395 3187 465 3250 [Op.,
476 3193 538 3237 tom.
550 3190 593 3237 vii.
604 3177 651 3238 col.
663 3189 718 3240 mr.
727 3188 773 3251 Δ.]

304 3305 438 3368 Frustra
459 3304 521 3368 hoc
541 3327 609 3368 non
624 3306 745 3368 sactum
767 3304 903 3382 docebit,
921 3327 960 3368 ex
982 3327 1029 3382 e0,
1047 3304 1132 3388 quod
1156 3303 1364 3387 Rodulphum

261 3408 310 3471 II.
327 3408 396 3470 Reor
411 3409 584 3470 Romanum
602 3408 825 3489 Imperatorem
845 3409 1016 3489 scripserit.
1063 3408 1169 3474 Quem
1185 3407 1365 3472 cardinalis

261 3519 371 3575 tamen
395 3532 461 3573 non
485 3510 531 3573 ita
553 3511 682 3586 scribit3
718 3512 822 3574 alieno
845 3512 952 3594 potius
979 3512 1073 3574 nixus
1096 3511 1241 3593 exemplo
1266 3532 1364 3593 quam

262 3635 330 3688 suo,
352 3613 455 3695 (forte,
469 3613 543 3695 quia
558 3614 733 3694 obsequium
748 3613 843 3677 modo
855 3614 1004 3698 Pontifici
1016 3614 1145 3697 juravit,
1160 3613 1365 3675 obedientium

260 3717 324 3780 nisi
339 3716 488 3778 Ecclesiae
507 3717 615 3799 jurare
631 3717 761 3796 renuit.)
810 3718 863 3779 Ita
886 3718 1009 3798 Regem
1033 3717 1151 3793 decuit,
1167 3717 1213 3778 ita
1232 3737 1362 3798 aequum

260 3820 333 3883 fuit.
379 3819 523 3882 'situlum
541 3819 627 3881 enim
642 3818 729 3880 hune
753 3819 815 3882 sibi
836 3820 1014 3903 (postquam
1032 3841 1071 3882 ex
1092 3819 1147 3882 illa
1164 3820 1276 3882 Romae
1291 3841 1366 3902 pos-

292 4014 305 4037 ·
322 4004 396 4071 [Vide
419 4004 509 4054 Horat.
528 4003 610 4054 Germ.
635 4004 682 4054 lll.
706 4007 728 4053 2.
750 4008 788 4054 19.
833 4021 908 4067 qnam
926 4007 1046 4055 vassallus
1064 4021 1108 4055 suo
1128 4004 1362 4054 domino.’'—Brer.

261 4071 315 4167 2⁰3]
332 4133 457 4184 “Fecitle
476 4134 581 4193 itlnnoc
597 4133 653 4196 IV)
680 4133 789 4183 noddam
833 4069 1001 4184 ffieoppppc,
1013 4069 1364 4196 qpssipdllpplcpgnsgahgpsta

260 4133 432 4264 privilegium,
457 4149 532 4248 iures
556 4172 625 4248 bulla
636 4171 643 4184 .
653 4150 789 4257 ninnitnm,
865 4207 876 4239 7
893 4172 940 4264 Ι[(ῙΓ.
956 4171 1364 4263 oee'ret.13arfiss15isslisusscap.

260 4266 292 4314 ab
309 4264 397 4314 eodem
410 4264 570 4327 Imperatore,
584 4263 661 4323 (Frid.
676 4263 719 4327 ll.)
732 4278 790 4312 cum
833 4266 925 4313 xxxiii.
948 4266 1021 4314 ‘'libi
1044 4263 1283 4327 Domino.'-Corp.
1307 4266 1361 4313 tur.

259 4333 325 4380 esset
342 4328 405 4388 Rex,
423 4328 536 4378 Honorio
554 4328 728 4391 praedecessori
745 4343 789 4377 sno
834 4328 893 4378 Can.
908 4335 967 4378 tom.
977 4331 994 4378 i.
1008 4332 1053 4379 col.
1064 4333 1134 4389 330.;
1151 4336 1176 4379 et
1186 4330 1309 4378 Clemens„
1318 4328 1364 4378 lib.

260 4409 413 4453 eoncessum,
430 4394 458 4441 in
474 4407 523 4456 quo
539 4393 608 4440 inter
623 4392 674 4440 alia
692 4393 792 4454 potissi·
833 4395 860 4442 ii.
885 4394 934 4443 'lit
954 4396 988 4443 ix.
1017 4394 1070 4444 ‘De
1092 4393 1274 4457 Jurejurando:
1303 4393 1363 4456 Gap.

260 4472 331 4507 mnm
343 4457 489 4515 habebatur,
497 4455 622 4519 quomodo
633 4456 715 4506 eidem
724 4457 790 4520 jura
835 4456 908 4507 Unio.
927 4461 983 4508 coll.
997 4461 1051 4509 114.
1068 4459 1203 4523 eq.-apud
1223 4458 1296 4522 Corp.
1309 4457 1324 4508 J
1327 4473 1363 4508 ur.

256 4528 376 4575 mentum
400 4520 534 4571 fidelitatis
561 4521 715 4585 praestiterat
739 4528 791 4571 tan·
836 4523 895 4572 Con.
910 4530 969 4572 tom.
984 4524 1032 4587 iii]
