2910 4926
444 272 626 321 aromemn
649 272 830 321 asarenam.
1131 260 1193 324 167

121 445 151 467 --
169 424 215 487 qni
226 424 429 477 intercessionem
441 426 590 477 Sanctorum
602 426 688 492 palam
701 425 798 485 irridet,
810 425 854 488 qui
866 426 1052 476 venerationem
1063 425 1189 490 Reliquia-

154 521 211 556 rnm
222 507 406 558 intolerabilem
419 508 589 559 idololatriam
601 512 680 567 vocet,
692 508 736 571 qui
747 508 932 571 Purgatorium,
941 508 1054 568 Missam,
1066 512 1194 560 eteoclem

155 588 215 639 fidei
234 588 370 640 Catholicae
389 590 508 653 dogmata
523 591 647 655 conspuit,
663 590 826 640 Haereticns.
845 626 851 639 .
870 589 994 652 dicatur,
1006 591 1111 641 molesto
1129 592 1192 644 ferre

154 685 206 721 non
226 675 339 735 possunt,
361 686 407 721 nee
429 672 590 733 commoveri,
615 671 665 720 nisi
687 671 855 722 commotione
877 670 980 721 fraterni
1003 671 1105 732 doloris,
1124 674 1191 737 qnod

156 756 257 802 tantum
269 751 373 815 Regem,
384 767 458 816 qnem
471 752 583 817 ipsorum
597 752 681 802 ordini
697 757 824 816 sceptrum
835 757 862 804 ot
873 768 963 804 corona
978 754 1150 818 conjunxerat,
1160 756 1192 807 ab

154 834 268 898 ipsorum
284 835 461 884 communione
482 833 583 885 heresis
600 840 627 884 et
645 835 754 885 schisma
771 834 1046 901 disjunxerit-[Bell.
1058 837 1133 902 Apol.
1146 853 1191 902 pro

155 914 240 981 Resp]
252 930 276 979 p.
284 918 324 968 o1.
338 915 408 981 [Op.,
420 920 481 967 tom.
493 917 538 966 vii.
550 917 597 966 col.
609 917 665 968 733.
679 916 723 979 Β.]

139 1032 211 1096 Nec
241 1034 426 1096 Sanctomm
455 1034 678 1096 invocationem
701 1034 824 1111 irridet,
849 1034 905 1097 sed
931 1033 971 1097 ab
998 1037 1192 1100 invocatione
1203 1056 1299 1171 SQulm

90 1155 203 1200 eornm
219 1135 379 1200 abstinere
394 1136 497 1199 tutius
511 1141 615 1219 putat,
633 1135 715 1199 nulli
730 1143 889 1220 praecepto
909 1137 994 1214 nixa,
1010 1139 1191 1204 voluntario
1205 1128 1338 1236 pfflffia

89 1238 187 1303 modo
206 1238 297 1302 cultu
319 1238 510 1303 introducta
556 1240 718 1321 Reliquias
737 1240 911 1304 honorilice
933 1242 1087 1305 asservari
1103 1242 1190 1322 sinit,
1203 1251 1320 1301 condom-

90 1341 237 1424 religiose
263 1342 388 1406 adorari
405 1364 472 1406 non
493 1342 579 1406 sinit.
634 1343 866 1407 Adorationem
896 1344 985 1407 euim
1007 1345 1191 1427 religiosam
1203 1316 1270 1380 Μ’]

91 1445 210 1509 Latrim
225 1446 386 1529 copulari:
410 1467 477 1511 uno
491 1467 584 1509 versu
599 1453 770 1530 utramque
785 1447 844 1510 soli
859 1448 927 1510 Deo
943 1470 962 1510 a
977 1448 1108 1512 Christo
1122 1451 1192 1513 vin-

91 1549 221 1614 dicari'.
267 1551 309 1614 In
324 1551 438 1629 Missa,
455 1550 482 1612 si
499 1549 598 1612 missa
618 1551 707 1630 fiant,
724 1572 795 1633 quae
818 1573 892 1614 curn
909 1551 1193 1616 Transubstantia-

91 1651 180 1717 tione
201 1660 308 1718 vestra
333 1654 377 1718 ibi
403 1653 561 1718 submissa
587 1662 672 1732 snut,
692 1654 779 1718 bono
800 1654 826 1716 si
849 1654 918 1719 loco
944 1675 995 1717 res
1017 1662 1110 1730 essct,
1126 1677 1193 1719 non

91 1755 183 1820 valde
198 1755 238 1821 de
253 1757 384 1821 nomine
398 1758 550 1840 litigaret.
586 1759 776 1839 Parpntorio
791 1757 949 1821 nonnulla
964 1757 1027 1820 alia
1041 1757 1193 1840 dogmata

91 1867 205 1940 aesna,
222 1861 319 1925 ctiam
335 1865 561 1944 Perpatoriem
585 1862 702 1946 ipsum,
725 1883 805 1945 opus
831 1861 959 1939 habere,
983 1883 1049 1925 uon
1071 1861 1192 1924 invitus

91 1964 254 2046 agnoseit:
278 1971 374 2043 certe,
387 1965 427 2028 ad
434 1964 532 2045 fidene
544 1987 582 2028 ea
595 1986 663 2029 non
677 1965 856 2048 pertinere:
879 1973 917 2027 ut
932 1963 1067 2047 probare
1081 1964 1191 2047 possit,

91 2072 129 2129 ιιι
142 2067 284 2150 probarit
300 2067 426 2132 abunde
442 2067 487 2131 eis
502 2069 599 2131 fidem
615 2091 724 2132 snam:
748 2090 808 2132 nee
823 2068 887 2133 illis
902 2089 982 2152 opus
1001 2068 1043 2130 sit
1061 2088 1191 2131 commo-

89 2171 156 2232 neri
177 2171 306 2250 moero,
330 2171 392 2234 uisi
416 2171 465 2234 ira
491 2171 573 2235 sorte
599 2172 633 2235 iu
657 2172 857 2250 Pontificem,
879 2171 934 2255 qni
958 2169 1134 2248 Brevibus;
1156 2169 1192 2233 iu

92 2272 307 2353 cardinalem,
323 2274 378 2357 qui
400 2274 554 2357 Epistolis
577 2283 610 2338 et
631 2275 806 2358 Apologiis,
830 2280 951 2338 avertat
974 2273 1003 2337 ei
1025 2272 1066 2336 ab
1088 2273 1192 2337 officio

90 2376 246 2458 populum
262 2398 367 2441 suum.
406 2377 570 2441 Minentur
584 2379 697 2460 magis,
708 2378 890 2441 conemoveri
898 2383 1036 2458 paterna
1050 2376 1116 2457 ejus
1130 2377 1191 2438 vis-

91 2497 173 2556 cera,
189 2478 231 2542 ad
246 2479 391 2545 subditos
406 2482 475 2566 ejus
491 2503 510 2544 a
525 2480 587 2545 fide
613 2481 680 2564 (qni
695 2488 763 2544 tam
778 2502 854 2545 sane
870 2480 984 2563 sapiat)
1004 2477 1190 2542 atrocanrlos.

92 2582 199 2648 Quem
215 2584 293 2648 adeo
314 2585 360 2649 eis
375 2591 529 2667 sceptrum
545 2591 575 2648 et
595 2606 708 2648 corona
727 2586 897 2667 conjurarit,
913 2592 950 2647 ut
967 2604 1034 2647 non
1053 2583 1192 2647 debeant

90 2686 205 2750 naeniae
224 2687 294 2751 istae
314 2694 347 2751 et
367 2687 531 2771 roligionis
550 2696 659 2753 cortex
677 2689 716 2771 (si
732 2696 842 2752 tamen
860 2688 980 2770 cortex)
1001 2686 1040 2748 ab
1056 2687 1192 2767 iprsornm

91 2792 299 2853 communione
310 2791 487 2874 dipnnpere
496 2818 506 2866 ;
526 2792 583 2855 scd
597 2813 701 2875 neque
717 2792 906 2876 disjungant
921 2812 1073 2875 unquam.
1104 2790 1192 2852 Nam

92 2897 125 2954 ct
140 2912 213 2955 cum
227 2893 492 2973 Henncovnr,
505 2903 622 2959 etcum
640 2895 705 2958 iilia
720 2896 789 2979 ejus
804 2893 1002 2972 Elizabctha,
1019 2901 1051 2955 et
1067 2913 1141 2955 cum
1156 2913 1195 2955 eo

92 2993 147 3075 qui
164 2993 285 3057 Gallias
307 3016 411 3078 nuper
431 2994 567 3059 feliciter
588 2996 680 3075 rexit,
702 2995 870 3078 (fremente
885 2995 961 3058 licet
977 3002 1009 3058 ct
1024 2994 1194 3057 frendente

91 3095 258 3178 Pontifiee)
291 3097 407 3180 reliqui
438 3097 613 3160 Christiani
636 3097 799 3181 Principes
823 3105 856 3160 et
882 3097 1026 3159 inierunt
1054 3095 1194 3160 libenter

90 3196 224 3274 foedera,
239 3205 272 3261 et
287 3199 436 3282 religiose
452 3221 588 3284 sempor,
604 3207 853 3283 constanterque
869 3198 1048 3262 coluerunt.

123 3348 162 3398 Ac
174 3353 203 3398 nt
216 3348 269 3399 Rex
282 3349 411 3412 intelligat
428 3364 479 3400 non
493 3364 545 3400 osse
558 3364 652 3399 norum
669 3349 697 3397 in
713 3348 832 3407 Ecclesia,
844 3352 873 3398 nt
884 3347 1029 3399 Saeculotes
1043 3347 1123 3396 libera
1135 3362 1194 3396 roeo

155 3436 262 3493 arguunt
271 3430 350 3493 Reges
359 3432 498 3493 haereticos,
507 3431 661 3481 adscribam.
671 3467 677 3479 .
687 3431 777 3480 ‚verbu
785 3430 810 3479 S.
817 3430 926 3480 Hilarii.
936 3466 957 3479 ..
970 3429 1001 3479 ad
1009 3429 1194 3478 Constantium.

156 3546 163 3560 .
180 3547 187 3561 .
205 3547 212 3560 .
229 3512 377 3575 ‘'l'ymnnns
393 3528 445 3562 non
459 3512 626 3562 humanorum
637 3512 681 3562 scd
693 3513 854 3571 divinornm:
865 3518 911 3562 etc.
930 3547 937 3562 .
955 3549 962 3562 .
979 3547 986 3560 .
1003 3512 1038 3561 Et
1049 3510 1192 3561 ‘Scelestis-

155 3594 218 3643 simc
240 3594 401 3654 mortalium,’
423 3599 470 3644 ete.
482 3623 514 3630 —
527 3593 600 3659 [Bell.
620 3595 694 3658 Apol.
715 3609 761 3658 pro
780 3593 866 3659 Resp]
883 3609 906 3658 p.
921 3596 959 3644 51.
987 3593 1055 3659 [Op.,
1072 3597 1133 3642 tom.
1147 3591 1192 3640 rii.

159 3676 205 3724 col.
217 3677 272 3726 733.
288 3674 316 3724 Β.
326 3675 364 3740 0.]

135 3791 385 3856 Minitabuudns
415 3802 533 3871 nutem,
558 3798 596 3856 ιιι
626 3792 805 3876 Epistolam
831 3813 923 3855 snam
953 3790 995 3854 ad
1019 3791 1339 3890 Caesarem,[1301nm,

93 3903 190 3979 atque
203 3896 391 3980 Principest,
403 3897 450 3960 ita
464 3897 570 3962 locum
585 3897 673 3961 hune
688 3896 851 3962 concludit
865 3896 929 3973 hic,
944 3902 979 3958 ut
993 3896 1064 3959 Rae
1078 3896 1192 3958 intelli-
1204 3878 1340 4007 ffiffim

89 4006 157 4082 pat,
177 4002 248 4082 (nec
271 4001 357 4065 solus
378 4003 508 4084 tamen)
530 4002 637 4065 Cacsar
661 4022 786 4085 quoque
813 4007 846 4064 et
869 3998 1043 4083 Principes,
1063 4001 1116 4082 (ne
1131 4000 1193 4063 hoe
1250 3980 1313 4074 128

92 4125 202 4166 aarum
213 4105 276 4167 illis
289 4111 385 4188 atque
396 4104 538 4168 insolens
551 4104 716 4186 videatur,)
737 4109 871 4167 caveant
891 4101 960 4181 sibi,
974 4110 1193 4165 atramentum

93 4207 257 4272 Cardinali
271 4230 337 4272 non
352 4209 472 4287 deesse,
488 4230 548 4272 nec
563 4208 617 4287 fel,
630 4207 757 4291 quibus,
773 4229 846 4271 enm
862 4228 941 4290 opus
956 4207 1009 4285 sit,
1026 4206 1144 4271 scribat
1159 4207 1194 4270 in

181 4428 190 4514 ἶ
209 4418 449 4547 ffifflffildae,
461 4483 494 4534 aa
506 4481 580 4546 spor.
592 4498 637 4547 pro
649 4481 722 4547 nup.
740 4484 796 4547 op,
808 4488 869 4534 am.
881 4483 925 4532 vn.
938 4482 984 4534 001.
993 4480 1100 4547 rona]
