2910 4926
430 288 613 337 rroroouu
635 287 817 337 arsrousm.
1111 275 1175 338 417

73 463 179 508 eoram
194 443 316 509 seditio.
363 444 427 508 Sed
447 451 480 508 et
495 444 647 524 Helvetii,
664 451 777 509 contra
794 442 950 507 Dominos
963 443 1174 527 insurgentes,

73 549 201 632 penitus
225 570 278 613 eos
302 548 511 625 sustulenmt,
532 549 568 611 in
594 567 737 631 eamque,
757 567 827 631 quse
850 567 937 610 nuno
956 552 1015 626 est,
1038 546 1175 610 formam

73 659 242 715 mutarunt
266 651 520 735 Rempublicam.
566 651 702 714 Factum
727 648 820 713 annis
844 648 917 732 plus
942 656 1074 713 centum
1100 656 1175 713 ante

73 753 254 818 Lutherum
269 761 393 818 natum.
440 754 615 817 Catholicae
630 774 706 837 ergo
723 752 889 836 utriusque
909 751 1073 817 seditionis
1090 752 1175 816 illius

72 865 219 922 auctores
246 857 352 937 finisse,
380 857 477 921 etiam
507 857 694 921 Adversarii
723 857 832 921 dicant
860 876 988 920 necesse
1017 863 1074 935 est,
1101 877 1174 920 oum

72 960 199 1023 nullum
213 981 271 1044 per
284 960 318 1023 id
331 967 459 1044 tempus
473 959 624 1038 habeant,
641 981 736 1044 quem
752 959 869 1038 dicant,
884 959 1107 1023 Minaeum.

104 1096 191 1154 Qui..
204 1097 382 1148 llranoisoum.
396 1135 401 1147 .
414 1134 421 1148 .
433 1097 570 1149 seeundum
583 1135 589 1148 .
601 1134 607 1147 .
620 1134 626 1147 .
639 1097 780 1149 interfioera
790 1098 875 1149 moliti
887 1100 962 1148 suntl
987 1096 1175 1148 Nonnefratres

137 1178 407 1245 Evmgelioit-[Bell.
420 1180 495 1246 Apol.
511 1194 558 1244 pro
571 1179 657 1245 Resp]
672 1194 696 1244 p.
709 1181 763 1232 167.
777 1179 847 1244 [Op.,
857 1185 919 1230 torn.
930 1179 973 1228 rii.
985 1178 1032 1228 ool.
1041 1179 1097 1231 798.
1109 1178 1151 1242 0.]

115 1280 158 1343 Ιιι
188 1279 348 1344 Francisei
378 1279 476 1363 Regis
501 1279 601 1344 vitam
635 1280 716 1343 nihil
748 1281 848 1343 moliti
876 1285 949 1342 eunt
978 1279 1172 1362 anapeh'ea’.
1201 1303 1281 1352 neque

72 1382 198 1446 Notum
219 1391 337 1463 autem,
360 1404 399 1446 ex
423 1403 486 1466 qua
510 1383 637 1446 officina
658 1383 776 1466 prodiit
803 1384 995 1466 figmentum
1015 1382 1104 1462 illud,
1125 1389 1172 1461 ut,
1185 1354 1319 1477 ,offffi

72 1507 146 1548 oum
161 1486 243 1549 nihil
258 1487 324 1551 veri
344 1493 435 1565 esset,
451 1486 564 1549 saltem
584 1507 621 1550 ex
637 1486 783 1550 mendaci
803 1487 972 1564 calumnia,
988 1486 1119 1549 conflari
1133 1487 1174 1550 iis
1185 1481 1286 1547 Gallia]

71 1589 182 1653 odium
198 1598 313 1673 posset.
338 1590 402 1654 Par
416 1590 547 1669 factum,
563 1589 599 1653 in
614 1591 739 1652 laniem
754 1590 813 1653 suh
823 1589 937 1654 Carolo
946 1590 1046 1653 Nono
1054 1616 1064 1667 ;
1087 1611 1173 1653 com-

72 1692 197 1757 minisci
220 1692 340 1777 aliquid
361 1693 512 1776 oportuit,
535 1715 597 1777 quo
619 1699 759 1776 stragem
782 1700 850 1756 tam
870 1692 1041 1757 nefandam
1061 1692 1172 1775 pallia-

72 1804 155 1859 rent.
200 1796 254 1860 Illi
269 1817 343 1861 vero
362 1818 530 1881 nunquam
545 1817 635 1860 arma
653 1796 838 1875 induerunt,
853 1803 891 1859 ut
905 1795 980 1859 vitae
1000 1795 1120 1878 Regiae,
1135 1803 1173 1858 ut

71 1901 260 1984 cujusquam
274 1900 348 1964 vita
362 1900 427 1963 vim
447 1900 604 1964 inferrent
612 1925 622 1976 3
645 1906 774 1963 tantum
796 1907 834 1963 ut
854 1921 873 1963 a
887 1920 945 1962 sua
959 1899 1024 1963 vim
1044 1897 1173 1981 propul-

71 2011 199 2083 sarent;
229 2024 342 2067 necem
367 2004 450 2086 regis
473 2025 541 2068 non
566 2002 680 2082 moliti,
705 2002 828 2066 amoliti
852 2023 953 2066 suam.
1000 2002 1173 2064 calomniis

75 2108 124 2187 (ut
146 2108 195 2189 fit)
220 2106 261 2171 ad
284 2115 411 2191 tempus
434 2107 584 2191 oppressi,
600 2114 633 2171 at
655 2107 770 2170 Filiam
794 2128 884 2171 suam
904 2108 973 2191 jam
992 2112 1119 2191 tempus
1136 2107 1172 2171 in

71 2207 176 2272 lucem
199 2208 317 2273 eduxit.
363 2210 407 2273 Et
430 2231 493 2292 qua
514 2217 605 2293 parte
627 2216 794 2293 peecatum
817 2209 924 2288 hierit,
946 2209 981 2272 in
1004 2208 1172 2276 turbarum

72 2313 191 2393 eripiar
213 2312 273 2377 sub
291 2312 469 2391 Francisoo,
485 2313 520 2376 in
539 2312 664 2375 Ioukara
686 2312 741 2375 illa
764 2312 823 2379 sub
843 2312 967 2390 Carolo,
982 2311 1084 2379 libera
1102 2312 1171 2395 jam

71 2436 148 2479 voce
167 2415 344 2499 loquuntur
369 2417 530 2481 Historiae.
577 2417 769 2500 Quanquam
791 2422 927 2478 netum
951 2414 1079 2499 quidem
1103 2435 1171 2479 cor·

73 2517 155 2581 datis
169 2519 245 2582 viris
267 2519 379 2605 ignota
398 2541 448 2583 res
466 2519 584 2603 (videas
599 2540 638 2583 ex
653 2519 754 2583 literis
770 2518 810 2581 ad
826 2518 1051 2582 Schwendium
1066 2518 1172 2581 Maxi-

73 2621 196 2684 miliani
212 2622 389 2705 Caesaris0),
410 2630 447 2687 ut
469 2622 647 2688 cardinalis
666 2622 761 2710 plane
782 2643 891 2688 excors
913 2621 964 2703 sit,
981 2622 1036 2704 qui
1057 2621 1171 2687 vulnus

73 2723 135 2789 hoe
149 2725 286 2790 refricet.

107 2860 156 2920 Qui
167 2859 276 2924 denique
290 2864 358 2921 sunt,
369 2862 412 2924 qui
423 2859 542 2912 adversus
553 2862 620 2912 hune
628 2863 710 2926 ipsum
722 2863 817 2926 Regem
828 2866 867 2914 tot
878 2863 963 2913 turbas
974 2863 1003 2912 in
1013 2863 1098 2914 Scotia
1108 2863 1172 2913 exci-

139 2944 241 2990 taruntl
257 2978 263 2990 .
281 2978 288 2991 .
306 2979 312 2992 .
330 2977 336 2990 .
349 2941 442 2992 Nonne
453 2978 460 2991 .
477 2953 485 2992 ’.
502 2980 508 2992 .
520 2943 564 3006 qni
576 2944 736 2994 reformatam
747 2944 848 2994 Caluini
859 2945 1008 3008 religionem
1020 2981 1026 2993 .
1039 2980 1045 2993 .
1057 2982 1063 2993 .
1076 2981 1082 2992 .
1095 2944 1172 2993 intro

139 3022 387 3089 deserenti—[Bell.
400 3024 476 3088 Apol.
488 3039 533 3089 pro
545 3024 630 3090 Resp.]
642 3041 665 3089 p.
679 3027 734 3078 167.
751 3026 818 3090 [Op.,
829 3031 891 3076 tom.
902 3027 946 3075 vii.
964 3026 1010 3076 eol.
1023 3025 1078 3076 798.
1087 3026 1114 3074 C.
1122 3024 1168 3089 D.]

117 3122 163 3184 At
184 3123 281 3204 Regis
303 3122 338 3185 in
366 3124 475 3187 Scotia
497 3145 593 3188 nemo
612 3125 712 3188 vitam
735 3124 889 3209 quaesivit,
910 3145 1006 3188 nemo
1030 3124 1171 3189 dominio
1183 3129 1280 3207 [neque.

73 3225 166 3286 illum
191 3226 314 3307 privare
340 3247 506 3308 aggressus
532 3233 590 3290 est.
638 3228 758 3290 Turbae
787 3227 904 3291 alicubi
928 3229 1017 3292 datas
1040 3227 1080 3291 de
1109 3229 1170 3291 Eo·
1184 3196 1330 3316 3³1qu

75 3325 178 3390 olesiae
200 3327 304 3390 forma
325 3328 483 3406 exteriori,
508 3329 667 3392 exstitisse
690 3331 829 3415 partium
853 3330 967 3408 studia,
992 3330 1170 3394 simultates
1183 3321 1286 3388 Scotia]

74 3429 135 3512 ipsi
150 3429 235 3493 inter
255 3451 288 3493 se
306 3429 461 3514 quasdam
481 3451 555 3494 oum
574 3432 741 3510 haberent,
758 3433 892 3517 quisque
912 3434 960 3517 (ut
980 3434 1029 3516 fit)
1048 3435 1170 3518 Regem
1225 3432 1289 3499 301

75 3531 117 3595 ad
147 3553 181 3595 se
210 3533 348 3611 trahere,
379 3534 448 3617 ejus
481 3534 570 3617 (dum
605 3535 780 3600 immatura
809 3536 913 3601 adhuc
943 3543 1037 3600 aetate
1074 3539 1168 3620 esset)

75 3635 266 3699 auctoritate
282 3636 322 3698 ad
338 3658 411 3699 suas
422 3645 530 3720 partes
545 3637 636 3702 abuti
650 3640 827 3724 satagebat.
865 3640 951 3704 Vitae
967 3661 1041 3718 suae,
1058 3642 1172 3724 Regno

74 3760 143 3817 suo,
158 3738 222 3802 vim
237 3738 355 3804 factam
370 3762 530 3825 nusquam
545 3748 692 3806 testatur.
740 3743 792 3808 Sio
808 3744 902 3807 diluit
916 3765 1007 3808 veras
1020 3743 1173 3810 Ecclesiae

75 3864 141 3906 suae
156 3844 297 3908 maculas
313 3845 502 3921 cardinalis,
518 3845 596 3910 dum
612 3847 691 3912 alies
705 3848 793 3911 falsis
808 3849 957 3932 aspergit.

109 3980 231 4029 Miratus.
244 4016 249 4027 .
262 3979 335 4030 valde
349 3994 413 4039 snm,
432 3995 551 4043 quorsum
566 3983 663 4046 templa
682 3983 737 4049 [lep.
752 3982 880 4047 exempla]
898 3983 1048 4047 Martyrium,
1064 3989 1091 4033 et
1106 3983 1173 4032 testi-

141 4063 227 4112 monia
238 4061 281 4111 SS.
289 4061 358 4111 Petri
370 4066 397 4111 et
406 4061 478 4112 Pauli
489 4063 566 4113 allata
576 4064 727 4127 pertineant
762 4064 838 4124 Quasi
849 4081 901 4116 non
914 4066 994 4129 possit
1004 4064 1137 4115 humilitas
1148 4067 1174 4114 et

140 4145 264 4207 patientia
273 4145 374 4202 serrari,
381 4147 408 4194 et
418 4145 493 4194 simul
504 4145 632 4207 violentia
640 4151 667 4197 et
677 4146 813 4197 erudelitas
822 4153 1008 4211 persecutorum
1016 4145 1173 4210 reprehendi,

142 4225 189 4287 (ut)
204 4225 232 4275 iu
250 4225 304 4289 [lib.
317 4224 356 4288 ii]
374 4224 488 4276 Machab.
502 4241 523 4275 o.
536 4227 559 4277 7.
571 4263 577 4277 .
590 4265 596 4277 .
609 4263 615 4276 .
627 4227 736 4289 Christo,
746 4228 819 4279 Joan.
831 4229 904 4279 xviii.
916 4265 921 4277 .
934 4267 939 4278 .
952 4266 958 4278 .
970 4228 1106 4291 Stephano,
1115 4228 1171 4278 Aet.

141 4307 184 4355 vii.
197 4343 203 4354 .
217 4343 222 4354 .
235 4342 241 4355 .
254 4306 340 4366 Paulo,
352 4310 409 4356 Aet.
421 4308 494 4358 xxiii.
513 4345 518 4356 .
538 4346 543 4357 .
561 4347 566 4358 .
586 4308 667 4369 Petro,
679 4309 751 4359 Joan.
765 4313 817 4359 xxi.
832 4348 837 4360 .
855 4349 862 4361 .
879 4347 885 4359 .
899 4311 1051 4374 Augustino,
1063 4308 1171 4365 Confess,

237 4492 247 4515 ‘
265 4484 351 4549 [Apud
363 4481 474 4536 Goldnst
486 4487 592 4540 Constit.
606 4489 697 4558 Imper.
710 4493 770 4541 tom.
782 4490 809 4541 ii.
822 4504 863 4555 pp.
876 4491 932 4548 883,
944 4487 1008 4558 aaa]

119 4580 353 4620 sanuses—asse.
857 4587 880 4636 p
899 4586 924 4641 u,
