2910 4926
453 268 638 319 aroreenn
660 270 845 319 nascerere.
1163 257 1206 318 45

101 423 205 487 arium
231 430 373 487 vestrum
397 423 608 488 reformatum
633 447 653 488 a
677 424 779 502 vobis,
803 424 948 504 Missale,
978 424 1076 489 etiam
1101 425 1209 491 Biblia

101 534 208 590 vestra
229 524 389 609 vulgatae)
413 547 452 590 ea
469 548 528 609 por
549 527 644 605 viros,
666 549 804 610 quorum
822 549 883 592 nos
901 528 1058 611 poenitere
1081 527 1206 610 debeat,

100 632 292 715 neutiquam
318 630 492 714 reformate
516 639 576 696 est.
626 634 681 711 Et,
708 633 735 696 si
759 641 851 710 esset,
875 633 989 717 religio
1016 632 1111 698 nobis
1139 656 1208 699 nen

102 745 197 815 esset,
215 738 334 814 Secrie,
350 737 400 800 vel
415 758 435 799 a
447 737 470 799 J
473 736 537 800 ehu
551 737 621 820 ipse
635 736 825 818 reserantis,
841 747 897 801 aut
912 739 947 800 in
965 739 1098 819 Templo,
1110 738 1208 802 etiam

102 863 123 904 a
138 840 244 904 Persis
259 840 452 904 reaedificato
470 840 569 924 (qued
588 841 666 904 elim
688 841 826 924 populus
846 841 907 905 Dei
926 840 1014 924 feeit)
1035 843 1144 906 Senis
1159 842 1208 906 vel

103 945 238 1028 operari,
254 945 306 1008 vel
320 944 488 1008 interesse.

136 1082 268 1145 deciplam
287 1080 495 1130 intercessionem
513 1080 670 1141 Sanctorum,
691 1097 750 1131 curn
767 1080 941 1145 Reliquiarum
960 1082 1128 1142 veneratione,
1152 1096 1209 1144 qnae

168 1165 190 1214 si
209 1163 340 1214 ostendero
357 1169 462 1227 potuero
481 1178 496 1213 a
515 1163 640 1225 Patribus,
655 1165 699 1226 qui
717 1165 808 1228 primia
825 1165 1025 1227 quadringentis,
1037 1165 1077 1216 rel
1089 1165 1210 1228 quinqua·

168 1242 253 1304 gentis
264 1242 338 1291 anais
349 1240 494 1299 floruerunt,
506 1241 623 1290 unanimi
635 1256 757 1291 censensu
774 1243 915 1306 approbari,
927 1243 1003 1292 simul
1014 1242 1118 1293 effecere
1132 1242 1209 1291 fidem

170 1320 247 1384 Regia
270 1320 412 1382 Anglorum
434 1335 486 1369 non
508 1335 561 1370 esse
587 1320 663 1370 tidem
686 1321 785 1371 Veteris
806 1326 833 1372 et
851 1321 994 1371 Primitiae
1017 1322 1142 1382 Ecclesia,
1165 1322 1208 1372 sed

170 1404 292 1465 figmenta
310 1406 337 1452 ct
357 1402 464 1452 hareses
481 1401 747 1468 novatorum—[Bell.
770 1403 844 1468 Apol.
867 1419 913 1468 pro
933 1402 1017 1468 Resp]
1040 1418 1064 1468 p.
1077 1406 1116 1454 12.
1140 1404 1209 1470 [Op.,

170 1487 230 1534 tom.
242 1485 285 1534 vii.
303 1484 350 1534 col.
362 1485 417 1535 711.
430 1484 473 1547 O]

149 1577 249 1640 Porro
267 1576 391 1638 litem
379 1596 448 1660 Jam
473 1596 590 1639 novam
611 1576 764 1654 intendit,
781 1597 845 1659 quo
867 1576 938 1639 loeo
961 1583 994 1639 et
1012 1574 1125 1640 deecrc
1138 1575 1310 1642 vultffides

104 1679 214 1741 Falern
235 1700 326 1761 paam
347 1678 418 1741 Rea
438 1677 584 1760 dependit,
598 1680 697 1762 fidem
712 1700 773 1741 nen
788 1699 853 1743 cese
866 1681 978 1742 ceteris
992 1686 1022 1742 et
1037 1681 1210 1744 Primitiae
1222 1648 1308 1757 ’ἓξὲξ
1321 1656 1372 1691 ⁰⁰¹¹

105 1783 265 1845 Eccleeiee
312 1783 359 1845 Ut
375 1781 488 1846 doceat
475 1783 654 1863 t,eccipcre
677 1803 711 1844 se
732 1782 837 1865 prime
853 1782 941 1860 dicit,
956 1782 1011 1845 Int
997 1785 1210 1846 terceeeionem
1223 1771 1345 1835 inventa]

106 1887 303 1963 Sancta-nm,
327 1906 395 1948 cnm
421 1887 636 1968 Reliquiae-nm
660 1888 864 1950 veneratione.
910 1888 954 1950 Et
977 1908 1051 1951 vere
1082 1889 1210 1971 quidem

105 1993 254 2073 accipere,
279 1991 336 2054 sed
362 2013 382 2054 a
404 2012 438 2054 sc
462 1992 609 2072 accipere,
627 1991 724 2054 dante
747 1991 834 2053 enim
854 1991 1004 2056 nemine:
1029 2012 1067 2056 eo
1090 1993 1212 2056 seilicet

106 2116 213 2173 sensu,
230 2115 293 2177 que
309 2094 498 2158 scandalum
514 2099 672 2174 coenatum
687 2094 750 2157 dici
766 2094 857 2171 solet,
872 2115 941 2157 non
956 2094 1078 2158 datum.
1123 2096 1211 2158 Nam

109 2201 180 2263 Rex
198 2200 426 2262 lanceationem
448 2200 634 2262 Sanctorum
656 2205 755 2261 tatem
776 2221 836 2262 non
852 2206 984 2281 pntet⁰:
1008 2201 1046 2264 de
1065 2203 1210 2265 interces-

107 2306 193 2367 sione
208 2303 340 2367 verbum
355 2303 401 2367 ibi
415 2303 562 2366 nullum:
586 2310 619 2366 et
641 2303 852 2366 adorationem
875 2305 1090 2386 Reliqniernm
1104 2327 1211 2389 repre-

107 2405 253 2486 henditd,
280 2429 346 2470 non
375 2408 609 2470 venerationem.
655 2407 719 2484 lta,
749 2407 900 2491 impingit
929 2408 965 2473 in
993 2409 1063 2492 ipse
1088 2410 1210 2474 limine.

109 2514 210 2578 Perre
233 2513 261 2575 si
284 2513 366 2576 nihil
395 2512 448 2575 hic
471 2512 597 2590 addam,
623 2534 689 2576 uno
715 2513 776 2577 hoe
800 2514 975 2578 concidunt
999 2517 1117 2595 omnia,
1142 2539 1212 2601 quae

108 2616 342 2680 consarcinavit
358 2615 410 2680 hic
426 2616 624 2680 Cardinalis:
651 2616 883 2681 Seiamachiam
899 2619 986 2683 enim
1001 2620 1054 2684 hic
1070 2621 1211 2701 molitur,

109 2727 143 2782 ct
162 2719 283 2782 luctam
299 2739 373 2782 cum
388 2719 476 2781 larva
492 2739 558 2781 sua.
605 2717 697 2782 Nihil
712 2719 844 2783 interim
860 2741 971 2785 eorum
987 2722 1040 2787 hic
1055 2725 1095 2789 ab
1111 2746 1149 2788 eo
1164 2725 1212 2803 fit,

109 2842 181 2904 quae
198 2821 266 2884 fieri
283 2822 352 2884 Rex
366 2820 412 2884 ibi
428 2819 578 2904 postulat.

155 2927 185 2987 1.
209 2925 259 2988 De
283 2925 474 2987 invocatione
489 2923 639 3007 proponit
663 2925 750 2988 Rex:
776 2927 955 2993 Cardinalis
976 2930 1150 3014 respondet
1173 2931 1375 3005 dellens-tie

108 3030 338 3091 intercessione.
381 3028 579 3105 intercessio,
607 3049 687 3110 epus
715 3031 929 3096 Sanctorum:
962 3034 1132 3114 invocatio,
1155 3057 1212 3099 no·
1226 3003 1369 3133 ffinffiw

111 3139 223 3194 strum.
269 3131 466 3194 Intercederc
495 3131 638 3208 Sanctae,
669 3131 785 3215 prebat
815 3135 1010 3200 Cardinalis:
1048 3139 1118 3202 Rex
1146 3160 1214 3203 non

110 3244 218 3317 negat.
263 3235 457 3298 devocandos
471 3242 569 3317 nogat
586 3236 672 3310 Rex3
697 3237 875 3301 Cardinalis
890 3261 957 3303 nen
971 3241 1094 3323 probat.

155 3342 185 3403 2.
209 3339 259 3402 Dc
282 3338 518 3419 qrcedrinpentie
536 3339 628 3400 annis
645 3339 713 3401 Rex
736 3348 915 3422 expectat&
945 3355 988 3420 at,
1006 3366 1085 3427 ques
1101 3345 1213 3409 Cardi-
1227 3351 1372 3416 [perennes

112 3441 194 3504 nalis
213 3441 356 3519 corrasit,
383 3450 455 3524 pest
482 3443 728 3503 trecentesimum
750 3463 883 3507 omnes:
916 3445 971 3523 ita,
997 3447 1155 3510 conclusit
1181 3432 1240 3512 sec
1226 3415 1300 3478 ω’]

112 3544 199 3607 intra
213 3565 307 3606 annm
321 3543 419 3607 modo
434 3547 688 3622 centemnens
671 3566 808 3628 eumque
823 3546 986 3612 ultimum.
1032 3549 1083 3613 De
1102 3551 1214 3634 prieri-

111 3647 174 3710 bus
196 3655 305 3711 autom
323 3649 470 3709 trecentis
485 3647 615 3711 adducit
631 3670 691 3711 nec
706 3648 827 3731 apicem
843 3675 849 3712 :
875 3649 956 3713 Silet
971 3650 1026 3730 ibi,
1043 3661 1076 3716 et
1092 3653 1215 3719 silendo

113 3750 259 3815 laborare
274 3772 404 3815 causam
420 3773 511 3814 suam
527 3753 604 3814 satis
619 3751 751 3816 indicat.

156 3856 188 3917 3.
212 3854 262 3917 De
286 3875 335 3931 ee,
352 3853 437 3937 qnod
451 3859 628 3917 statuerunt
648 3856 773 3934 Patres,
790 3877 841 3939 agr
832 3855 924 3920 vult
941 3859 1029 3922 Rex:
1054 3860 1116 3936 Ille
1133 3861 1212 3925 nihil
1228 3862 1328 3928 [Patres

113 3957 284 4041 quicquam
300 3956 339 4020 ah
355 3957 594 4036 innatantem,
611 3959 692 4021 nihil
708 3959 897 4024 definitum:
922 3962 999 4045 quid
1016 3964 1213 4044 alicubi,ali·
1229 3932 1380 4057 ppptaptue

113 4062 194 4144 quis,
208 4060 390 4144 aliquande,
403 4068 487 4124 motu
496 4063 628 4143 poprie
644 4062 759 4125 dixerit
773 4063 931 4144 feceritve,
945 4067 978 4129 id
993 4069 1089 4131 modo
1104 4070 1212 4134 refert
1281 4089 1324 4148 36

154 4170 186 4228 4.
210 4166 304 4243 Tum,
316 4167 490 4228 unanimem
506 4187 683 4228 consensum
698 4166 840 4249 postulat
853 4169 932 4232 Rex.
965 4171 1020 4249 At,
1031 4184 1063 4235 et
1079 4173 1133 4235 elii
1147 4195 1212 4236 non
1227 4193 1355 4257 [eruanimi

146 4289 158 4323 l
176 4291 294 4356 [llissale
306 4296 332 4340 et
346 4291 500 4340 llreriarium
513 4293 640 4342 eDeerete
718 4301 728 4325 ⁶
747 4293 833 4357 [l‘rnl.
847 4294 937 4344 Mersit
949 4311 973 4359 p.
983 4298 1036 4361 52]
1227 4261 1370 4324 ⁰⁰⁰wmu’]

114 4356 190 4407 Cone.
211 4357 324 4405 Trident.
343 4356 416 4417 jussu
440 4356 480 4405 Pii
494 4357 523 4407 l'.
545 4364 570 4407 et
590 4360 642 4407 Cle·
718 4357 827 4422 11[Ιὺίιί.
840 4361 927 4422 p.5l.]

114 4426 194 4471 ment.
208 4420 281 4469 l'lll.
302 4420 387 4469 Biblia
403 4421 478 4470 Sacra
495 4437 510 4472 a
523 4423 597 4473 Sixto
612 4424 642 4473 Υ.
719 4431 729 4455 ⁶
747 4423 826 4487 [Ibid.
839 4439 863 4487 p.
874 4425 926 4488 lt]

114 4502 128 4536 e
141 4487 246 4538 Decreta
263 4485 338 4535 Cone.
351 4485 479 4550 Trident]
