2910 4926
242 271 308 336 218
556 283 600 332 so
621 279 812 331 mmmmm
832 277 1032 328 einaim

80 459 230 577 palmum
286 442 334 505 At
355 439 391 504 in
412 438 561 504 Articulo
595 438 634 502 de
655 437 802 501 Ecclesia
827 436 1000 513 Catioiicc,
1027 435 1151 518 Regem
1187 434 1348 513 convenit,

79 524 189 654 ffih'
244 543 348 626 magis
362 543 430 626 ipsc
445 541 693 606 conveniendus.
737 540 883 602 Ecclesia
898 538 996 614 enim,
1012 559 1104 620 quom
1118 537 1220 616 habet,
1237 559 1348 621 quam·

245 667 307 729 quc
327 647 514 710 moderatur
533 646 613 723 Rex,
628 645 807 708 Britannia
820 642 904 724 fines
928 663 991 706 non
1005 643 1165 724 epreditur
1179 649 1212 706 et
1229 642 1348 706 Hiber-

245 749 326 827 niae3
350 756 384 811 at
406 748 507 812 credit
529 755 640 810 tamen
660 747 866 822 Cotioiieam,
884 765 944 808 nec
965 745 1158 808 catholicam
1180 745 1258 809 dicit
1272 745 1349 809 Bri-

245 852 361 914 tannia
386 851 439 914 vel
453 849 574 932 finibus
596 849 648 913 vel
666 847 735 930 fide
756 847 1031 931 circumscriptam
1045 854 1176 925 tamem
1199 849 1349 913 sedtum

245 952 362 1031 verbis,
390 962 463 1015 tum
492 973 590 1015 sensu
618 951 822 1028 Catholicom,
845 969 963 1032 nempe
990 956 1061 1014 toto
1087 957 1247 1013 terrarum
1270 950 1350 1016 orbe

245 1054 508 1138 proseminatam.
552 1053 598 1118 At
623 1051 802 1117 cardinalis
831 1052 1024 1114 Catholicam
1049 1073 1116 1116 non
1145 1052 1257 1132 credit,
1286 1054 1351 1117 nisi

245 1158 420 1220 Romanam
444 1156 563 1226 addatz
587 1155 710 1219 diffisus
732 1154 853 1219 scilicet
876 1155 1043 1217 caatholica
1056 1175 1115 1238 per
1129 1176 1173 1233 se,
1188 1163 1284 1239 atquc
1302 1156 1352 1220 its

245 1260 344 1343 hujus
358 1260 498 1322 Articuli
512 1278 617 1341 neque
633 1279 762 1321 sensum
776 1264 877 1334 tenet,
892 1277 998 1340 neque
1007 1256 1113 1321 verba.
1123 1334 1126 1338 Α
1136 1258 1237 1320 Romo
1251 1257 1349 1338 enim,

246 1384 320 1446 pars
348 1362 522 1426 Universi:
555 1362 708 1440 Romana,
732 1360 935 1444 particularis
967 1361 1002 1422 in
1035 1360 1226 1426 universali:
1261 1363 1351 1426 venit

247 1487 324 1548 crgo
336 1472 450 1529 contra
464 1466 612 1547 ctfidem,
629 1463 684 1548 qui
699 1464 873 1526 Rmnonam
892 1463 1059 1526 catholico
1074 1464 1229 1546 aequalem
1253 1464 1349 1528 facit:

246 1576 280 1632 et
295 1560 370 1631 vero
384 1568 547 1646 rationem,
564 1567 620 1651 qui
635 1572 733 1630 totum
741 1572 839 1647 porte
853 1586 912 1628 suo
926 1566 1029 1646 majus
1043 1587 1110 1630 non
1125 1566 1258 1631 fatetur.

279 1718 369 1784 Neque
380 1734 464 1769 verum
475 1723 633 1783 peccatorum
645 1718 819 1769 remissionom
829 1717 930 1768 credero
940 1721 1032 1782 potest,
1044 1719 1089 1781 qui
1103 1733 1161 1768 cum
1179 1718 1205 1768 N
1206 1719 1352 1770 ovstoribus

312 1801 398 1850 credit
409 1805 511 1864 meanis
520 1814 619 1863 semper
629 1799 724 1849 haerere
735 1800 763 1849 in
774 1798 885 1861 homine,
896 1799 1061 1862 quantumvis
1071 1799 1219 1862 justificato,
1235 1801 1351 1863 quumvis

312 1896 364 1931 non
374 1881 648 1947 impotentum-[Bell.
656 1881 730 1945 Aan
742 1895 788 1945 pro
799 1879 885 1945 Resp]
896 1896 921 1944 p.
931 1882 971 1931 84.
983 1880 1050 1945 [Op.,
1060 1884 1122 1931 tom
1130 1881 1174 1930 vii.
1186 1881 1235 1931 col.
1243 1883 1298 1934 752
1308 1880 1351 1946 Δ]

85 2019 219 2085 [manao
293 2008 357 2072 Sed
372 2029 487 2093 neque,
504 2009 542 2095 ete
552 2009 732 2071 remissione
740 2013 944 2089 peccatorum
958 2006 1056 2070 fidem
1071 2005 1163 2070 nobis
1177 2006 1350 2090 relinquit3

85 2098 237 2198 ffiffi
250 2111 345 2194 quod,
362 2112 423 2175 etsi
438 2111 473 2174 in
488 2133 583 2175 carne
598 2119 711 2175 nostra
724 2110 846 2174 haerere
861 2117 1029 2193 peccatum
1044 2108 1229 2188 sentiamus,
1241 2110 1352 2174 creda-

85 2213 193 2327 minipie
249 2237 323 2279 mus
340 2223 460 2294 tamen,
480 2236 542 2296 per
570 2215 689 2279 Christi
709 2216 850 2297 prutiom
875 2235 937 2278 non
956 2213 1116 2295 imputari.
1162 2214 1240 2277 Non
1263 2235 1350 2296 ergo,

84 2275 183 2342 nm]
249 2338 324 2381 cum
345 2316 531 2400 Apostolos,
552 2318 741 2395 Cardinalis,
764 2321 798 2381 ‘ct
819 2316 965 2381 Davidess
987 2316 1209 2379 beatitudinem
1231 2317 1352 2381 diceret

249 2421 391 2498 hominis,
404 2421 456 2483 cui
469 2421 556 2483 Deus
567 2426 693 2502 accepto
707 2419 778 2501 sert
787 2420 952 2501 justitiam
966 2421 1034 2482 sine
1048 2419 1201 2500 operibus
1246 2421 1352 2499 Beati,

248 2543 378 2603 quorum
391 2524 528 2585 remissae
542 2529 616 2585 sunt
630 2523 823 2604 iniquitates,
840 2528 870 2585 et
885 2543 1014 2604 quorum
1030 2525 1112 2585 teitu
1126 2529 1199 2585 sunt
1207 2529 1353 2604 peccata.

248 2625 371 2688 Beatus
381 2626 440 2703 nir,
451 2625 501 2687 cui
511 2646 571 2687 non
583 2626 748 2706 imputauit
756 2625 843 2688 Deus
848 2631 1023 2706 peccatum.
1048 2626 1174 2708 ‘Apage
1184 2646 1257 2689 vero
1269 2626 1353 2690 hanc

251 2725 472 2789 beatitudinem
494 2727 628 2790 Davidis
651 2735 684 2791 et
704 2728 808 2805 Pauli,
834 2734 867 2791 et
891 2726 1042 2803 Abrohae,
1075 2727 1130 2809 (ait
1147 2728 1348 2812 Cardinalis,)

251 2828 361 2908 Majus
385 2848 461 2908 opus
486 2827 623 2892 moveoh.
669 2831 713 2893 Et
742 2830 880 2914 proprie,
904 2837 937 2893 et
962 2829 997 2892 in
1021 2836 1138 2908 totum,
1164 2831 1257 2913 plene
1285 2834 1354 2895 tolli

251 2931 333 3007 volo,
349 2953 416 2994 non
431 2933 494 3013 topi
505 2959 515 2994 .·
538 2939 671 3015 peccata
687 2940 721 2997 et
737 2933 896 3014 amputari
917 2933 1056 3015 penitus,
1072 2954 1140 2997 non
1158 2943 1266 2997 autem
1286 2957 1353 2999 non

251 3035 412 3114 imputari.
460 3035 495 3097 Si
516 3041 602 3116 tepet
624 3037 724 3113 Deus,
744 3036 771 3098 si
793 3056 856 3098 non
872 3036 1012 3115 imputet,
1036 3035 1101 3097 sint
1123 3043 1259 3118 oportet,
1283 3058 1354 3120 quae

252 3142 346 3217 tepet,
363 3145 396 3200 et
414 3157 476 3199 non
497 3139 637 3218 imputet.
681 3138 753 3220 Ego
775 3136 865 3200 nulla
879 3138 961 3214 volo,
977 3157 1019 3199 ne
1040 3158 1109 3200 esse
1125 3137 1255 3220 quidem
1270 3140 1352 3218 volo,

252 3258 324 3319 quae
343 3239 378 3301 in
398 3261 450 3302 me
469 3245 574 3322 tepet:
599 3261 671 3324 quae
688 3240 769 3302 mihi
787 3240 876 3302 Deus
897 3246 1030 3322 peccata
1049 3260 1110 3302 non
1133 3241 1272 3320 inputet.
1319 3243 1355 3304 Si

253 3341 386 3404 remissa
400 3351 486 3421 sunt,
499 3343 627 3406 sublata
641 3350 726 3422 sunt,
736 3342 864 3427 penitus
879 3342 969 3404 nulla
984 3350 1070 3420 sunt,
1087 3348 1258 3425 tequmento
1273 3366 1354 3429 opus

254 3465 321 3507 non
336 3444 457 3508 habent
473 3448 560 3527 (nam
576 3446 662 3527 quod
677 3468 743 3510 non
759 3452 817 3523 cst,
835 3446 897 3527 tepi
912 3466 978 3508 non
993 3447 1127 3528 potest):
1151 3446 1177 3509 si
1192 3454 1354 3530 ampsitota

253 3546 392 3628 pcnitus,
408 3549 559 3629 imputari
574 3550 762 3632 nequeunt!
800 3549 924 3611 Siccine
940 3569 1014 3611 vero
1029 3550 1238 3612 remissionem
1253 3551 1355 3614 credit

254 3649 444 3729 Cardinalis,
461 3660 581 3715 utnon
599 3651 710 3715 credat
729 3672 791 3713 non
812 3651 1075 3733 imputationem?
1119 3652 1164 3714 At
1179 3674 1238 3715 nos
1254 3654 1356 3716 credi·

252 3774 325 3816 mus
347 3753 565 3836 (quantumvis
585 3755 619 3817 in
637 3775 671 3817 se
691 3753 827 3835 confidat
851 3760 999 3835 tanquam
1009 3755 1110 3835 justo,
1127 3760 1157 3816 et
1172 3763 1357 3836 aspernetur

253 3855 405 3938 caterosi)
420 3857 541 3921 haercrc
557 3857 654 3921 ctiam
669 3857 704 3920 in
720 3878 758 3921 co
774 3864 953 3940 peccatum,
970 3864 1003 3920 et
1019 3858 1137 3920 sentire
1156 3857 1216 3922 hoc
1231 3880 1305 3923 eum
1320 3861 1355 3924 in

254 3978 368 4041 seipso.

287 4075 337 4125 Scd
348 4075 428 4125 dehis
439 4077 521 4127 mults
531 4078 559 4126 in
568 4077 752 4128 Controversiis
763 4079 884 4139 diximus,
894 4094 951 4141 quos
962 4080 1099 4142 repetendo
1109 4095 1162 4130 non
1172 4081 1356 4145 sunu-[Bull.

320 4157 395 4221 Apol.
407 4172 453 4221 pro
465 4158 552 4221 Resp]
563 4173 588 4222 p.
600 4161 639 4210 84.
653 4160 714 4224 [Op.
734 4165 796 4209 tom.
805 4160 849 4209 vii.
862 4161 909 4211 col.
919 4161 974 4212 762.
983 4161 1027 4222 Α]

288 4396 297 4431 ¹
319 4398 390 4451 Rom.
403 4400 435 4451 iv.
448 4404 471 4450 6.
859 4400 870 4433 ¹¹
900 4402 972 4465 Virg.
987 4402 1042 4452 AEo.
1055 4403 1097 4451 vii.
1108 4402 1159 4465 ic]

77 4484 152 4636 ι
288 4462 370 4529 ’[Ρι.
380 4465 462 4515 xxxii.
476 4466 701 4530 (xxxi.Vulg.)1.]
858 4467 865 4499 ¹
901 4467 960 4517 Luc.
971 4467 1043 4517 xviii.
1056 4466 1089 4530 9.]
