2910 4926
449 284 633 334 monceau
653 285 834 335 sassonsio.
1133 267 1194 331 131

97 447 255 506 memorat
281 442 320 506 de
346 441 582 522 cardinalibus,
607 442 765 506 Classicus
791 443 860 527 jam
883 444 1008 507 Auctor
1033 448 1100 507 est:
1135 441 1197 506 Ille

97 552 206 609 autem
223 545 387 610 Bernardo
402 546 507 610 adhuc
522 552 652 609 centum
668 547 762 610 annis
778 547 897 630 junior,
913 546 1196 611 'l'ransubstnntia-

96 648 194 712 tionis
212 648 338 727 saeculo,
355 671 419 733 quo
436 658 468 713 et
484 649 670 714 cardinales
685 649 748 733 ipsi
762 651 894 714 tandem
912 650 1196 727 ncnndstantiati,

96 758 183 815 certe
199 751 328 835 quidem
344 752 622 815 transaccidentati
630 778 641 824 ;
664 752 818 836 purpurei
834 753 921 816 enim
935 752 1023 830 facti,
1040 752 1080 816 ab
1095 752 1196 816 Inno-

97 854 205 917 centio
220 854 292 931 IV.,
317 875 354 918 ac
375 854 422 918 ita
445 855 575 919 demum
600 855 738 938 speciem
764 855 903 939 aliquam
926 854 1067 918 mundus
1089 853 1197 918 videre

96 957 182 1022 visus
198 963 248 1020 est
262 958 447 1041 effulgentis
463 957 680 1022 Cardinnlitiac
695 959 872 1040 dignitatis.
920 958 1013 1023 Facti
1027 965 1135 1022 autem
1151 958 1197 1021 sic

95 1061 257 1144 purpurei,
272 1068 310 1124 ut
325 1061 376 1124 vel
397 1061 438 1124 ad
460 1062 650 1144 sanguinem
665 1083 723 1145 pro
738 1062 894 1125 Pontifioe
909 1068 1023 1125 contra
1036 1062 1197 1126 Caesarem

93 1170 166 1227 tum
182 1163 378 1227 Fridericnm
394 1165 443 1228 II.
459 1172 555 1248 atque
570 1185 643 1228 suos
659 1164 876 1228 decertarent:
900 1171 997 1247 atque
1010 1165 1058 1227 its
1068 1166 1197 1246 potiora

93 1269 159 1330 ltoec
172 1268 323 1330 Ecclesiae
340 1268 476 1332 membra
495 1268 692 1345 Cardinales,
708 1269 849 1332 Caesares
868 1269 934 1352 (qui
949 1268 1026 1332 olim
1045 1267 1197 1331 Ecclesia

93 1370 230 1433 menbra
245 1371 413 1452 potissima
435 1372 539 1453 erant)
557 1370 763 1435 membratim
785 1379 882 1455 atque
902 1371 1057 1436 artuatim
1072 1370 1196 1434 delum·

94 1472 221 1538 herent.

129 1599 203 1650 Hane
214 1614 272 1650 sero
282 1601 446 1651 eminentiam
458 1600 593 1664 dignitatis
603 1615 684 1665 neque
695 1600 749 1650 Rex
760 1601 865 1664 probare
879 1601 974 1665 poterit
984 1615 1016 1651 ax
1027 1600 1197 1661 conniventia,

160 1682 202 1732 rel
217 1683 322 1732 lenitate
339 1682 486 1747 Principum
498 1683 674 1747 temporalium
689 1681 952 1747 processisse-[Bell.
964 1683 1038 1747 Apol.
1050 1697 1096 1746 pro
1111 1680 1197 1747 aaa]

162 1781 186 1829 p.
198 1767 236 1815 35.
249 1764 315 1830 [Op.,
327 1770 388 1815 tom.
399 1766 442 1816 vii.
454 1766 500 1816 col.
513 1767 568 1818 724.
581 1764 619 1829 0.]

139 1872 275 1935 Factum
297 1872 367 1952 hoc,
391 1874 584 1936 conniventia
606 1873 798 1953 Principum,
820 1873 884 1956 qui,
903 1872 965 1936 nisi
987 1873 1196 1936 semisomnes
1211 1883 1359 1948 [Baceni-

94 1980 168 2038 tum
190 1975 358 2054 sedissent,
375 1983 514 2039 strumas
529 1975 625 2039 hasce
646 1981 772 2039 mature
793 1975 909 2039 incisas
930 1975 1083 2058 oportuit,
1098 1996 1141 2039 ne
1156 1973 1197 2038 ad
1209 1950 1308 2064 ¹5}ng
1325 2027 1361 2063 m,

95 2083 225 2141 tantum
247 2085 407 2142 tumorem
427 2085 656 2156 excrescerent,
672 2084 710 2141 ut
732 2099 798 2142 non
819 2085 953 2142 strumae
967 2079 1047 2162 jam,
1064 2077 1121 2142 sed
1138 2098 1196 2161 pro
1208 2093 1271 2156 gum
1282 2079 1349 2128 ΙΜ-

96 2180 240 2243 mannis
267 2181 414 2244 Ecclesia
436 2181 612 2262 potioribus
641 2179 781 2244 habeant
812 2202 847 2244 se
876 2180 1000 2259 saltem,
1027 2180 1125 2244 etiam
1154 2179 1196 2244 ab
1209 2141 1359 2206 mmm]

96 2283 204 2345 idiotis
219 2283 301 2347 forte
319 2305 377 2366 pro
392 2282 509 2347 talibus
524 2282 712 2347 habeantur.
757 2284 920 2366 Eliperent
934 2283 1125 2347 Pontificem
1141 2281 1197 2367 qni
1285 2285 1289 2290 ’

95 2386 184 2466 olim,
201 2387 339 2450 Romani
359 2386 541 2470 Presbyteri
556 2408 630 2450 eum
645 2385 872 2450 suburbicariis
892 2386 1066 2469 Episcopis,
1082 2406 1196 2470 appro·
1255 2396 1314 2459 101

98 2489 195 2552 hante
217 2491 393 2553 electionem
408 2491 533 2554 Caesare
543 2515 552 2568 ;
575 2510 673 2573 penes
692 2510 780 2573 quos,
797 2510 870 2552 cum
893 2496 976 2552 esset
998 2489 1116 2567 electio,
1131 2509 1199 2552 non

96 2598 165 2654 tam
194 2591 362 2674 fulgebant
391 2590 521 2674 quidem
550 2597 621 2655 tum
647 2592 697 2654 vel
724 2589 912 2670 rutilabant,
938 2612 1006 2654 non
1030 2597 1099 2653 tam
1128 2591 1200 2654 aliis

96 2693 246 2759 omnibus
260 2694 484 2773 imminebant,
499 2702 538 2758 ut
554 2715 588 2757 se
604 2695 721 2776 &pam
741 2696 873 2776 aqaaks
887 2694 937 2757 vel
951 2695 1075 2757 amalos
1092 2693 1198 2776 palam

96 2797 166 2860 ausi
195 2796 261 2861 sint
290 2797 441 2880 profiteri,
468 2819 528 2861 nec
558 2797 741 2860 scribebant
767 2795 881 2879 Capita
906 2797 944 2859 de
970 2797 1199 2878 comparatione

96 2899 201 2982 Rapis,
222 2906 253 2963 et
278 2900 466 2962 Cardinalis.
513 2898 625 2964 Cleras
648 2900 823 2975 Romanus,
840 2898 867 2960 si
887 2919 980 2961 suurn
1002 2899 1038 2960 in
1060 2899 1198 2981 eligenda

92 3002 148 3085 jus
168 3001 363 3080 retinuisset,
384 3003 492 3066 Caesar
511 3001 537 3064 si
560 3023 663 3079 suum,
688 3002 801 3065 saltem
823 3000 858 3062 in
880 2999 1109 3079 confirmando,
1131 3022 1198 3063 non

96 3103 315 3168 extuberasset
345 3104 549 3187 usqueadeo
576 3103 716 3186 dignitas
742 3103 828 3166 haee:
861 3101 1003 3166 subsidet
1028 3109 1148 3180 autem,
1172 3102 1199 3165 si

94 3207 236 3291 priscum
248 3207 301 3291 jus
315 3212 474 3289 repetant.
504 3206 583 3269 Non
597 3205 719 3269 factum
734 3205 812 3269 hoc:
836 3226 902 3267 non
917 3205 1018 3268 initiis
1030 3226 1198 3269 occursum

95 3316 154 3373 est.
204 3310 359 3373 Eminent
381 3330 457 3391 ergo
475 3309 555 3392 jam,
578 3308 850 3391 praeeminentque
871 3306 922 3370 vel
944 3307 1087 3390 Regibus
1109 3307 1199 3390 ipsis,

95 3412 291 3494 coamatores
306 3411 465 3493 Pontifici,
479 3431 547 3475 non
568 3419 636 3474 tam
654 3412 688 3473 in
705 3409 841 3492 regenda
860 3411 1029 3473 anivnsali
1043 3409 1198 3488 Ecclesia,

96 3535 192 3597 quam
217 3514 253 3577 in
282 3514 451 3578 amoenati
473 3518 630 3596 potestate
652 3513 753 3595 Regia
776 3511 880 3595 magis
905 3511 1009 3576 indies
1032 3511 1199 3596 magisque

95 3616 297 3701 proterenda.

128 3768 178 3820 Sed
189 3771 289 3820 etiarnsi
301 3770 441 3821 cardinalis
453 3771 622 3821 Bcllarminue
637 3774 753 3836 parentes
766 3770 896 3821 habuisset
906 3770 1015 3834 opifices,
1024 3772 1069 3820 ant
1085 3769 1200 3832 rusticas,

162 3850 237 3901 modo
249 3851 398 3910 Catholicae,
410 3856 437 3903 et
450 3854 513 3917 pias,
525 3867 577 3903 non
587 3853 750 3911 erubesceret,
762 3868 820 3902 cnm
834 3852 898 3903 sciat
909 3852 1056 3916 Principum
1069 3852 1200 3917 Apostolo-

161 3948 227 3993 rum,
242 3933 350 3983 alteram
362 3935 519 3997 piscatorem,
530 3934 639 3984 altarum
650 3932 878 3984 'Pnbemsculornm
894 3933 1011 3998 opificem
1021 3935 1105 3994 luisse,
1116 3932 1199 3984 Danu

161 4028 259 4077 quoquc
271 4014 364 4076 Regem
375 4030 390 4065 a
401 4016 500 4080 pascuis
510 4014 542 4065 ad
551 4014 667 4079 Regnum
679 4018 792 4065 erectum
804 4029 864 4076 esse,
876 4019 903 4065 et
914 4014 1043 4065 Christum
1058 4014 1199 4066 Dominum

161 4099 276 4143 nostrum
287 4094 393 4155 labrum,
405 4100 431 4144 et
442 4095 507 4145 fabri
519 4095 601 4144 filium
612 4094 684 4146 dici..
693 4132 714 4146 ..
727 4096 762 4145 Et
773 4095 924 4159 Apostolum
939 4095 1034 4155 audiat,
1046 4100 1097 4146 ...1
1112 4095 1168 4145 (lor.
1180 4096 1197 4145 i.

162 4210 206 4224 ...
220 4178 227 4201 ‘
239 4174 299 4224 Non
315 4175 392 4224 multi
408 4176 514 4235 nobiles,
531 4176 575 4225 scd
591 4191 648 4238 quse
665 4176 744 4226 stulta
758 4180 819 4225 sunt
834 4175 925 4225 mundi
936 4175 1014 4239 elegit
1025 4175 1107 4237 Deus,’
1117 4180 1198 4226 etc.-

162 4253 236 4319 [Belt
248 4255 322 4320 Apol·
335 4270 381 4319 oro
392 4255 476 4320 Rem]
488 4271 512 4320 r·
525 4259 563 4307 36·
576 4256 642 4320 [op.‚
653 4260 714 4306 nm.
726 4257 769 4306 vn
781 4257 827 4307 θοι
839 4257 895 4310 ⁷²⁶·
907 4255 951 4321 s]
1211 4295 1259 4362 [na
1270 4298 1363 4352 namin

141 4359 304 4424 Quorsum
334 4382 409 4424 vero
437 4361 503 4440 illa,
535 4362 639 4426 David
669 4364 707 4426 de
725 4365 865 4444 pascuis,
895 4363 1011 4429 Petrus
1039 4361 1197 4440 Piscator,
1211 4364 1353 4478 misem

96 4461 217 4526 Paulus
240 4462 507 4528 tabenaacaloram
529 4461 641 4545 ops'J‘ea,
660 4470 693 4528 et
718 4464 866 4548 (quesibi
889 4464 1080 4547 sequuntur)
1101 4464 1199 4527 stulta
1212 4490 1300 4557 mm]

875 4570 940 4630 1r2
