2910 4926
401 289 405 296 ·
441 295 625 344 monoonu
645 293 829 343 nusrousm.
1121 279 1186 343 467

115 451 247 516 Apostolls
258 450 353 516 [autem
363 449 437 501 loen.
448 449 503 514 xm]
514 449 574 501 data
589 412 701 514 potestas
717 452 756 499 est
772 446 920 498 remittendi
937 449 1048 511 peccata,
1060 460 1112 496 non
1128 460 1186 510 qno·

148 532 330 597 modocunque,
341 531 385 583 sed
401 547 447 598 per
463 532 625 584 Sacramenta
639 531 765 596 Baptismi
782 535 808 582 et
823 531 991 596 poenitentia.
992 529 1102 596 -[Bell.
1109 532 1184 596 Apol.

148 630 194 681 pro
204 614 290 680 Resp]
300 630 324 680 p.
333 617 388 665 192.
402 615 468 681 [Op.,
479 619 542 666 tom
549 615 593 665 rii
605 615 652 665 col.
663 617 719 666 812.
731 615 772 679 u]

127 717 234 781 Hoc
222 738 290 802 Jam
316 717 413 781 Petro
435 715 639 800 promissum,
660 737 699 780 ex
724 722 813 780 toto:
839 715 1010 798 Apostolis,
1032 736 1071 779 ex
1090 708 1280 799 partefflai
1306 741 1348 792 po

83 820 187 899 datur,
203 841 242 883 ex
257 820 417 884 sententia
432 819 621 884 cardinalis.
660 820 755 884 Solus
770 840 846 903 ergo
861 819 978 882 Petrus
992 819 1180 936 Episcopus,
1193 793 1271 917 ἓξὲξ
1288 806 1349 908 ἔξω

82 923 229 1007 Apostoli
244 922 358 1006 reliqui
372 923 556 1007 Presbyteri
570 928 699 987 tentum
714 930 800 987 sunt.
838 922 910 986 Illis
925 922 1022 1000 enim,
1037 943 1104 986 non
1118 923 1181 986 nisi
1171 920 1312 971 ⁰m¹1¹b⁰⁸

81 1032 222 1111 potestas
236 1026 422 1090 remittendi
436 1028 578 1110 peccata,
594 1047 653 1091 nec
668 1047 707 1090 ea
720 1032 800 1090 tots.
837 1025 913 1090 Solo
927 1025 1024 1104 enim,
1041 1047 1112 1109 quae
1125 1048 1183 1110 per
1195 984 1346 1052 imm

83 1130 283 1213 Baptismum
299 1130 346 1208 fit,
361 1136 394 1193 et
416 1129 651 1213 poenitentiam,
669 1151 740 1214 quae
760 1128 881 1194 scilicet
902 1135 1045 1212 potestas
1063 1128 1184 1193 ordinis

82 1240 224 1312 vocatur,
240 1254 277 1298 ac
292 1233 485 1319 Presbytero
499 1232 615 1317 cuique
630 1232 809 1298 comminus
823 1238 881 1296 est.

114 1387 220 1438 Oomtet
235 1386 327 1437 hebere
344 1385 488 1450 Episcopoe,
499 1390 525 1437 et
535 1386 617 1436 multo
627 1385 710 1449 magle
720 1385 853 1436 Summum
863 1383 1021 1447 Pontificem,
1031 1387 1183 1450 potestatem

142 1467 337 1533 jurisdictionis,
360 1466 438 1517 dandi
460 1466 640 1530 indulgentias,
659 1466 822 1530 dispensandi
844 1467 872 1516 in
894 1466 1001 1529 legibue,
1023 1466 1096 1526 votis,
1115 1465 1182 1529 jura

146 1551 249 1599 mentis.
281 1548 331 1599 Sed
343 1547 493 1598 Pontificem
504 1547 576 1598 illam
592 1547 684 1598 habere
700 1548 794 1611 absque
812 1548 976 1609 limitatione,
987 1552 1017 1598 nt
1030 1548 1181 1612 principem,

146 1635 176 1680 ut
185 1636 261 1694 eaput
272 1629 390 1680 Ecclesiae
407 1628 538 1688 universe,
550 1628 687 1693 Episcopos
702 1633 787 1680 eutem
798 1644 856 1679 cum
867 1629 1029 1690 limitatione,
1041 1633 1072 1679 ut
1082 1633 1183 1684 vocatos

148 1712 178 1761 ln
193 1714 291 1776 partem
309 1708 609 1774 sollicitudinis-[Bell.
625 1709 699 1775 Apol
712 1724 759 1775 pro
769 1709 855 1775 Resp]
872 1710 1122 1777 p.193.[0p.,tom.
1136 1710 1182 1759 rii.

146 1794 192 1843 cot
205 1794 261 1844 812.
273 1791 315 1856 Ι).]

126 1894 287 1977 Majorem
302 1912 377 1956 vero
390 1890 451 1955 hac
466 1890 587 1954 habent
602 1892 763 1973 Episcopi,
784 1891 1033 1974 (jurisdictionis
1044 1890 1175 1974 scilicet)
1194 1894 1230 1972 [qt
1209 1895 1336 2011 ullum

50 2038 52 2042 -
82 1996 123 2060 ad
138 1997 349 2079 indulpeutiue
373 2015 499 2077 nempe,
515 2001 549 2058 et
568 1995 822 2076 dispensationes.
867 1993 1046 2057 Maximam
1072 1974 1240 2057 memma

82 2099 243 2182 Pontisec,
267 2098 342 2183 quis
363 2099 430 2161 siue
455 2099 650 2175 limitatione,
673 2103 708 2160 ut
731 2098 817 2160 decet
838 2097 988 2161 Ecclesic
1003 2097 1182 2178 Principem

80 2202 284 2286 plenitudine
307 2200 474 2285 potestatis
494 2201 674 2284 praeditum,
696 2221 793 2282 quam
807 2199 958 2283 Episcopi
981 2220 1051 2263 cum
1065 2201 1182 2263 limita·

81 2307 164 2369 tione
175 2305 298 2381 habeut,
314 2310 349 2367 ut
363 2305 467 2367 vocati
480 2303 569 2366 modo
591 2303 625 2365 iu
633 2308 760 2383 portem
773 2303 1002 2367 sollicitudinis.
1047 2301 1181 2382 Verum

81 2410 137 2475 ubi
152 2410 208 2473 illa
230 2408 380 2473 limitatio
403 2408 611 2491 reliquorum,
631 2401 799 2490 plenitudo
823 2408 935 2471 Petri?
982 2407 1049 2472 Ubi
1064 2408 1181 2491 gradus

81 2515 210 2597 majoris
230 2521 263 2577 et
284 2513 424 2590 macinii,
449 2511 534 2595 apud
561 2511 752 2594 Scripturas,
779 2513 863 2595 opud
883 2512 1022 2576 Patres?
1066 2514 1120 2576 An
1142 2533 1182 2576 ec

82 2619 271 2700 amplissimo
285 2622 316 2680 et
330 2617 500 2679 universali
508 2617 686 2700 prioiiepio,
704 2618 929 2701 ‘Quodcunque
943 2620 1071 2681 solveris
1080 2619 1112 2681 ?'
1128 2624 1180 2703 ⁸5⁶·

81 2721 127 2785 At
142 2721 229 2783 idem
242 2719 322 2782 illud
336 2719 558 2800 amplissimum
572 2725 603 2782 et
617 2722 790 2784 uniuersale
798 2722 1008 2804 priuilepium,
1019 2720 1183 2785 confertur

81 2833 115 2888 et
135 2823 277 2908 reliquie,
298 2822 567 2887 Maronitis.
611 2824 825 2906 ‘Quaecuupue
843 2825 1019 2904 solveritis,’
1041 2831 1092 2910 ⁸5⁰·
1137 2827 1182 2889 Et

82 2948 195 2993 omnes
224 2928 259 2991 in
288 2947 412 3011 mquam
442 2925 664 2991 sollicitudinis
688 2935 815 3011 partem
838 2928 942 2992 vocati
971 2935 1058 2992 sunt.
1102 2929 1182 2991 'Pam

81 3031 168 3095 enim
180 3030 329 3109 Paulum,
346 3050 442 3113 quam
461 3029 605 3107 Petrum,
620 3030 796 3094 sollicitudo
812 3032 910 3094 tenuit
925 3033 1058 3093 omnium
1072 3031 1182 3094 Eccle-

80 3135 200 3197 siarum
210 3131 234 3198 ¹².
280 3134 324 3196 Et
351 3132 510 3209 Christus,
534 3131 589 3213 qui
613 3131 702 3195 dedit
727 3133 877 3196 Pastores
894 3133 1056 3213 Ecclesiae,
1072 3133 1117 3196 sio
1132 3154 1183 3197 eos

81 3237 228 3301 Pestores
242 3233 419 3312 coustituit,
435 3232 594 3316 quomodo
609 3241 642 3296 et
657 3234 800 3312 Petrum,
816 3242 974 3318 precepto
997 3235 1037 3299 de
1051 3256 1182 3318 pascen-

82 3337 131 3402 dis
154 3338 266 3403 ovibus
293 3336 366 3414 suis,
393 3334 479 3420 quod
504 3356 601 3399 nemo
620 3336 754 3400 Petrum
779 3338 877 3401 Petro
900 3338 1060 3420 peculiare
1091 3337 1181 3417 dixit,

84 3441 134 3506 vel
155 3440 202 3504 ita
219 3440 248 3503 ei
263 3439 395 3518 dictum,
411 3446 529 3502 utnon
551 3445 584 3502 et
604 3440 687 3503 aliis.
733 3439 896 3524 Quicquid
916 3440 1002 3503 euim
1022 3446 1094 3525 post
1115 3441 1183 3504 Ro·

82 3564 186 3608 msnae
201 3541 353 3607 Ecclesiae
367 3541 528 3623 privilepii
543 3541 700 3618 accrevit;
725 3563 792 3606 non
806 3542 837 3604 vi
853 3541 937 3606 vocis
953 3563 1051 3624 pasce
1067 3543 1181 3625 quaesi-

81 3655 163 3725 tum,
179 3645 235 3709 sed
245 3645 328 3729 juris
343 3643 476 3708 humani
490 3644 683 3709 beneficium
697 3645 769 3709 fuit.
814 3645 902 3709 Nam
916 3645 951 3708 id
965 3648 994 3709 ei
1009 3647 1182 3728 emicuitcs

83 3750 224 3814 contulit.

114 3895 201 3959 Siquis
218 3897 303 3945 sutem
322 3896 427 3957 querat,
441 3891 486 3941 ubl
505 3890 594 3942 datum
605 3927 612 3940 .
624 3927 630 3940 .
642 3889 710 3954 qnod
729 3890 805 3941 Petro
823 3892 999 3956 promissum.
1017 3930 1023 3942 .
1042 3891 1116 3942 Matt
1129 3893 1181 3941 xvi.
1238 3873 1303 3939 339

148 3974 296 4040 Respondeo
313 4010 320 4024 .
332 4010 339 4023 .
351 4010 357 4023 .
370 4009 376 4022 .
394 3972 411 4022 J
412 3987 467 4023 oen.
478 3972 534 4033 ult,
545 3972 589 4021 ubi
601 3975 631 4020 ut
642 3971 715 4021 Mctt
727 3972 771 4021 xri
773 4009 876 4022 .....
893 3972 1047 4023 nominatim
1058 3973 1183 4036 expressit

147 4056 278 4106 Simonem
294 4058 321 4104 et
339 4057 437 4118 patrem
457 4053 519 4116 ejus,
536 4056 564 4102 et
579 4050 700 4103 distinxit
715 4051 748 4103 sb
763 4052 937 4118 aliis-[Bell.
950 4052 1024 4117 Apol.
1036 4067 1082 4117 pro
1093 4052 1179 4117 Resp]

150 4150 175 4200 p.
189 4139 244 4186 198.
262 4135 330 4200 [Op.
347 4131 533 4185 tomulicoll.
546 4132 646 4183 8121).
659 4131 774 4197 818.A.]

127 4244 197 4307 Nos
212 4263 287 4307 vero
298 4239 396 4305 nescii
410 4259 477 4301 non
493 4261 613 4320 sumus,
630 4239 708 4325 quid
721 4261 923 4323 respersum
935 4242 977 4306 sit
992 4242 1181 4320 Cardinalis,
1196 4255 1313 4323 [Quando

84 4346 184 4427 siquis
199 4345 238 4408 ab
252 4365 287 4408 eo
303 4348 430 4427 querat,
446 4341 486 4407 de
500 4343 591 4406 Dabo
606 4351 639 4407 et
651 4346 762 4410 Posce
806 4347 853 4410 At
866 4345 901 4408 id
916 4365 1089 4427 quae-amu,
1105 4345 1184 4429 qmd
1196 4323 1274 4387 dam]

533 4493 643 4548 iecor
656 4512 691 4548 ιιι
701 4499 740 4548 28

864 4581 972 4645 unt
