<?xml version="1.0" encoding="UTF-8"?>
<!DOCTYPE html PUBLIC "-//W3C//DTD XHTML 1.0 Transitional//EN"
    "http://www.w3.org/TR/xhtml1/DTD/xhtml1-transitional.dtd">
<html xmlns="http://www.w3.org/1999/xhtml" xml:lang="en" lang="en">
 <head>
  <title>
</title>
<meta http-equiv="Content-Type" content="text/html;charset=utf-8" />
  <meta name='ocr-system' content='tesseract 3.04.00' />
  <meta name='ocr-capabilities' content='ocr_page ocr_carea ocr_par ocr_line ocrx_word'/>
</head>
<body>
  <div class='ocr_page' id='page_1' title='image "./responsioadapol00andrgoog_0243.png"; bbox 0 0 2910 4926; ppageno 0'>
   <div class='ocr_carea' id='block_1_1' title="bbox 245 267 1037 333">
    <p class='ocr_par' dir='ltr' id='par_1_1' title="bbox 245 267 1037 333">
     <span class='ocr_line' id='line_1_1' title="bbox 245 267 1037 333; baseline 0.006 -5"><span class='ocrx_word' id='word_1_1' title='bbox 245 267 311 330; x_wconf 81' lang='lat'><strong>200</strong></span> <span class='ocrx_word' id='word_1_2' title='bbox 560 284 603 331; x_wconf 76' lang='lat' dir='ltr'><strong>nu</strong></span> <span class='ocrx_word' id='word_1_3' title='bbox 626 283 818 332; x_wconf 69' lang='lat' dir='ltr'><strong>cluniensis</strong></span> <span class='ocrx_word' id='word_1_4' title='bbox 838 284 1037 333; x_wconf 73' lang='lat' dir='ltr'><strong>numinum</strong></span> 
     </span>
    </p>
   </div>
   <div class='ocr_carea' id='block_1_2' title="bbox 280 437 1352 913">
    <p class='ocr_par' dir='ltr' id='par_1_2' title="bbox 280 437 1352 913">
     <span class='ocr_line' id='line_1_2' title="bbox 280 437 1352 506; baseline 0.004 -19"><span class='ocrx_word' id='word_1_5' title='bbox 280 437 306 487; x_wconf 88' lang='lat' dir='ltr'>N</span> <span class='ocrx_word' id='word_1_6' title='bbox 307 453 341 488; x_wconf 92' lang='lat' dir='ltr'><strong>on</strong></span> <span class='ocrx_word' id='word_1_7' title='bbox 355 440 440 489; x_wconf 89' lang='lat' dir='ltr'><strong>miuus</strong></span> <span class='ocrx_word' id='word_1_8' title='bbox 457 443 547 490; x_wconf 90' lang='lat' dir='ltr'><strong>notum</strong></span> <span class='ocrx_word' id='word_1_9' title='bbox 561 444 600 491; x_wconf 87' lang='lat' dir='ltr'><strong>est</strong></span> <span class='ocrx_word' id='word_1_10' title='bbox 618 442 663 504; x_wconf 75' lang='lat' dir='ltr'><strong>(et)</strong></span> <span class='ocrx_word' id='word_1_11' title='bbox 681 445 782 505; x_wconf 80' lang='lat' dir='ltr'><strong>quanta,</strong></span> <span class='ocrx_word' id='word_1_12' title='bbox 799 445 825 491; x_wconf 86' lang='lat' dir='ltr'><strong>et</strong></span> <span class='ocrx_word' id='word_1_13' title='bbox 842 456 918 505; x_wconf 87' lang='lat' dir='ltr'><strong>quam</strong></span> <span class='ocrx_word' id='word_1_14' title='bbox 936 442 1024 504; x_wconf 77' lang='lat' dir='ltr'><strong>gravia</strong></span> <span class='ocrx_word' id='word_1_15' title='bbox 1041 455 1128 506; x_wconf 81' lang='lat' dir='ltr'><strong>passus</strong></span> <span class='ocrx_word' id='word_1_16' title='bbox 1144 441 1180 491; x_wconf 87' lang='lat' dir='ltr'><strong>sit</strong></span> <span class='ocrx_word' id='word_1_17' title='bbox 1199 440 1224 491; x_wconf 81' lang='lat' dir='ltr'><strong>S.</strong></span> <span class='ocrx_word' id='word_1_18' title='bbox 1241 439 1352 491; x_wconf 77' lang='lat' dir='ltr'><strong>&#39;Phonm</strong></span> 
     </span>
     <span class='ocr_line' id='line_1_3' title="bbox 312 521 1352 586; baseline 0.002 -17"><span class='ocrx_word' id='word_1_19' title='bbox 312 556 341 569; x_wconf 93' lang='lat'><strong>..</strong></span> <span class='ocrx_word' id='word_1_20' title='bbox 360 555 367 568; x_wconf 92' lang='lat'><strong>.</strong></span> <span class='ocrx_word' id='word_1_21' title='bbox 384 557 390 570; x_wconf 89' lang='lat'>.</span> <span class='ocrx_word' id='word_1_22' title='bbox 408 521 441 571; x_wconf 85' lang='lat' dir='ltr'><strong>ab</strong></span> <span class='ocrx_word' id='word_1_23' title='bbox 452 521 565 572; x_wconf 86' lang='lat' dir='ltr'><strong>Heurico</strong></span> <span class='ocrx_word' id='word_1_24' title='bbox 576 521 602 571; x_wconf 88' lang='lat'><strong>11</strong></span> <span class='ocrx_word' id='word_1_25' title='bbox 604 559 707 572; x_wconf 89' lang='grc'><strong>.....</strong></span> <span class='ocrx_word' id='word_1_26' title='bbox 724 522 796 585; x_wconf 81' lang='lat' dir='ltr'><strong>cujus</strong></span> <span class='ocrx_word' id='word_1_27' title='bbox 812 523 1011 586; x_wconf 67' lang='lat' dir='ltr'>persecutionem</span> <span class='ocrx_word' id='word_1_28' title='bbox 1030 522 1130 585; x_wconf 76' lang='lat' dir='ltr'><strong>lugiens</strong></span> <span class='ocrx_word' id='word_1_29' title='bbox 1148 521 1181 572; x_wconf 80' lang='lat' dir='ltr'><strong>ad</strong></span> <span class='ocrx_word' id='word_1_30' title='bbox 1200 521 1352 572; x_wconf 78' lang='lat' dir='ltr'><strong>Pontificem</strong></span> 
     </span>
     <span class='ocr_line' id='line_1_4' title="bbox 312 600 1352 668; baseline 0.001 -17"><span class='ocrx_word' id='word_1_31' title='bbox 312 600 453 653; x_wconf 87' lang='lat' dir='ltr'><strong>Romanum</strong></span> <span class='ocrx_word' id='word_1_32' title='bbox 465 604 519 668; x_wconf 87' lang='lat' dir='ltr'><strong>ipse</strong></span> <span class='ocrx_word' id='word_1_33' title='bbox 529 619 627 668; x_wconf 92' lang='lat' dir='ltr'><strong>qnoque</strong></span> <span class='ocrx_word' id='word_1_34' title='bbox 638 618 665 654; x_wconf 87' lang='lat' dir='ltr'><strong>se</strong></span> <span class='ocrx_word' id='word_1_35' title='bbox 679 604 794 654; x_wconf 86' lang='lat' dir='ltr'><strong>contulit.</strong></span> <span class='ocrx_word' id='word_1_36' title='bbox 828 604 879 654; x_wconf 81' lang='lat' dir='ltr'><strong>Sed</strong></span> <span class='ocrx_word' id='word_1_37' title='bbox 891 605 913 653; x_wconf 83' lang='lat' dir='ltr'><strong>is</strong></span> <span class='ocrx_word' id='word_1_38' title='bbox 924 604 1001 654; x_wconf 83' lang='lat' dir='ltr'><strong>etiam</strong></span> <span class='ocrx_word' id='word_1_39' title='bbox 1013 604 1145 654; x_wconf 82' lang='lat' dir='ltr'><strong>victoriam</strong></span> <span class='ocrx_word' id='word_1_40' title='bbox 1158 604 1278 664; x_wconf 76' lang='lat' dir='ltr'><strong>obtinuit,</strong></span> <span class='ocrx_word' id='word_1_41' title='bbox 1292 617 1352 652; x_wconf 86' lang='lat' dir='ltr'><strong>cum</strong></span> 
     </span>
     <span class='ocr_line' id='line_1_5' title="bbox 312 684 1352 748; baseline 0.001 -15"><span class='ocrx_word' id='word_1_42' title='bbox 312 688 370 746; x_wconf 89' lang='lat' dir='ltr'><strong>post</strong></span> <span class='ocrx_word' id='word_1_43' title='bbox 386 684 439 748; x_wconf 86' lang='lat' dir='ltr'><strong>ejus</strong></span> <span class='ocrx_word' id='word_1_44' title='bbox 455 684 554 735; x_wconf 89' lang='lat' dir='ltr'><strong>obitum</strong></span> <span class='ocrx_word' id='word_1_45' title='bbox 570 686 724 736; x_wconf 82' lang='lat' dir='ltr'><strong>clarificante</strong></span> <span class='ocrx_word' id='word_1_46' title='bbox 740 700 798 735; x_wconf 89' lang='lat' dir='ltr'><strong>eum</strong></span> <span class='ocrx_word' id='word_1_47' title='bbox 810 685 920 735; x_wconf 86' lang='lat' dir='ltr'><strong>Domino</strong></span> <span class='ocrx_word' id='word_1_48' title='bbox 930 687 1012 748; x_wconf 81' lang='lat' dir='ltr'><strong>signis</strong></span> <span class='ocrx_word' id='word_1_49' title='bbox 1022 690 1049 735; x_wconf 90' lang='lat' dir='ltr'><strong>et</strong></span> <span class='ocrx_word' id='word_1_50' title='bbox 1059 686 1205 744; x_wconf 86' lang='lat' dir='ltr'><strong>virtutibus,</strong></span> <span class='ocrx_word' id='word_1_51' title='bbox 1216 685 1285 734; x_wconf 88' lang='lat' dir='ltr'><strong>idern</strong></span> <span class='ocrx_word' id='word_1_52' title='bbox 1296 684 1352 734; x_wconf 84' lang='lat' dir='ltr'><strong>Rex</strong></span> 
     </span>
     <span class='ocr_line' id='line_1_6' title="bbox 312 765 1351 831; baseline 0 -17"><span class='ocrx_word' id='word_1_53' title='bbox 312 765 442 828; x_wconf 84' lang='lat' dir='ltr'><strong>publicam</strong></span> <span class='ocrx_word' id='word_1_54' title='bbox 459 766 638 830; x_wconf 64' lang='lat' dir='ltr'><strong>paenitentiam</strong></span> <span class='ocrx_word' id='word_1_55' title='bbox 654 766 856 830; x_wconf 81' lang='lat' dir='ltr'><strong>egerit—[Bell.</strong></span> <span class='ocrx_word' id='word_1_56' title='bbox 868 767 942 831; x_wconf 81' lang='lat' dir='ltr'><strong>Apol.</strong></span> <span class='ocrx_word' id='word_1_57' title='bbox 954 781 1001 831; x_wconf 89' lang='lat' dir='ltr'><strong>pro</strong></span> <span class='ocrx_word' id='word_1_58' title='bbox 1011 765 1099 831; x_wconf 83' lang='lat' dir='ltr'><strong>Resp]</strong></span> <span class='ocrx_word' id='word_1_59' title='bbox 1112 781 1135 831; x_wconf 90' lang='lat' dir='ltr'><strong>p.</strong></span> <span class='ocrx_word' id='word_1_60' title='bbox 1148 768 1188 820; x_wconf 82' lang='lat'><strong>70.</strong></span> <span class='ocrx_word' id='word_1_61' title='bbox 1207 766 1277 831; x_wconf 86' lang='lat' dir='ltr'><strong>[Op.‚</strong></span> <span class='ocrx_word' id='word_1_62' title='bbox 1288 768 1351 815; x_wconf 79' lang='lat' dir='ltr'><strong>torn.</strong></span> 
     </span>
     <span class='ocr_line' id='line_1_7' title="bbox 312 848 546 913; baseline 0.009 -18"><span class='ocrx_word' id='word_1_63' title='bbox 312 848 358 897; x_wconf 86' lang='lat' dir='ltr'><strong>vii.</strong></span> <span class='ocrx_word' id='word_1_64' title='bbox 374 849 420 898; x_wconf 82' lang='lat' dir='ltr'><strong>col</strong></span> <span class='ocrx_word' id='word_1_65' title='bbox 433 849 489 901; x_wconf 80' lang='lat'><strong>744.</strong></span> <span class='ocrx_word' id='word_1_66' title='bbox 500 849 546 913; x_wconf 83' lang='lat' dir='ltr'><strong>A.]</strong></span> 
     </span>
    </p>
   </div>
   <div class='ocr_carea' id='block_1_3' title="bbox 85 941 1374 2988">
    <p class='ocr_par' dir='ltr' id='par_1_3' title="bbox 86 941 1352 1022">
     <span class='ocr_line' id='line_1_8' title="bbox 86 941 1352 1022; baseline -0.002 -16"><span class='ocrx_word' id='word_1_67' title='bbox 86 957 122 1021; x_wconf 82' lang='lat' dir='ltr'><strong>[S.</strong></span> <span class='ocrx_word' id='word_1_68' title='bbox 135 957 202 1007; x_wconf 79' lang='lat' dir='ltr'><strong>&#39;lho-</strong></span> <span class='ocrx_word' id='word_1_69' title='bbox 292 942 338 1003; x_wconf 88' lang='lat' dir='ltr'><strong>At</strong></span> <span class='ocrx_word' id='word_1_70' title='bbox 352 941 484 1005; x_wconf 81' lang='lat' dir='ltr'><strong>Thomas</strong></span> <span class='ocrx_word' id='word_1_71' title='bbox 507 941 570 1004; x_wconf 90' lang='lat' dir='ltr'><strong>alia</strong></span> <span class='ocrx_word' id='word_1_72' title='bbox 591 962 688 1005; x_wconf 89' lang='lat' dir='ltr'><strong>causa</strong></span> <span class='ocrx_word' id='word_1_73' title='bbox 709 941 782 1020; x_wconf 76' lang='lat' dir='ltr'><strong>fnit,</strong></span> <span class='ocrx_word' id='word_1_74' title='bbox 798 962 858 1004; x_wconf 90' lang='lat' dir='ltr'><strong>nec</strong></span> <span class='ocrx_word' id='word_1_75' title='bbox 880 961 919 1004; x_wconf 90' lang='lat' dir='ltr'><strong>ca</strong></span> <span class='ocrx_word' id='word_1_76' title='bbox 933 941 1074 1004; x_wconf 89' lang='lat' dir='ltr'><strong>multum</strong></span> <span class='ocrx_word' id='word_1_77' title='bbox 1089 962 1108 1003; x_wconf 89' lang='lat' dir='ltr'><strong>a</strong></span> <span class='ocrx_word' id='word_1_78' title='bbox 1122 941 1238 1004; x_wconf 84' lang='lat' dir='ltr'><strong>Veneta</strong></span> <span class='ocrx_word' id='word_1_79' title='bbox 1252 960 1352 1022; x_wconf 82' lang='lat' dir='ltr'><strong><em>nuper</em></strong></span> 
     </span>
    </p>

    <p class='ocr_par' dir='ltr' id='par_1_4' title="bbox 85 1035 1374 2988">
     <span class='ocr_line' id='line_1_9' title="bbox 85 1035 1352 1152; baseline 0.001 -46"><span class='ocrx_word' id='word_1_80' title='bbox 85 1035 179 1152; x_wconf 40' lang='lat'><strong>¹0⁰&amp;</strong></span> <span class='ocrx_word' id='word_1_81' title='bbox 251 1043 384 1108; x_wconf 87' lang='lat' dir='ltr'><strong>diversa.</strong></span> <span class='ocrx_word' id='word_1_82' title='bbox 431 1046 495 1109; x_wconf 87' lang='lat' dir='ltr'><strong>Pro</strong></span> <span class='ocrx_word' id='word_1_83' title='bbox 518 1046 637 1108; x_wconf 70' lang='lat' dir='ltr'><strong>clerico</strong></span> <span class='ocrx_word' id='word_1_84' title='bbox 657 1045 823 1123; x_wconf 78' lang='lat' dir='ltr'><strong><em>homicida,</em></strong></span> <span class='ocrx_word' id='word_1_85' title='bbox 847 1065 905 1127; x_wconf 89' lang='lat' dir='ltr'><strong>pro</strong></span> <span class='ocrx_word' id='word_1_86' title='bbox 930 1044 992 1107; x_wconf 90' lang='lat' dir='ltr'><strong>alio</strong></span> <span class='ocrx_word' id='word_1_87' title='bbox 1015 1045 1122 1124; x_wconf 88' lang='lat' dir='ltr'><strong>etiam,</strong></span> <span class='ocrx_word' id='word_1_88' title='bbox 1146 1045 1203 1127; x_wconf 91' lang='lat' dir='ltr'><strong>qui</strong></span> <span class='ocrx_word' id='word_1_89' title='bbox 1220 1044 1352 1108; x_wconf 75' lang='lat' dir='ltr'><strong>ludices</strong></span> 
     </span>
     <span class='ocr_line' id='line_1_10' title="bbox 250 1147 1351 1234; baseline 0.002 -24"><span class='ocrx_word' id='word_1_90' title='bbox 250 1148 337 1231; x_wconf 88' lang='lat' dir='ltr'><strong>ipsos</strong></span> <span class='ocrx_word' id='word_1_91' title='bbox 354 1150 460 1232; x_wconf 78' lang='lat' dir='ltr'><strong>Regni</strong></span> <span class='ocrx_word' id='word_1_92' title='bbox 474 1171 532 1234; x_wconf 91' lang='lat' dir='ltr'><strong>pro</strong></span> <span class='ocrx_word' id='word_1_93' title='bbox 548 1148 715 1213; x_wconf 82' lang='lat' dir='ltr'><strong>Tribuuali</strong></span> <span class='ocrx_word' id='word_1_94' title='bbox 735 1148 882 1211; x_wconf 82' lang='lat' dir='ltr'><strong>sedentes</strong></span> <span class='ocrx_word' id='word_1_95' title='bbox 898 1147 1057 1231; x_wconf 85' lang='lat' dir='ltr'><strong>petulanti</strong></span> <span class='ocrx_word' id='word_1_96' title='bbox 1073 1169 1127 1212; x_wconf 91' lang='lat' dir='ltr'><strong>ore</strong></span> <span class='ocrx_word' id='word_1_97' title='bbox 1141 1149 1351 1227; x_wconf 83' lang='lat' dir='ltr'><strong>lacessiverat,</strong></span> 
     </span>
     <span class='ocr_line' id='line_1_11' title="bbox 250 1250 1352 1336; baseline -0.001 -20"><span class='ocrx_word' id='word_1_98' title='bbox 250 1274 289 1316; x_wconf 81' lang='lat' dir='ltr'><strong>ex</strong></span> <span class='ocrx_word' id='word_1_99' title='bbox 304 1253 448 1317; x_wconf 78' lang='lat' dir='ltr'><strong>libertate</strong></span> <span class='ocrx_word' id='word_1_100' title='bbox 462 1255 689 1316; x_wconf 79' lang='lat' dir='ltr'><strong>Ecclesiastico</strong></span> <span class='ocrx_word' id='word_1_101' title='bbox 707 1253 896 1330; x_wconf 84' lang='lat' dir='ltr'><strong>intercessit,</strong></span> <span class='ocrx_word' id='word_1_102' title='bbox 912 1260 1085 1336; x_wconf 89' lang='lat' dir='ltr'><strong>utrumque</strong></span> <span class='ocrx_word' id='word_1_103' title='bbox 1105 1274 1124 1316; x_wconf 90' lang='lat' dir='ltr'><strong>a</strong></span> <span class='ocrx_word' id='word_1_104' title='bbox 1143 1250 1256 1317; x_wconf 83' lang='lat' dir='ltr'><strong>mortis</strong></span> <span class='ocrx_word' id='word_1_105' title='bbox 1279 1273 1352 1316; x_wconf 91' lang='lat' dir='ltr'><strong>sen·</strong></span> 
     </span>
     <span class='ocr_line' id='line_1_12' title="bbox 250 1355 1353 1439; baseline 0.002 -21"><span class='ocrx_word' id='word_1_106' title='bbox 250 1357 353 1420; x_wconf 90' lang='lat' dir='ltr'><strong>tentia</strong></span> <span class='ocrx_word' id='word_1_107' title='bbox 368 1357 550 1420; x_wconf 86' lang='lat' dir='ltr'><strong>vindicavit.</strong></span> <span class='ocrx_word' id='word_1_108' title='bbox 583 1358 661 1420; x_wconf 89' lang='lat' dir='ltr'><strong>Post</strong></span> <span class='ocrx_word' id='word_1_109' title='bbox 675 1377 760 1434; x_wconf 88' lang='lat' dir='ltr'><strong>vero,</strong></span> <span class='ocrx_word' id='word_1_110' title='bbox 776 1355 873 1418; x_wconf 87' lang='lat' dir='ltr'><strong>fidem</strong></span> <span class='ocrx_word' id='word_1_111' title='bbox 890 1356 972 1439; x_wconf 83' lang='lat' dir='ltr'><strong>Regi</strong></span> <span class='ocrx_word' id='word_1_112' title='bbox 987 1355 1037 1418; x_wconf 91' lang='lat' dir='ltr'><strong>bis</strong></span> <span class='ocrx_word' id='word_1_113' title='bbox 1054 1355 1173 1434; x_wconf 85' lang='lat' dir='ltr'><strong>datam,</strong></span> <span class='ocrx_word' id='word_1_114' title='bbox 1190 1357 1230 1419; x_wconf 90' lang='lat' dir='ltr'><strong>de</strong></span> <span class='ocrx_word' id='word_1_115' title='bbox 1245 1355 1353 1439; x_wconf 83' lang='lat' dir='ltr'><strong>Regni</strong></span> 
     </span>
     <span class='ocr_line' id='line_1_13' title="bbox 251 1458 1352 1543; baseline 0.001 -21"><span class='ocrx_word' id='word_1_116' title='bbox 251 1461 537 1524; x_wconf 87' lang='lat' dir='ltr'><strong>consuctudinibus</strong></span> <span class='ocrx_word' id='word_1_117' title='bbox 561 1458 777 1537; x_wconf 87' lang='lat' dir='ltr'><strong>observandis,</strong></span> <span class='ocrx_word' id='word_1_118' title='bbox 803 1460 921 1523; x_wconf 86' lang='lat' dir='ltr'><strong>Oxonii</strong></span> <span class='ocrx_word' id='word_1_119' title='bbox 945 1459 1097 1543; x_wconf 87' lang='lat' dir='ltr'><strong>primum,</strong></span> <span class='ocrx_word' id='word_1_120' title='bbox 1120 1467 1192 1543; x_wconf 88' lang='lat' dir='ltr'><strong>post</strong></span> <span class='ocrx_word' id='word_1_121' title='bbox 1219 1460 1352 1524; x_wconf 87' lang='lat' dir='ltr'><strong>Claren-</strong></span> 
     </span>
     <span class='ocr_line' id='line_1_14' title="bbox 251 1562 1374 1647; baseline 0 -21"><span class='ocrx_word' id='word_1_122' title='bbox 251 1562 364 1642; x_wconf 86' lang='lat' dir='ltr'><strong>deniae,</strong></span> <span class='ocrx_word' id='word_1_123' title='bbox 381 1564 467 1627; x_wconf 88' lang='lat' dir='ltr'><strong>ultro</strong></span> <span class='ocrx_word' id='word_1_124' title='bbox 484 1563 619 1642; x_wconf 73' lang='lat' dir='ltr'><strong>fefellit,</strong></span> <span class='ocrx_word' id='word_1_125' title='bbox 643 1569 744 1646; x_wconf 92' lang='lat' dir='ltr'><strong>utque</strong></span> <span class='ocrx_word' id='word_1_126' title='bbox 767 1583 785 1625; x_wconf 97' lang='lat' dir='ltr'><strong>a</strong></span> <span class='ocrx_word' id='word_1_127' title='bbox 806 1562 826 1624; x_wconf 86' lang='lat' dir='ltr'><strong>J</strong></span> <span class='ocrx_word' id='word_1_128' title='bbox 830 1571 1007 1640; x_wconf 87' lang='lat' dir='ltr'><strong>uramento,</strong></span> <span class='ocrx_word' id='word_1_129' title='bbox 1027 1571 1062 1626; x_wconf 89' lang='lat' dir='ltr'><strong>et</strong></span> <span class='ocrx_word' id='word_1_130' title='bbox 1084 1562 1148 1626; x_wconf 90' lang='lat' dir='ltr'><strong>fide</strong></span> <span class='ocrx_word' id='word_1_131' title='bbox 1171 1563 1253 1647; x_wconf 82' lang='lat' dir='ltr'><strong>Regi</strong></span> <span class='ocrx_word' id='word_1_132' title='bbox 1276 1563 1374 1627; x_wconf 83' lang='lat' dir='ltr'><strong>‹lata-</strong></span> 
     </span>
     <span class='ocr_line' id='line_1_15' title="bbox 251 1666 1350 1751; baseline 0.003 -24"><span class='ocrx_word' id='word_1_133' title='bbox 251 1666 329 1728; x_wconf 89' lang='lat' dir='ltr'><strong>solvi</strong></span> <span class='ocrx_word' id='word_1_134' title='bbox 352 1675 469 1750; x_wconf 87' lang='lat' dir='ltr'><strong>posset,</strong></span> <span class='ocrx_word' id='word_1_135' title='bbox 488 1690 507 1730; x_wconf 92' lang='lat' dir='ltr'><strong>a</strong></span> <span class='ocrx_word' id='word_1_136' title='bbox 529 1668 616 1751; x_wconf 86' lang='lat' dir='ltr'><strong>Papa</strong></span> <span class='ocrx_word' id='word_1_137' title='bbox 637 1666 831 1749; x_wconf 85' lang='lat' dir='ltr'><strong>impetravit.</strong></span> <span class='ocrx_word' id='word_1_138' title='bbox 877 1667 949 1729; x_wconf 92' lang='lat' dir='ltr'><strong>Nec</strong></span> <span class='ocrx_word' id='word_1_139' title='bbox 969 1678 1079 1731; x_wconf 86' lang='lat' dir='ltr'><strong>tamen</strong></span> <span class='ocrx_word' id='word_1_140' title='bbox 1095 1668 1201 1750; x_wconf 76' lang='lat' dir='ltr'><strong>Repno</strong></span> <span class='ocrx_word' id='word_1_141' title='bbox 1219 1667 1350 1748; x_wconf 74' lang='lat' dir='ltr'><strong>puleua5</strong></span> 
     </span>
     <span class='ocr_line' id='line_1_16' title="bbox 251 1769 1352 1855; baseline 0.004 -25"><span class='ocrx_word' id='word_1_142' title='bbox 251 1778 366 1852; x_wconf 88' lang='lat' dir='ltr'><strong>sponte</strong></span> <span class='ocrx_word' id='word_1_143' title='bbox 381 1771 516 1834; x_wconf 81' lang='lat' dir='ltr'><strong>excessit</strong></span> <span class='ocrx_word' id='word_1_144' title='bbox 531 1772 656 1855; x_wconf 87' lang='lat' dir='ltr'><strong>etipse.</strong></span> <span class='ocrx_word' id='word_1_145' title='bbox 704 1771 750 1833; x_wconf 90' lang='lat' dir='ltr'><strong>At</strong></span> <span class='ocrx_word' id='word_1_146' title='bbox 766 1769 822 1832; x_wconf 92' lang='lat' dir='ltr'><strong>ubi</strong></span> <span class='ocrx_word' id='word_1_147' title='bbox 836 1769 878 1832; x_wconf 87' lang='lat' dir='ltr'><strong>ad</strong></span> <span class='ocrx_word' id='word_1_148' title='bbox 892 1771 989 1852; x_wconf 91' lang='lat' dir='ltr'><strong>pedes</strong></span> <span class='ocrx_word' id='word_1_149' title='bbox 1002 1771 1100 1854; x_wconf 82' lang='lat' dir='ltr'><strong>Regis</strong></span> <span class='ocrx_word' id='word_1_150' title='bbox 1115 1770 1164 1834; x_wconf 91' lang='lat' dir='ltr'><strong>bis</strong></span> <span class='ocrx_word' id='word_1_151' title='bbox 1179 1771 1352 1855; x_wconf 86' lang='lat' dir='ltr'><strong>projectus,</strong></span> 
     </span>
     <span class='ocr_line' id='line_1_17' title="bbox 250 1870 1352 1956; baseline -0.001 -22"><span class='ocrx_word' id='word_1_152' title='bbox 250 1870 301 1934; x_wconf 91' lang='lat' dir='ltr'><strong>bis</strong></span> <span class='ocrx_word' id='word_1_153' title='bbox 324 1873 451 1956; x_wconf 90' lang='lat' dir='ltr'><strong>culpam</strong></span> <span class='ocrx_word' id='word_1_154' title='bbox 472 1874 606 1956; x_wconf 82' lang='lat' dir='ltr'><strong>supplex</strong></span> <span class='ocrx_word' id='word_1_155' title='bbox 626 1872 819 1956; x_wconf 87' lang='lat' dir='ltr'><strong>agnovisset,</strong></span> <span class='ocrx_word' id='word_1_156' title='bbox 835 1880 868 1935; x_wconf 89' lang='lat' dir='ltr'><strong>ct</strong></span> <span class='ocrx_word' id='word_1_157' title='bbox 885 1873 982 1955; x_wconf 88' lang='lat' dir='ltr'><strong>Regis</strong></span> <span class='ocrx_word' id='word_1_158' title='bbox 1005 1873 1115 1955; x_wconf 87' lang='lat' dir='ltr'><strong>gratiae</strong></span> <span class='ocrx_word' id='word_1_159' title='bbox 1138 1880 1171 1936; x_wconf 87' lang='lat' dir='ltr'><strong>et</strong></span> <span class='ocrx_word' id='word_1_160' title='bbox 1188 1871 1263 1935; x_wconf 89' lang='lat' dir='ltr'><strong>Sedi</strong></span> <span class='ocrx_word' id='word_1_161' title='bbox 1286 1891 1352 1934; x_wconf 87' lang='lat' dir='ltr'><strong>suae</strong></span> 
     </span>
     <span class='ocr_line' id='line_1_18' title="bbox 250 1975 1351 2060; baseline -0.001 -23"><span class='ocrx_word' id='word_1_162' title='bbox 250 1976 421 2039; x_wconf 88' lang='lat' dir='ltr'><strong>restitutus</strong></span> <span class='ocrx_word' id='word_1_163' title='bbox 444 1985 502 2040; x_wconf 84' lang='lat' dir='ltr'><strong>est.</strong></span> <span class='ocrx_word' id='word_1_164' title='bbox 549 1977 627 2040; x_wconf 91' lang='lat' dir='ltr'><strong>Non</strong></span> <span class='ocrx_word' id='word_1_165' title='bbox 651 1997 728 2060; x_wconf 87' lang='lat' dir='ltr'><strong>crgo</strong></span> <span class='ocrx_word' id='word_1_166' title='bbox 751 1976 785 2038; x_wconf 89' lang='lat' dir='ltr'><strong>iu</strong></span> <span class='ocrx_word' id='word_1_167' title='bbox 810 1997 907 2038; x_wconf 86' lang='lat' dir='ltr'><strong>causa</strong></span> <span class='ocrx_word' id='word_1_168' title='bbox 930 1976 991 2039; x_wconf 90' lang='lat' dir='ltr'><strong>hac</strong></span> <span class='ocrx_word' id='word_1_169' title='bbox 1012 1979 1176 2040; x_wconf 81' lang='lat' dir='ltr'><strong>victoriam</strong></span> <span class='ocrx_word' id='word_1_170' title='bbox 1199 1975 1351 2053; x_wconf 89' lang='lat' dir='ltr'><strong>obtinuit,</strong></span> 
     </span>
     <span class='ocr_line' id='line_1_19' title="bbox 251 2078 1353 2164; baseline 0.002 -24"><span class='ocrx_word' id='word_1_171' title='bbox 251 2078 345 2141; x_wconf 90' lang='lat' dir='ltr'><strong>cessit</strong></span> <span class='ocrx_word' id='word_1_172' title='bbox 363 2080 480 2162; x_wconf 87' lang='lat' dir='ltr'><strong>potius.</strong></span> <span class='ocrx_word' id='word_1_173' title='bbox 528 2081 623 2143; x_wconf 91' lang='lat' dir='ltr'><strong>Hanc</strong></span> <span class='ocrx_word' id='word_1_174' title='bbox 645 2088 754 2143; x_wconf 90' lang='lat' dir='ltr'><strong>autem</strong></span> <span class='ocrx_word' id='word_1_175' title='bbox 770 2080 861 2162; x_wconf 88' lang='lat' dir='ltr'><strong>Regi,</strong></span> <span class='ocrx_word' id='word_1_176' title='bbox 878 2079 918 2144; x_wconf 91' lang='lat' dir='ltr'><strong>de</strong></span> <span class='ocrx_word' id='word_1_177' title='bbox 941 2079 1003 2143; x_wconf 90' lang='lat' dir='ltr'><strong>hoc</strong></span> <span class='ocrx_word' id='word_1_178' title='bbox 1027 2082 1096 2164; x_wconf 85' lang='lat' dir='ltr'><strong>ejus</strong></span> <span class='ocrx_word' id='word_1_179' title='bbox 1119 2088 1188 2144; x_wconf 91' lang='lat' dir='ltr'><strong>tam</strong></span> <span class='ocrx_word' id='word_1_180' title='bbox 1211 2079 1353 2162; x_wconf 86' lang='lat' dir='ltr'><strong>benigno</strong></span> 
     </span>
     <span class='ocr_line' id='line_1_20' title="bbox 250 2181 1353 2268; baseline 0 -24"><span class='ocrx_word' id='word_1_181' title='bbox 250 2182 346 2260; x_wconf 85' lang='lat' dir='ltr'><strong>factu,</strong></span> <span class='ocrx_word' id='word_1_182' title='bbox 371 2184 508 2265; x_wconf 88' lang='lat' dir='ltr'><strong>gratiam</strong></span> <span class='ocrx_word' id='word_1_183' title='bbox 528 2183 650 2262; x_wconf 88' lang='lat' dir='ltr'><strong>retulit,</strong></span> <span class='ocrx_word' id='word_1_184' title='bbox 672 2192 710 2246; x_wconf 92' lang='lat' dir='ltr'><strong>ut</strong></span> <span class='ocrx_word' id='word_1_185' title='bbox 730 2204 875 2246; x_wconf 87' lang='lat' dir='ltr'><strong>reversus</strong></span> <span class='ocrx_word' id='word_1_186' title='bbox 898 2183 1017 2262; x_wconf 88' lang='lat' dir='ltr'><strong>statim,</strong></span> <span class='ocrx_word' id='word_1_187' title='bbox 1041 2184 1126 2247; x_wconf 88' lang='lat' dir='ltr'><strong>circa</strong></span> <span class='ocrx_word' id='word_1_188' title='bbox 1145 2181 1279 2246; x_wconf 90' lang='lat' dir='ltr'><strong>Henrici</strong></span> <span class='ocrx_word' id='word_1_189' title='bbox 1298 2183 1353 2268; x_wconf 90' lang='lat' dir='ltr'><strong>ju-</strong></span> 
     </span>
     <span class='ocr_line' id='line_1_21' title="bbox 251 2285 1351 2368; baseline 0.001 -20"><span class='ocrx_word' id='word_1_190' title='bbox 251 2285 351 2350; x_wconf 85' lang='lat' dir='ltr'><strong>nioris</strong></span> <span class='ocrx_word' id='word_1_191' title='bbox 361 2299 382 2363; x_wconf 82' lang='lat'><strong>¹,</strong></span> <span class='ocrx_word' id='word_1_192' title='bbox 400 2287 498 2368; x_wconf 89' lang='lat' dir='ltr'><strong>Regis</strong></span> <span class='ocrx_word' id='word_1_193' title='bbox 514 2286 581 2364; x_wconf 90' lang='lat' dir='ltr'><strong>filii,</strong></span> <span class='ocrx_word' id='word_1_194' title='bbox 599 2286 849 2363; x_wconf 85' lang='lat' dir='ltr'><strong>coronationem,</strong></span> <span class='ocrx_word' id='word_1_195' title='bbox 864 2287 976 2350; x_wconf 89' lang='lat' dir='ltr'><strong>turbas</strong></span> <span class='ocrx_word' id='word_1_196' title='bbox 991 2286 1092 2364; x_wconf 88' lang='lat' dir='ltr'><strong>daret,</strong></span> <span class='ocrx_word' id='word_1_197' title='bbox 1109 2307 1145 2350; x_wconf 91' lang='lat' dir='ltr'><strong>ac</strong></span> <span class='ocrx_word' id='word_1_198' title='bbox 1160 2294 1273 2350; x_wconf 90' lang='lat' dir='ltr'><strong>contra</strong></span> <span class='ocrx_word' id='word_1_199' title='bbox 1288 2306 1351 2364; x_wconf 90' lang='lat' dir='ltr'><strong>eos,</strong></span> 
     </span>
     <span class='ocr_line' id='line_1_22' title="bbox 251 2389 1352 2474; baseline 0 -22"><span class='ocrx_word' id='word_1_200' title='bbox 251 2390 307 2473; x_wconf 89' lang='lat' dir='ltr'><strong>qni</strong></span> <span class='ocrx_word' id='word_1_201' title='bbox 333 2389 485 2453; x_wconf 89' lang='lat' dir='ltr'><strong>solenniis</strong></span> <span class='ocrx_word' id='word_1_202' title='bbox 514 2390 726 2474; x_wconf 71' lang='lat' dir='ltr'><strong>praefuissent,</strong></span> <span class='ocrx_word' id='word_1_203' title='bbox 751 2410 901 2452; x_wconf 86' lang='lat' dir='ltr'><strong>censuras</strong></span> <span class='ocrx_word' id='word_1_204' title='bbox 926 2389 1122 2453; x_wconf 84' lang='lat' dir='ltr'><strong>fulminaret.</strong></span> <span class='ocrx_word' id='word_1_205' title='bbox 1168 2390 1278 2454; x_wconf 77' lang='lat' dir='ltr'><strong>Caesus</strong></span> <span class='ocrx_word' id='word_1_206' title='bbox 1301 2398 1352 2453; x_wconf 86' lang='lat' dir='ltr'><strong>est</strong></span> 
     </span>
     <span class='ocr_line' id='line_1_23' title="bbox 250 2492 1352 2575; baseline -0.001 -20"><span class='ocrx_word' id='word_1_207' title='bbox 250 2500 324 2575; x_wconf 90' lang='lat' dir='ltr'><strong>post</strong></span> <span class='ocrx_word' id='word_1_208' title='bbox 338 2492 446 2556; x_wconf 76' lang='lat' dir='ltr'><strong>siurone</strong></span> <span class='ocrx_word' id='word_1_209' title='bbox 461 2493 611 2570; x_wconf 86' lang='lat' dir='ltr'><strong>militum,</strong></span> <span class='ocrx_word' id='word_1_210' title='bbox 627 2514 688 2556; x_wconf 85' lang='lat' dir='ltr'><strong>nec</strong></span> <span class='ocrx_word' id='word_1_211' title='bbox 704 2493 793 2574; x_wconf 87' lang='lat' dir='ltr'><strong>Rege</strong></span> <span class='ocrx_word' id='word_1_212' title='bbox 803 2500 914 2554; x_wconf 89' lang='lat' dir='ltr'><strong>tamen</strong></span> <span class='ocrx_word' id='word_1_213' title='bbox 929 2492 1067 2570; x_wconf 90' lang='lat' dir='ltr'><strong>conscio,</strong></span> <span class='ocrx_word' id='word_1_214' title='bbox 1085 2492 1140 2575; x_wconf 92' lang='lat' dir='ltr'><strong>qui</strong></span> <span class='ocrx_word' id='word_1_215' title='bbox 1155 2500 1188 2555; x_wconf 90' lang='lat' dir='ltr'><strong>et</strong></span> <span class='ocrx_word' id='word_1_216' title='bbox 1202 2492 1352 2575; x_wconf 86' lang='lat' dir='ltr'><strong>purgavit</strong></span> 
     </span>
     <span class='ocr_line' id='line_1_24' title="bbox 251 2595 1353 2678; baseline 0.001 -21"><span class='ocrx_word' id='word_1_217' title='bbox 251 2617 284 2658; x_wconf 90' lang='lat' dir='ltr'><strong>se</strong></span> <span class='ocrx_word' id='word_1_218' title='bbox 300 2596 339 2659; x_wconf 92' lang='lat' dir='ltr'><strong>de</strong></span> <span class='ocrx_word' id='word_1_219' title='bbox 355 2597 441 2659; x_wconf 84' lang='lat' dir='ltr'><strong>facto</strong></span> <span class='ocrx_word' id='word_1_220' title='bbox 456 2597 543 2674; x_wconf 86' lang='lat' dir='ltr'><strong>satis,</strong></span> <span class='ocrx_word' id='word_1_221' title='bbox 560 2602 593 2659; x_wconf 90' lang='lat' dir='ltr'><strong>et</strong></span> <span class='ocrx_word' id='word_1_222' title='bbox 608 2616 692 2673; x_wconf 91' lang='lat' dir='ltr'><strong>vero,</strong></span> <span class='ocrx_word' id='word_1_223' title='bbox 710 2595 790 2659; x_wconf 91' lang='lat' dir='ltr'><strong>Orbi</strong></span> <span class='ocrx_word' id='word_1_224' title='bbox 804 2596 865 2658; x_wconf 86' lang='lat' dir='ltr'><strong>toti</strong></span> <span class='ocrx_word' id='word_1_225' title='bbox 886 2617 980 2677; x_wconf 90' lang='lat' dir='ltr'><strong>super</strong></span> <span class='ocrx_word' id='word_1_226' title='bbox 1001 2596 1116 2678; x_wconf 89' lang='lat' dir='ltr'><strong>potius,</strong></span> <span class='ocrx_word' id='word_1_227' title='bbox 1141 2617 1237 2678; x_wconf 90' lang='lat' dir='ltr'><strong>quam</strong></span> <span class='ocrx_word' id='word_1_228' title='bbox 1260 2595 1353 2658; x_wconf 88' lang='lat' dir='ltr'><strong>satis-</strong></span> 
     </span>
     <span class='ocr_line' id='line_1_25' title="bbox 250 2697 1354 2782; baseline -0.002 -21"><span class='ocrx_word' id='word_1_229' title='bbox 250 2698 336 2762; x_wconf 77' lang='lat' dir='ltr'><strong>fecit.</strong></span> <span class='ocrx_word' id='word_1_230' title='bbox 382 2701 427 2762; x_wconf 91' lang='lat' dir='ltr'><strong>At</strong></span> <span class='ocrx_word' id='word_1_231' title='bbox 443 2721 502 2762; x_wconf 90' lang='lat' dir='ltr'><strong>nce</strong></span> <span class='ocrx_word' id='word_1_232' title='bbox 516 2700 581 2777; x_wconf 88' lang='lat' dir='ltr'><strong>illa,</strong></span> <span class='ocrx_word' id='word_1_233' title='bbox 599 2721 669 2782; x_wconf 79' lang='lat' dir='ltr'><strong>qum</strong></span> <span class='ocrx_word' id='word_1_234' title='bbox 683 2721 794 2761; x_wconf 85' lang='lat' dir='ltr'><strong>narras</strong></span> <span class='ocrx_word' id='word_1_235' title='bbox 808 2700 900 2781; x_wconf 73' lang='lat' dir='ltr'><strong>sipon</strong></span> <span class='ocrx_word' id='word_1_236' title='bbox 916 2698 1093 2777; x_wconf 88' lang='lat' dir='ltr'><strong>subsecuta,</strong></span> <span class='ocrx_word' id='word_1_237' title='bbox 1109 2697 1242 2778; x_wconf 79' lang='lat' dir='ltr'><strong>fraudis</strong></span> <span class='ocrx_word' id='word_1_238' title='bbox 1255 2699 1354 2780; x_wconf 69' lang='lat' dir='ltr'><strong>terrip-</strong></span> 
     </span>
     <span class='ocr_line' id='line_1_26' title="bbox 250 2802 1353 2884; baseline -0.002 -20"><span class='ocrx_word' id='word_1_239' title='bbox 250 2803 308 2880; x_wconf 81' lang='lat' dir='ltr'><strong>ais,</strong></span> <span class='ocrx_word' id='word_1_240' title='bbox 325 2823 384 2865; x_wconf 92' lang='lat' dir='ltr'><strong>nee</strong></span> <span class='ocrx_word' id='word_1_241' title='bbox 399 2805 540 2881; x_wconf 84' lang='lat' dir='ltr'><strong>virtutes,</strong></span> <span class='ocrx_word' id='word_1_242' title='bbox 555 2802 626 2865; x_wconf 88' lang='lat' dir='ltr'><strong>vitii</strong></span> <span class='ocrx_word' id='word_1_243' title='bbox 646 2802 825 2884; x_wconf 87' lang='lat' dir='ltr'><strong>suspicione</strong></span> <span class='ocrx_word' id='word_1_244' title='bbox 840 2810 1031 2879; x_wconf 82' lang='lat' dir='ltr'><strong>caruerunt3</strong></span> <span class='ocrx_word' id='word_1_245' title='bbox 1056 2802 1161 2865; x_wconf 86' lang='lat' dir='ltr'><strong>Facile</strong></span> <span class='ocrx_word' id='word_1_246' title='bbox 1176 2809 1247 2864; x_wconf 92' lang='lat' dir='ltr'><strong>tum</strong></span> <span class='ocrx_word' id='word_1_247' title='bbox 1262 2802 1353 2882; x_wconf 70' lang='lat' dir='ltr'><strong>signa</strong></span> 
     </span>
     <span class='ocr_line' id='line_1_27' title="bbox 251 2904 987 2988; baseline 0.001 -21"><span class='ocrx_word' id='word_1_248' title='bbox 251 2904 354 2980; x_wconf 89' lang='lat' dir='ltr'><strong>cdere,</strong></span> <span class='ocrx_word' id='word_1_249' title='bbox 371 2926 444 2967; x_wconf 91' lang='lat' dir='ltr'><strong>cum</strong></span> <span class='ocrx_word' id='word_1_250' title='bbox 459 2906 495 2968; x_wconf 90' lang='lat' dir='ltr'><strong>in</strong></span> <span class='ocrx_word' id='word_1_251' title='bbox 511 2906 597 2969; x_wconf 86' lang='lat' dir='ltr'><strong>edita</strong></span> <span class='ocrx_word' id='word_1_252' title='bbox 611 2905 702 2968; x_wconf 87' lang='lat' dir='ltr'><strong>nefas</strong></span> <span class='ocrx_word' id='word_1_253' title='bbox 718 2914 801 2969; x_wconf 87' lang='lat' dir='ltr'><strong>esset</strong></span> <span class='ocrx_word' id='word_1_254' title='bbox 816 2905 987 2988; x_wconf 90' lang='lat' dir='ltr'><strong>inquirere.</strong></span> 
     </span>
    </p>
   </div>
   <div class='ocr_carea' id='block_1_4' title="bbox 282 3021 1353 3333">
    <p class='ocr_par' dir='ltr' id='par_1_5' title="bbox 282 3021 1353 3333">
     <span class='ocr_line' id='line_1_28' title="bbox 282 3021 1352 3087; baseline 0.001 -15"><span class='ocrx_word' id='word_1_255' title='bbox 282 3021 306 3072; x_wconf 88' lang='lat' dir='ltr'><strong>S.</strong></span> <span class='ocrx_word' id='word_1_256' title='bbox 327 3023 476 3072; x_wconf 83' lang='lat' dir='ltr'><strong>Edmundus</strong></span> <span class='ocrx_word' id='word_1_257' title='bbox 492 3024 702 3087; x_wconf 63' lang='lat' dir='ltr'><strong>archiepiscopus</strong></span> <span class='ocrx_word' id='word_1_258' title='bbox 719 3024 929 3074; x_wconf 82' lang='lat' dir='ltr'><strong>Cantuaricnsis.</strong></span> <span class='ocrx_word' id='word_1_259' title='bbox 949 3062 954 3072; x_wconf 94' lang='lat'><em>.</em></span> <span class='ocrx_word' id='word_1_260' title='bbox 972 3060 978 3071; x_wconf 87' lang='lat'><strong>.</strong></span> <span class='ocrx_word' id='word_1_261' title='bbox 996 3025 1085 3085; x_wconf 80' lang='lat' dir='ltr'><strong>multa,</strong></span> <span class='ocrx_word' id='word_1_262' title='bbox 1100 3027 1156 3073; x_wconf 87' lang='lat' dir='ltr'><strong>tum</strong></span> <span class='ocrx_word' id='word_1_263' title='bbox 1171 3039 1186 3074; x_wconf 85' lang='lat' dir='ltr'><strong>a</strong></span> <span class='ocrx_word' id='word_1_264' title='bbox 1204 3024 1279 3086; x_wconf 83' lang='lat' dir='ltr'><strong>Rege,</strong></span> <span class='ocrx_word' id='word_1_265' title='bbox 1296 3028 1352 3073; x_wconf 90' lang='lat' dir='ltr'><strong>tum</strong></span> 
     </span>
     <span class='ocr_line' id='line_1_29' title="bbox 314 3105 1353 3169; baseline 0.001 -15"><span class='ocrx_word' id='word_1_266' title='bbox 314 3119 330 3154; x_wconf 80' lang='lat' dir='ltr'><strong>a</strong></span> <span class='ocrx_word' id='word_1_267' title='bbox 345 3142 351 3153; x_wconf 90' lang='lat'>.</span> <span class='ocrx_word' id='word_1_268' title='bbox 370 3143 375 3154; x_wconf 92' lang='lat'><strong><em>.</em></strong></span> <span class='ocrx_word' id='word_1_269' title='bbox 395 3143 400 3153; x_wconf 95' lang='lat'>.</span> <span class='ocrx_word' id='word_1_270' title='bbox 417 3106 561 3168; x_wconf 83' lang='lat' dir='ltr'><strong>proceribus</strong></span> <span class='ocrx_word' id='word_1_271' title='bbox 576 3120 663 3168; x_wconf 86' lang='lat' dir='ltr'><strong>passus</strong></span> <span class='ocrx_word' id='word_1_272' title='bbox 673 3112 718 3154; x_wconf 85' lang='lat' dir='ltr'><strong>est.</strong></span> <span class='ocrx_word' id='word_1_273' title='bbox 753 3105 840 3169; x_wconf 85' lang='lat' dir='ltr'><strong>ltaque</strong></span> <span class='ocrx_word' id='word_1_274' title='bbox 852 3106 905 3169; x_wconf 91' lang='lat' dir='ltr'><strong>ipsc</strong></span> <span class='ocrx_word' id='word_1_275' title='bbox 916 3121 1013 3168; x_wconf 85' lang='lat' dir='ltr'><strong>quoquc</strong></span> <span class='ocrx_word' id='word_1_276' title='bbox 1024 3109 1052 3154; x_wconf 91' lang='lat' dir='ltr'><strong>in</strong></span> <span class='ocrx_word' id='word_1_277' title='bbox 1063 3107 1170 3155; x_wconf 84' lang='lat' dir='ltr'><strong>exilium</strong></span> <span class='ocrx_word' id='word_1_278' title='bbox 1181 3107 1353 3156; x_wconf 87' lang='lat' dir='ltr'><strong>voluntarium</strong></span> 
     </span>
     <span class='ocr_line' id='line_1_30' title="bbox 314 3187 1351 3253; baseline 0.002 -16"><span class='ocrx_word' id='word_1_279' title='bbox 314 3189 452 3238; x_wconf 84' lang='lat' dir='ltr'><strong>concedens</strong></span> <span class='ocrx_word' id='word_1_280' title='bbox 468 3227 474 3239; x_wconf 95' lang='lat'><strong><em>.</em></strong></span> <span class='ocrx_word' id='word_1_281' title='bbox 493 3226 498 3238; x_wconf 94' lang='lat'>.</span> <span class='ocrx_word' id='word_1_282' title='bbox 517 3225 523 3237; x_wconf 95' lang='lat'><strong><em>.</em></strong></span> <span class='ocrx_word' id='word_1_283' title='bbox 541 3187 725 3251; x_wconf 82' lang='lat' dir='ltr'><strong>obiit—[Bell.</strong></span> <span class='ocrx_word' id='word_1_284' title='bbox 738 3189 813 3251; x_wconf 83' lang='lat' dir='ltr'><strong>Apol.</strong></span> <span class='ocrx_word' id='word_1_285' title='bbox 825 3203 870 3251; x_wconf 90' lang='lat' dir='ltr'><strong>pro</strong></span> <span class='ocrx_word' id='word_1_286' title='bbox 882 3187 967 3252; x_wconf 84' lang='lat' dir='ltr'><strong>Resp]</strong></span> <span class='ocrx_word' id='word_1_287' title='bbox 987 3203 1011 3251; x_wconf 92' lang='lat' dir='ltr'><strong>p.</strong></span> <span class='ocrx_word' id='word_1_288' title='bbox 1025 3190 1063 3241; x_wconf 80' lang='grc'><strong>70.</strong></span> <span class='ocrx_word' id='word_1_289' title='bbox 1084 3189 1153 3253; x_wconf 88' lang='lat' dir='ltr'><strong>[Op.,</strong></span> <span class='ocrx_word' id='word_1_290' title='bbox 1170 3194 1230 3239; x_wconf 89' lang='lat' dir='ltr'><strong>tom.</strong></span> <span class='ocrx_word' id='word_1_291' title='bbox 1242 3190 1286 3239; x_wconf 89' lang='lat' dir='ltr'><strong>vii.</strong></span> <span class='ocrx_word' id='word_1_292' title='bbox 1304 3189 1351 3239; x_wconf 92' lang='lat' dir='ltr'><strong>col.</strong></span> 
     </span>
     <span class='ocr_line' id='line_1_31' title="bbox 315 3270 427 3333; baseline -0.018 -11"><span class='ocrx_word' id='word_1_293' title='bbox 315 3271 372 3322; x_wconf 74' lang='lat' dir='ltr'><strong>ill.</strong></span> <span class='ocrx_word' id='word_1_294' title='bbox 383 3270 427 3333; x_wconf 82' lang='lat' dir='ltr'><strong>R]</strong></span> 
     </span>
    </p>
   </div>
   <div class='ocr_carea' id='block_1_5' title="bbox 89 3361 1349 3447">
    <p class='ocr_par' dir='ltr' id='par_1_6' title="bbox 89 3361 1349 3447">
     <span class='ocr_line' id='line_1_32' title="bbox 89 3361 1349 3447; baseline -0.001 -22"><span class='ocrx_word' id='word_1_295' title='bbox 89 3369 187 3433; x_wconf 72' lang='lat' dir='ltr'><strong>[Miu-</strong></span> <span class='ocrx_word' id='word_1_296' title='bbox 292 3362 494 3441; x_wconf 88' lang='lat' dir='ltr'><strong>Edmundus,</strong></span> <span class='ocrx_word' id='word_1_297' title='bbox 517 3385 587 3447; x_wconf 85' lang='lat' dir='ltr'><strong>quae</strong></span> <span class='ocrx_word' id='word_1_298' title='bbox 605 3383 730 3444; x_wconf 74' lang='lat' dir='ltr'><strong>puseus,</strong></span> <span class='ocrx_word' id='word_1_299' title='bbox 758 3361 797 3443; x_wconf 85' lang='lat' dir='ltr'><strong>(si</strong></span> <span class='ocrx_word' id='word_1_300' title='bbox 819 3382 894 3424; x_wconf 82' lang='lat' dir='ltr'><strong>vera</strong></span> <span class='ocrx_word' id='word_1_301' title='bbox 917 3368 1004 3439; x_wconf 89' lang='lat' dir='ltr'><strong>sunt,</strong></span> <span class='ocrx_word' id='word_1_302' title='bbox 1032 3381 1102 3444; x_wconf 88' lang='lat' dir='ltr'><strong>quae</strong></span> <span class='ocrx_word' id='word_1_303' title='bbox 1124 3361 1159 3423; x_wconf 94' lang='lat' dir='ltr'><strong>in</strong></span> <span class='ocrx_word' id='word_1_304' title='bbox 1185 3361 1349 3444; x_wconf 79' lang='lat' dir='ltr'><strong>Historiis)</strong></span> 
     </span>
    </p>
   </div>
   <div class='ocr_carea' id='block_1_6' title="bbox 86 3435 1351 3563">
    <p class='ocr_par' dir='ltr' id='par_1_7' title="bbox 86 3435 1351 3563">
     <span class='ocr_line' id='line_1_33' title="bbox 86 3435 1351 3563; baseline 0.025 -41"><span class='ocrx_word' id='word_1_305' title='bbox 86 3435 212 3563; x_wconf 53' lang='lat' dir='ltr'><strong>ffffim</strong></span> <span class='ocrx_word' id='word_1_306' title='bbox 249 3467 356 3549; x_wconf 87' lang='lat' dir='ltr'><strong>potius</strong></span> <span class='ocrx_word' id='word_1_307' title='bbox 381 3466 420 3529; x_wconf 90' lang='lat' dir='ltr'><strong>ab</strong></span> <span class='ocrx_word' id='word_1_308' title='bbox 445 3466 575 3529; x_wconf 90' lang='lat' dir='ltr'><strong>Othone</strong></span> <span class='ocrx_word' id='word_1_309' title='bbox 600 3466 696 3547; x_wconf 84' lang='lat' dir='ltr'><strong>Papae</strong></span> <span class='ocrx_word' id='word_1_310' title='bbox 718 3466 850 3547; x_wconf 85' lang='lat' dir='ltr'><strong>Legat0,</strong></span> <span class='ocrx_word' id='word_1_311' title='bbox 876 3486 971 3547; x_wconf 88' lang='lat' dir='ltr'><strong>qnam</strong></span> <span class='ocrx_word' id='word_1_312' title='bbox 997 3485 1016 3525; x_wconf 87' lang='lat' dir='ltr'><strong>c</strong></span> <span class='ocrx_word' id='word_1_313' title='bbox 1042 3464 1126 3546; x_wconf 63' lang='grc'><strong>3698</strong></span> <span class='ocrx_word' id='word_1_314' title='bbox 1145 3483 1262 3545; x_wconf 55' lang='lat' dir='ltr'><strong>Pam</strong></span> <span class='ocrx_word' id='word_1_315' title='bbox 1273 3491 1284 3537; x_wconf 86' lang='lat'><em>;</em></span> <span class='ocrx_word' id='word_1_316' title='bbox 1307 3474 1351 3543; x_wconf 91' lang='lat' dir='ltr'><strong>et,</strong></span> 
     </span>
    </p>
   </div>
   <div class='ocr_carea' id='block_1_7' title="bbox 250 3565 1352 3859">
    <p class='ocr_par' dir='ltr' id='par_1_8' title="bbox 250 3565 1352 3859">
     <span class='ocr_line' id='line_1_34' title="bbox 255 3565 1347 3652; baseline -0.003 -20"><span class='ocrx_word' id='word_1_317' title='bbox 255 3570 343 3652; x_wconf 89' lang='lat' dir='ltr'><strong>(quia</strong></span> <span class='ocrx_word' id='word_1_318' title='bbox 364 3568 502 3632; x_wconf 90' lang='lat' dir='ltr'><strong>eundem</strong></span> <span class='ocrx_word' id='word_1_319' title='bbox 525 3588 593 3630; x_wconf 89' lang='lat' dir='ltr'><strong>esse</strong></span> <span class='ocrx_word' id='word_1_320' title='bbox 609 3566 724 3649; x_wconf 85' lang='lat' dir='ltr'><strong>Legati</strong></span> <span class='ocrx_word' id='word_1_321' title='bbox 739 3574 772 3629; x_wconf 92' lang='lat' dir='ltr'><strong>et</strong></span> <span class='ocrx_word' id='word_1_322' title='bbox 787 3566 882 3648; x_wconf 86' lang='lat' dir='ltr'><strong>Papae</strong></span> <span class='ocrx_word' id='word_1_323' title='bbox 898 3566 1041 3629; x_wconf 90' lang='lat' dir='ltr'><strong>animum</strong></span> <span class='ocrx_word' id='word_1_324' title='bbox 1064 3565 1211 3628; x_wconf 87' lang='lat' dir='ltr'><strong>dubitare</strong></span> <span class='ocrx_word' id='word_1_325' title='bbox 1234 3566 1347 3649; x_wconf 88' lang='lat' dir='ltr'><strong>nefas‚)</strong></span> 
     </span>
     <span class='ocr_line' id='line_1_35' title="bbox 251 3668 1352 3753; baseline -0.004 -17"><span class='ocrx_word' id='word_1_326' title='bbox 251 3695 271 3735; x_wconf 86' lang='lat' dir='ltr'><strong>a</strong></span> <span class='ocrx_word' id='word_1_327' title='bbox 286 3671 439 3752; x_wconf 80' lang='lat' dir='ltr'><strong>Poetifice</strong></span> <span class='ocrx_word' id='word_1_328' title='bbox 454 3672 570 3753; x_wconf 91' lang='lat' dir='ltr'><strong>potius,</strong></span> <span class='ocrx_word' id='word_1_329' title='bbox 588 3691 684 3751; x_wconf 90' lang='lat' dir='ltr'><strong>quam</strong></span> <span class='ocrx_word' id='word_1_330' title='bbox 701 3691 763 3750; x_wconf 86' lang='lat' dir='ltr'><strong>pro</strong></span> <span class='ocrx_word' id='word_1_331' title='bbox 779 3668 952 3749; x_wconf 79' lang='lat' dir='ltr'><strong>Pontifiee:</strong></span> <span class='ocrx_word' id='word_1_332' title='bbox 977 3669 1031 3751; x_wconf 92' lang='lat' dir='ltr'><strong>qui</strong></span> <span class='ocrx_word' id='word_1_333' title='bbox 1051 3669 1138 3731; x_wconf 90' lang='lat' dir='ltr'><strong>hune</strong></span> <span class='ocrx_word' id='word_1_334' title='bbox 1154 3670 1183 3732; x_wconf 92' lang='lat' dir='ltr'><strong>ci</strong></span> <span class='ocrx_word' id='word_1_335' title='bbox 1199 3670 1352 3732; x_wconf 86' lang='lat' dir='ltr'><strong>aemulum</strong></span> 
     </span>
     <span class='ocr_line' id='line_1_36' title="bbox 250 3773 1352 3859; baseline -0.005 -19"><span class='ocrx_word' id='word_1_336' title='bbox 250 3777 353 3859; x_wconf 89' lang='lat' dir='ltr'><strong>primo</strong></span> <span class='ocrx_word' id='word_1_337' title='bbox 373 3775 522 3839; x_wconf 87' lang='lat' dir='ltr'><strong>obtrusit.</strong></span> <span class='ocrx_word' id='word_1_338' title='bbox 568 3773 724 3836; x_wconf 83' lang='lat' dir='ltr'><strong>Emunxit</strong></span> <span class='ocrx_word' id='word_1_339' title='bbox 751 3773 825 3835; x_wconf 89' lang='lat' dir='ltr'><strong>dein</strong></span> <span class='ocrx_word' id='word_1_340' title='bbox 851 3774 1034 3854; x_wconf 68' lang='lat' dir='ltr'><strong>octingentis</strong></span> <span class='ocrx_word' id='word_1_341' title='bbox 1055 3773 1180 3835; x_wconf 80' lang='lat' dir='ltr'><strong>Marcie</strong></span> <span class='ocrx_word' id='word_1_342' title='bbox 1205 3775 1352 3851; x_wconf 76' lang='lat' dir='ltr'><strong>Sencm⁸‚</strong></span> 
     </span>
    </p>
   </div>
   <div class='ocr_carea' id='block_1_8' title="bbox 250 3913 1353 4559">
    <p class='ocr_par' dir='ltr' id='par_1_9' title="bbox 251 3913 1353 4110">
     <span class='ocr_line' id='line_1_37' title="bbox 283 3913 1353 3992; baseline -0.003 -26"><span class='ocrx_word' id='word_1_343' title='bbox 283 3927 292 3948; x_wconf 90' lang='lat'>¹</span> <span class='ocrx_word' id='word_1_344' title='bbox 311 3918 402 3967; x_wconf 76' lang='lat' dir='ltr'><strong>Vitet</strong></span> <span class='ocrx_word' id='word_1_345' title='bbox 415 3916 509 3965; x_wconf 89' lang='lat' dir='ltr'><strong>Proees.</strong></span> <span class='ocrx_word' id='word_1_346' title='bbox 528 3914 574 3992; x_wconf 76' lang='grc'><strong>[8.]</strong></span> <span class='ocrx_word' id='word_1_347' title='bbox 587 3915 675 3964; x_wconf 78' lang='lat' dir='ltr'><strong>Thom.</strong></span> <span class='ocrx_word' id='word_1_348' title='bbox 693 3915 737 3964; x_wconf 90' lang='lat' dir='ltr'><strong>lib.</strong></span> <span class='ocrx_word' id='word_1_349' title='bbox 750 3915 778 3964; x_wconf 88' lang='lat' dir='ltr'><strong>ii.</strong></span> <span class='ocrx_word' id='word_1_350' title='bbox 822 3914 923 3973; x_wconf 87' lang='lat' dir='ltr'><strong>calcari,</strong></span> <span class='ocrx_word' id='word_1_351' title='bbox 950 3918 977 3965; x_wconf 86' lang='lat' dir='ltr'><strong>et</strong></span> <span class='ocrx_word' id='word_1_352' title='bbox 998 3914 1072 3964; x_wconf 86' lang='lat' dir='ltr'><strong>bonis</strong></span> <span class='ocrx_word' id='word_1_353' title='bbox 1094 3915 1146 3963; x_wconf 88' lang='lat' dir='ltr'><strong>suis</strong></span> <span class='ocrx_word' id='word_1_354' title='bbox 1170 3913 1353 3976; x_wconf 85' lang='lat' dir='ltr'><strong>temporalibus</strong></span> 
     </span>
     <span class='ocr_line' id='line_1_38' title="bbox 251 3979 1351 4045; baseline -0.005 -13"><span class='ocrx_word' id='word_1_355' title='bbox 251 3997 304 4045; x_wconf 85' lang='lat' dir='ltr'><strong>cap.</strong></span> <span class='ocrx_word' id='word_1_356' title='bbox 325 3986 363 4030; x_wconf 82' lang='lat'><strong>30.</strong></span> <span class='ocrx_word' id='word_1_357' title='bbox 387 3981 464 4044; x_wconf 84' lang='lat' dir='ltr'><strong>[sign.</strong></span> <span class='ocrx_word' id='word_1_358' title='bbox 486 3996 508 4029; x_wconf 84' lang='lat' dir='ltr'><strong>n.</strong></span> <span class='ocrx_word' id='word_1_359' title='bbox 527 3996 544 4029; x_wconf 89' lang='lat'><strong>1.</strong></span> <span class='ocrx_word' id='word_1_360' title='bbox 567 3981 613 4029; x_wconf 81' lang='lat' dir='ltr'><strong>col.</strong></span> <span class='ocrx_word' id='word_1_361' title='bbox 634 3981 671 4028; x_wconf 92' lang='lat' dir='ltr'><strong>iii.</strong></span> <span class='ocrx_word' id='word_1_362' title='bbox 699 3979 777 4029; x_wconf 89' lang='lat' dir='ltr'><strong>Paris.</strong></span> <span class='ocrx_word' id='word_1_363' title='bbox 822 3980 971 4029; x_wconf 82' lang='lat' dir='ltr'><strong>destitutum</strong></span> <span class='ocrx_word' id='word_1_364' title='bbox 988 3979 1148 4028; x_wconf 84' lang='lat' dir='ltr'><strong>libertatibus</strong></span> <span class='ocrx_word' id='word_1_365' title='bbox 1165 3980 1216 4026; x_wconf 84' lang='lat' dir='ltr'><strong>suis</strong></span> <span class='ocrx_word' id='word_1_366' title='bbox 1234 3979 1351 4041; x_wconf 84' lang='lat' dir='ltr'><strong>spoliari;</strong></span> 
     </span>
     <span class='ocr_line' id='line_1_39' title="bbox 253 4043 1353 4110; baseline -0.005 -15"><span class='ocrx_word' id='word_1_367' title='bbox 253 4046 336 4110; x_wconf 74' lang='lat' dir='ltr'><strong>mea]</strong></span> <span class='ocrx_word' id='word_1_368' title='bbox 821 4044 925 4093; x_wconf 85' lang='lat' dir='ltr'><strong>affectus</strong></span> <span class='ocrx_word' id='word_1_369' title='bbox 942 4048 981 4092; x_wconf 85' lang='lat' dir='ltr'><strong>est</strong></span> <span class='ocrx_word' id='word_1_370' title='bbox 1002 4043 1088 4102; x_wconf 71' lang='lat' dir='ltr'><strong>tedio,</strong></span> <span class='ocrx_word' id='word_1_371' title='bbox 1111 4043 1177 4106; x_wconf 91' lang='lat' dir='ltr'><strong>quod</strong></span> <span class='ocrx_word' id='word_1_372' title='bbox 1199 4043 1302 4101; x_wconf 84' lang='lat' dir='ltr'><strong>viveret,</strong></span> <span class='ocrx_word' id='word_1_373' title='bbox 1325 4048 1353 4091; x_wconf 92' lang='lat' dir='ltr'><strong>et</strong></span> 
     </span>
    </p>

    <p class='ocr_par' dir='ltr' id='par_1_10' title="bbox 250 4106 1352 4559">
     <span class='ocr_line' id='line_1_40' title="bbox 284 4106 1352 4175; baseline -0.004 -16"><span class='ocrx_word' id='word_1_374' title='bbox 284 4120 295 4142; x_wconf 83' lang='lat'>⁸</span> <span class='ocrx_word' id='word_1_375' title='bbox 311 4108 779 4175; x_wconf 86' lang='lat' dir='ltr'><strong>[·‘Etcisdemdicbus,cumdominus</strong></span> <span class='ocrx_word' id='word_1_376' title='bbox 821 4108 919 4157; x_wconf 83' lang='lat' dir='ltr'><strong>videret</strong></span> <span class='ocrx_word' id='word_1_377' title='bbox 944 4108 1010 4156; x_wconf 87' lang='lat' dir='ltr'><strong>muln</strong></span> <span class='ocrx_word' id='word_1_378' title='bbox 1038 4123 1112 4170; x_wconf 88' lang='lat' dir='ltr'><strong>super</strong></span> <span class='ocrx_word' id='word_1_379' title='bbox 1134 4112 1235 4156; x_wconf 82' lang='lat' dir='ltr'><strong>terram.</strong></span> <span class='ocrx_word' id='word_1_380' title='bbox 1270 4106 1352 4156; x_wconf 90' lang='lat' dir='ltr'><strong>Incre-</strong></span> 
     </span>
     <span class='ocr_line' id='line_1_41' title="bbox 252 4172 1352 4238; baseline -0.004 -14"><span class='ocrx_word' id='word_1_381' title='bbox 252 4176 462 4238; x_wconf 76' lang='lat' dir='ltr'><strong>Arehiepiseopus</strong></span> <span class='ocrx_word' id='word_1_382' title='bbox 496 4175 683 4223; x_wconf 80' lang='lat' dir='ltr'><strong>Cantuaricnsis</strong></span> <span class='ocrx_word' id='word_1_383' title='bbox 722 4173 778 4221; x_wconf 75' lang='lat' dir='ltr'><strong>AEd·</strong></span> <span class='ocrx_word' id='word_1_384' title='bbox 822 4187 932 4235; x_wconf 83' lang='lat' dir='ltr'><strong>pansque</strong></span> <span class='ocrx_word' id='word_1_385' title='bbox 952 4172 1046 4233; x_wconf 86' lang='lat' dir='ltr'><strong>Regem</strong></span> <span class='ocrx_word' id='word_1_386' title='bbox 1070 4172 1101 4220; x_wconf 87' lang='lat' dir='ltr'><strong>dc</strong></span> <span class='ocrx_word' id='word_1_387' title='bbox 1120 4172 1291 4234; x_wconf 84' lang='lat' dir='ltr'><strong>permissione,</strong></span> <span class='ocrx_word' id='word_1_388' title='bbox 1312 4172 1352 4220; x_wconf 90' lang='lat' dir='ltr'><strong>nil</strong></span> 
     </span>
     <span class='ocr_line' id='line_1_42' title="bbox 252 4235 1351 4303; baseline -0.004 -14"><span class='ocrx_word' id='word_1_389' title='bbox 252 4240 369 4298; x_wconf 87' lang='lat' dir='ltr'><strong>muudus,</strong></span> <span class='ocrx_word' id='word_1_390' title='bbox 380 4242 424 4303; x_wconf 90' lang='lat' dir='ltr'><strong>qui</strong></span> <span class='ocrx_word' id='word_1_391' title='bbox 438 4240 492 4303; x_wconf 90' lang='lat' dir='ltr'><strong>jam</strong></span> <span class='ocrx_word' id='word_1_392' title='bbox 509 4239 584 4287; x_wconf 69' lang='lat' dir='ltr'><strong>dictae</strong></span> <span class='ocrx_word' id='word_1_393' title='bbox 600 4238 726 4288; x_wconf 86' lang='lat' dir='ltr'><strong>exactioni</strong></span> <span class='ocrx_word' id='word_1_394' title='bbox 738 4237 777 4287; x_wconf 87' lang='lat' dir='ltr'><strong>de·</strong></span> <span class='ocrx_word' id='word_1_395' title='bbox 822 4238 872 4285; x_wconf 89' lang='lat' dir='ltr'><strong>nisi</strong></span> <span class='ocrx_word' id='word_1_396' title='bbox 884 4237 1019 4285; x_wconf 82' lang='lat' dir='ltr'><strong>dilationes</strong></span> <span class='ocrx_word' id='word_1_397' title='bbox 1030 4238 1174 4298; x_wconf 81' lang='lat' dir='ltr'><strong>reportavit.</strong></span> <span class='ocrx_word' id='word_1_398' title='bbox 1194 4235 1280 4285; x_wconf 77' lang='lat' dir='ltr'><strong>Variis</strong></span> <span class='ocrx_word' id='word_1_399' title='bbox 1290 4250 1351 4297; x_wconf 84' lang='lat' dir='ltr'><strong>ergo</strong></span> 
     </span>
     <span class='ocr_line' id='line_1_43' title="bbox 251 4300 1350 4368; baseline -0.005 -14"><span class='ocrx_word' id='word_1_400' title='bbox 251 4305 374 4355; x_wconf 80' lang='lat' dir='ltr'><strong>testandae</strong></span> <span class='ocrx_word' id='word_1_401' title='bbox 396 4310 549 4368; x_wconf 83' lang='lat' dir='ltr'><strong>spontaneus</strong></span> <span class='ocrx_word' id='word_1_402' title='bbox 569 4303 610 4352; x_wconf 88' lang='lat' dir='ltr'><strong>vel</strong></span> <span class='ocrx_word' id='word_1_403' title='bbox 633 4304 729 4351; x_wconf 85' lang='lat' dir='ltr'><strong>invitus</strong></span> <span class='ocrx_word' id='word_1_404' title='bbox 751 4317 777 4351; x_wconf 86' lang='lat' dir='ltr'><strong>sc</strong></span> <span class='ocrx_word' id='word_1_405' title='bbox 820 4302 949 4350; x_wconf 84' lang='lat' dir='ltr'><strong>lacessitus</strong></span> <span class='ocrx_word' id='word_1_406' title='bbox 963 4301 1071 4363; x_wconf 88' lang='lat' dir='ltr'><strong>injuriis,</strong></span> <span class='ocrx_word' id='word_1_407' title='bbox 1083 4301 1194 4358; x_wconf 73' lang='lat' dir='ltr'><strong>exulans,</strong></span> <span class='ocrx_word' id='word_1_408' title='bbox 1207 4300 1309 4348; x_wconf 88' lang='lat' dir='ltr'><strong>transiit</strong></span> <span class='ocrx_word' id='word_1_409' title='bbox 1322 4303 1350 4349; x_wconf 90' lang='lat' dir='ltr'><strong>in</strong></span> 
     </span>
     <span class='ocr_line' id='line_1_44' title="bbox 251 4363 1351 4433; baseline -0.004 -15"><span class='ocrx_word' id='word_1_410' title='bbox 251 4370 366 4433; x_wconf 83' lang='lat' dir='ltr'><strong>subjecit,</strong></span> <span class='ocrx_word' id='word_1_411' title='bbox 394 4371 550 4431; x_wconf 83' lang='lat' dir='ltr'><strong>octingentas</strong></span> <span class='ocrx_word' id='word_1_412' title='bbox 578 4382 674 4416; x_wconf 82' lang='lat' dir='ltr'><strong>marcas</strong></span> <span class='ocrx_word' id='word_1_413' title='bbox 701 4366 776 4429; x_wconf 71' lang='lat' dir='ltr'><strong>Papae</strong></span> <span class='ocrx_word' id='word_1_414' title='bbox 822 4364 1118 4427; x_wconf 80' lang='lat' dir='ltr'><strong>Franciam.¹&#39;]-l1uttli.</strong></span> <span class='ocrx_word' id='word_1_415' title='bbox 1141 4365 1219 4414; x_wconf 84' lang='lat' dir='ltr'><strong>Puris.</strong></span> <span class='ocrx_word' id='word_1_416' title='bbox 1239 4363 1272 4414; x_wconf 84' lang='lat' dir='ltr'><strong>ad</strong></span> <span class='ocrx_word' id='word_1_417' title='bbox 1290 4379 1351 4414; x_wconf 83' lang='lat' dir='ltr'><strong>ann.</strong></span> 
     </span>
     <span class='ocr_line' id='line_1_45' title="bbox 250 4431 1004 4493; baseline -0.007 -9"><span class='ocrx_word' id='word_1_418' title='bbox 250 4433 414 4492; x_wconf 86' lang='lat' dir='ltr'><strong>numerando,</strong></span> <span class='ocrx_word' id='word_1_419' title='bbox 427 4435 516 4483; x_wconf 84' lang='lat' dir='ltr'><strong>videns</strong></span> <span class='ocrx_word' id='word_1_420' title='bbox 534 4432 671 4481; x_wconf 83' lang='lat' dir='ltr'><strong>Ecclesiam</strong></span> <span class='ocrx_word' id='word_1_421' title='bbox 688 4432 776 4493; x_wconf 78' lang='lat' dir='ltr'><strong>Angli·</strong></span> <span class='ocrx_word' id='word_1_422' title='bbox 822 4432 893 4480; x_wconf 67' lang='lat'>1240.</span> <span class='ocrx_word' id='word_1_423' title='bbox 911 4445 935 4493; x_wconf 92' lang='lat' dir='ltr'><strong>p.</strong></span> <span class='ocrx_word' id='word_1_424' title='bbox 949 4431 1004 4480; x_wconf 75' lang='lat'>514.</span> 
     </span>
     <span class='ocr_line' id='line_1_46' title="bbox 251 4496 776 4559; baseline -0.008 -10"><span class='ocrx_word' id='word_1_425' title='bbox 251 4514 339 4549; x_wconf 80' lang='lat' dir='ltr'><strong>cunam</strong></span> <span class='ocrx_word' id='word_1_426' title='bbox 361 4499 450 4548; x_wconf 85' lang='lat' dir='ltr'><strong>diatim</strong></span> <span class='ocrx_word' id='word_1_427' title='bbox 471 4497 599 4559; x_wconf 79' lang='lat' dir='ltr'><strong>mugisse</strong></span> <span class='ocrx_word' id='word_1_428' title='bbox 621 4496 703 4558; x_wconf 85' lang='lat' dir='ltr'><strong>magis</strong></span> <span class='ocrx_word' id='word_1_429' title='bbox 720 4510 776 4545; x_wconf 89' lang='lat' dir='ltr'><strong>con·</strong></span> 
     </span>
    </p>
   </div>
   <div class='ocr_carea' id='block_1_9' title="bbox 79 4590 120 4635">
    <p class='ocr_par' dir='ltr' id='par_1_11' title="bbox 79 4590 120 4635">
     <span class='ocr_line' id='line_1_47' title="bbox 79 4590 120 4635; baseline 0 0"><span class='ocrx_word' id='word_1_430' title='bbox 79 4590 120 4635; x_wconf 68' lang='lat' dir='ltr'><strong>h.</strong></span> 
     </span>
    </p>
   </div>
   <div class='ocr_carea' id='block_1_10' title="bbox 0 0 1461 4926">
    <p class='ocr_par' dir='ltr' id='par_1_12' title="bbox 0 0 1461 4926">
     <span class='ocr_line' id='line_1_48' title="bbox 0 0 1461 4926; baseline 0 0"><span class='ocrx_word' id='word_1_431' title='bbox 0 0 1461 4926; x_wconf 95' lang='lat' dir='ltr'><strong> </strong></span> 
     </span>
    </p>
   </div>
  </div>
 </body>
</html>
