2910 4926
462 277 643 328 rrorocnu
665 282 847 329 nrsronsro.
1161 260 1202 323 41

102 436 170 514 scd,
185 444 223 499 ut
237 456 378 519 purpura
392 435 530 519 fulgeret
539 461 548 513 ;
572 445 615 515 et,
632 459 703 520 quae
718 437 832 500 molius
851 436 919 520 jam
935 445 1011 498 ante
1026 433 1205 516 scripserat,

103 562 239 624 quaeque
256 542 346 604 Sixto
357 541 506 605 Pontifici
528 542 730 605 stomachum
749 541 862 618 fecere,
878 544 1126 622 recopnorceret:
1151 538 1205 620 qui

102 647 234 730 obliquo
249 653 359 709 tamen
375 646 469 709 oculo
483 646 656 729 respiceret
670 646 771 728 (scio),
784 644 884 728 siquis
899 665 973 708 cum
989 642 1029 706 do
1043 642 1129 706 facto
1144 642 1205 706 lroe

101 751 291 831 Apostolum
307 750 468 816 scriberet.

137 895 219 945 Primi
238 900 322 946 autem
339 896 368 945 in
380 896 464 946 Sectis
481 911 606 947 eversores
618 896 755 948 Catholicae
767 896 825 946 tidci
837 900 864 947 ct
874 894 977 947 heresis
994 898 1088 946 setores
1103 895 1206 946 luerunt

168 978 217 1026 riri
230 977 333 1040 quidam
344 978 443 1028 factiosi
455 983 481 1028 et
493 978 640 1039 turbulenti,
660 994 722 1042 quos
733 978 869 1042 Apostolos
889 979 1018 1028 nominare
1035 977 1115 1027 seclus
1127 977 1205 1027 maxi·

169 1073 240 1107 mum
251 1063 323 1109 osset
341 1059 431 1122 Neque
442 1060 473 1109 do
486 1060 532 1111 hae
550 1076 576 1110 ro
588 1061 652 1110 mihi
664 1061 741 1110 fidem
752 1061 840 1110 haberi
850 1061 915 1120 volo,
927 1059 970 1109 sed
983 1059 1052 1122 negt
1078 1059 1120 1108 Sic
1136 1061 1205 1108 euim

170 1140 214 1189 ille
224 1177 229 1189 .
238 1177 244 1189 .
254 1177 260 1189 .
270 1142 297 1190 in
307 1140 415 1191 Basilice
424 1142 499 1202 Doro,
511 1143 556 1192 lib.
562 1144 589 1192 ii.
600 1159 624 1207 p.
634 1145 665 1193 lt)
676 1148 703 1193 et
711 1144 750 1192 41.
763 1143 921 1192 ‘Reformata
928 1141 1026 1204 Religio
1038 1143 1065 1190 in
1076 1141 1141 1191 hane
1152 1156 1207 1191 nos·

170 1227 236 1271 tram
245 1222 354 1273 Scotiarn
364 1223 452 1272 divino
464 1224 537 1286 plane
546 1225 667 1274 miraculo
676 1225 820 1274 introducta
828 1228 873 1283 cst,
884 1226 934 1273 tte)
965 1224 998 1272 Et
1006 1224 1080 1288 paulo
1088 1227 1151 1286 post,
1162 1221 1207 1271 ‘ln

169 1303 214 1353 illa
225 1309 250 1354 et
262 1318 345 1353 rernm
356 1310 382 1353 et
390 1308 533 1368 temporum
545 1306 690 1356 contusione
701 1307 751 1354 orti
764 1310 824 1354 sunt
836 1305 939 1368 quidam
951 1306 1033 1367 igneae
1045 1313 1142 1354 naturrc
1153 1317 1208 1352 eon·

170 1385 316 1444 cionatorcs,
327 1385 483 1451 ees-[nen.
496 1388 572 1452 Apol.
582 1403 628 1452 pro
640 1387 728 1452 Resp]
747 1402 771 1450 p.
781 1390 819 1436 10.
834 1387 904 1451 [Op.,
916 1390 976 1435 tom.
984 1386 1027 1435 vii.
1040 1386 1085 1436 col.
1098 1385 1112 1436 i
1116 1387 1153 1434 10.
1164 1384 1206 1446 t'.]

151 1494 265 1558 Scotiae
290 1516 366 1559 vcro
396 1495 512 1579 injuria
537 1519 656 1580 magna
678 1497 725 1573 fit,
751 1495 832 1577 Regi
858 1494 1015 1558 maxima:
1050 1494 1143 1577 cujus
1168 1492 1208 1555 de
1232 1499 1363 1576 Quppodo

104 1597 187 1661 libro
202 1597 287 1681 qnod
303 1599 413 1662 citavit
430 1600 620 1677 Cardinalis,
636 1601 683 1664 ita
703 1600 823 1677 citavit,
840 1607 878 1662 ut
899 1599 1010 1662 stricto
1027 1598 1099 1682 jure
1124 1597 1207 1661 actio
1220 1564 1353 1693 ,lxfflw

103 1701 272 1764 calumniae
287 1701 321 1764 in
337 1723 411 1765 eum
426 1702 554 1766 institui
569 1703 678 1786 possit.
722 1703 821 1780 Nam,
837 1701 895 1765 ubi
910 1703 989 1780 Rex,
1008 1703 1083 1764 Cum
1098 1703 1206 1779 multa,
1220 1694 1345 1810 ῖθῡιῐιθῑθῐ·

103 1806 137 1869 id
153 1806 206 1869 ille
222 1807 266 1869 sie
281 1806 406 1889 accipit,
422 1807 467 1871 eie
481 1808 589 1885 refert,
606 1808 695 1891 quasi
711 1808 850 1883 dixisset,
866 1806 941 1868 Cum
957 1808 1078 1869 omniuo
1093 1806 1206 1868 omnio.
1220 1774 1263 1810 m
1299 1758 1310 1823 i

104 1908 151 1972 Et
166 1907 231 1985 ubi,
248 1909 310 1970 orti
329 1914 401 1971 eunt
417 1910 551 1990 quidam,
569 1911 658 1973 Rex:
682 1910 715 1973 id
736 1918 794 1988 est,
815 1907 998 1991 (Cardinale
1017 1909 1203 1991 interprete)

104 2031 143 2074 ac
158 2011 185 2073 si
200 2032 266 2075 non
282 2012 430 2092 quosdam
446 2012 586 2090 dixisset,
603 2012 658 2075 scd
678 2012 772 2095 plane
786 2012 953 2073 ualemus.
998 2010 1115 2094 Neque
1133 2031 1208 2073 vero

104 2137 224 2179 norum
238 2115 283 2192 id,
299 2115 349 2178 vel
365 2115 404 2178 de
419 2137 492 2179 raro
507 2115 778 2198 contingentibus,
794 2122 831 2178 ut
846 2113 887 2177 ed
902 2135 982 2197 opus
996 2135 1016 2176 a
1030 2114 1101 2178 Deo
1115 2114 1207 2177 insti-

105 2226 213 2282 tutum
234 2219 369 2282 afferant
392 2240 476 2303 saepe
496 2219 642 2284 homines
664 2219 819 2300 infimum
840 2239 938 2295 cuum,
954 2225 992 2281 ut
1014 2240 1033 2281 a
1055 2219 1208 2302 praeclaro

104 2323 247 2406 incoepto
276 2345 342 2387 non
377 2345 501 2406 semper
531 2323 613 2387 absit
650 2324 823 2386 temeritas.
885 2324 996 2386 Bonus
1026 2323 1208 2406 Imperator

105 2427 235 2510 Jcptlrc,
252 2448 311 2490 nec
334 2427 403 2490 sino
423 2428 517 2510 jussu
533 2427 594 2490 Dei
613 2448 701 2510 opus,
718 2427 804 2509 quod
819 2448 989 2510 aggressus
1009 2433 1060 2489 cst
1070 2453 1080 2504 ;
1104 2433 1136 2490 et
1152 2426 1208 2490 ad-

104 2531 235 2594 miscuit
251 2539 361 2594 tamen
376 2532 405 2595 ei
420 2532 486 2596 voti
501 2532 741 2595 temeritatcmf.
775 2532 879 2594 David
893 2552 968 2594 vero
983 2531 1032 2593 vir
1045 2531 1211 2593 secundum

105 2656 161 2697 cor
175 2636 269 2697 Dci⁸.·
290 2636 345 2719 qui
368 2645 488 2700 temero
510 2645 622 2699 tamen
641 2636 869 2720 jusjurandum
890 2636 1007 2713 emisit,
1023 2635 1064 2699 de
1083 2634 1210 2699 Nabale

104 2759 179 2801 eum
195 2738 316 2801 familia
336 2747 407 2802 tota
428 2738 670 2802 exscindendo&
716 2739 761 2801 At
781 2738 842 2801 hoe
865 2745 986 2820 quanto
1008 2738 1119 2820 magis,
1135 2758 1209 2801 cum

108 2841 207 2924 (quod
222 2864 281 2906 nee
296 2844 400 2927 ipsum
416 2844 558 2907 insolens
575 2844 634 2924 est)
649 2841 828 2927 adjungant
843 2863 875 2904 sc
891 2863 973 2924 saepe
988 2843 1125 2923 operarii
1139 2843 1209 2904 rub-

105 2945 193 3007 doliu
208 2945 248 3008 ad
271 2947 354 3010 viros
377 2947 479 3010 bonos
502 2954 657 3028 tanquam
679 2945 983 3028 prnticipesoperis,
1006 2947 1209 3028 (procurante

105 3070 174 3111 rcrn
207 3051 337 3132 Satana)
372 3072 446 3134 quo,
477 3071 588 3113 corum
618 3049 812 3126 interventu,
843 3070 912 3111 rem
943 3056 1045 3112 totam
1075 3058 1208 3114 evertat.

106 3152 213 3215 Etiam
231 3174 269 3215 cx
285 3153 332 3230 iis,
344 3154 397 3236 qui
413 3155 614 3216 Servatorem
630 3152 734 3234 ipsum
751 3153 853 3215 secuti
868 3160 955 3228 sunt,
968 3153 1112 3237 plerique
1124 3156 1209 3217 Eum

105 3262 236 3339 propter
256 3255 420 3338 spirituale
440 3255 522 3318 nihil
546 3254 750 3338 quaesicrunt,
772 3255 828 3318 sed
849 3276 912 3337 quo
934 3256 1157 3319 manducarent
1172 3257 1210 3319 dc

103 3362 264 3444 pun-ibus',
281 3367 311 3424 et
330 3363 431 3424 saturi
447 3361 686 3423 demonstrent:
709 3360 781 3423 Nee
796 3359 869 3423 ideo
889 3367 1008 3438 tamen,
1026 3361 1080 3443 qui
1096 3362 1208 3424 Serva-

106 3472 210 3529 torem
240 3472 429 3548 sequuntur,
459 3486 526 3527 non
557 3463 719 3526 laudandi.
772 3464 817 3526 Ilt
846 3462 899 3526 hie
925 3463 1103 3527 Cardinalis
1133 3487 1209 3528 eon-

107 3569 274 3632 scientiam
303 3570 405 3653 pulso.
470 3569 552 3634 Quae
582 3589 647 3630 non
675 3567 723 3629 ita
751 3566 875 3649 pridem
905 3566 1021 3629 oceidit
1050 3567 1209 3632 Indorum

106 3673 278 3751 conversio,
301 3674 408 3755 (opera
428 3678 547 3748 autom,
564 3680 601 3733 ut
619 3670 732 3747 fertur,
750 3671 770 3733 J
772 3670 958 3752 esuitarum)
979 3692 1088 3735 annon
1105 3672 1141 3736 in
1161 3695 1208 3753 ca,

106 3786 227 3841 temere
243 3784 331 3860 gesta
345 3777 497 3859 pleraque
513 3783 545 3837 et
557 3796 640 3838 coeco
655 3775 800 3858 impetu?
844 3775 987 3839 Nullane
1002 3776 1160 3859 cupiditas
1174 3778 1210 3842 in

107 3902 153 3959 ca,
171 3888 226 3943 aut
248 3901 337 3943 sacra
358 3879 460 3942 fames
481 3878 646 3941 dominata
660 3881 735 3941 est?
781 3881 902 3942 Annon
918 3899 987 3942 earn
1004 3881 1109 3962 ipneoe,
1126 3881 1210 3945 addo

107 3985 214 4062 ctiam,
234 3983 351 4064 ferree
370 3991 496 4045 naturae
518 3980 665 4044 homiues
682 3983 822 4045 exsecuti
838 3985 937 4045 sunt?
984 3985 1049 4050 Qui
1064 3985 1098 4049 in
1114 3986 1210 4050 mise·

106 4109 158 4151 ros
173 4088 246 4151 illos
262 4092 295 4150 ct
310 4085 494 4149 seminudos
510 4083 669 4148 Barbaros
683 4084 859 4148 horrendas
880 4094 1005 4169 strages
1020 4087 1208 4154 ediderunt:

106 4189 186 4252 adeo
201 4196 310 4251 autern
332 4185 517 4264 horrendas,
533 4194 571 4248 ut
592 4206 702 4247 carum
724 4187 843 4249 similes
863 4187 951 4251 haud
971 4211 1106 4272 usquam
1124 4193 1209 4274 quis-

139 4347 425 4412 ¹[Num.xi.30,31.]
709 4355 720 4376 ¹
750 4345 947 4411 lOor.xi.13.]

139 4424 147 4444 ¹
164 4417 190 4477 [l
204 4415 271 4462 Sam.
284 4413 338 4460 xiii.
352 4411 400 4473 lt]
711 4419 720 4439 '
752 4410 825 4460 Joan.
838 4413 870 4461 ri.
884 4412 934 4476 to]

140 4484 146 4508 ¹
167 4480 192 4541 [l
207 4480 273 4527 Sam.
286 4493 344 4526 uxr.
359 4478 409 4541 22]
