<?xml version="1.0" encoding="UTF-8"?>
<!DOCTYPE html PUBLIC "-//W3C//DTD XHTML 1.0 Transitional//EN"
    "http://www.w3.org/TR/xhtml1/DTD/xhtml1-transitional.dtd">
<html xmlns="http://www.w3.org/1999/xhtml" xml:lang="en" lang="en">
 <head>
  <title>
</title>
<meta http-equiv="Content-Type" content="text/html;charset=utf-8" />
  <meta name='ocr-system' content='tesseract 3.04.00' />
  <meta name='ocr-capabilities' content='ocr_page ocr_carea ocr_par ocr_line ocrx_word'/>
</head>
<body>
  <div class='ocr_page' id='page_1' title='image "./responsioadapol00andrgoog_0362.png"; bbox 0 0 2910 4926; ppageno 0'>
   <div class='ocr_carea' id='block_1_1' title="bbox 457 274 1203 336">
    <p class='ocr_par' dir='ltr' id='par_1_1' title="bbox 457 274 1203 336">
     <span class='ocr_line' id='line_1_1' title="bbox 457 274 1203 336; baseline 0.001 -1"><span class='ocrx_word' id='word_1_1' title='bbox 457 286 640 336; x_wconf 69' lang='lat' dir='ltr'><strong>morconis</strong></span> <span class='ocrx_word' id='word_1_2' title='bbox 662 287 844 336; x_wconf 80' lang='lat' dir='ltr'><strong>assrousro.</strong></span> <span class='ocrx_word' id='word_1_3' title='bbox 1137 274 1203 336; x_wconf 84' lang='lat'><strong>319</strong></span> 
     </span>
    </p>
   </div>
   <div class='ocr_carea' id='block_1_2' title="bbox 103 440 1366 834">
    <p class='ocr_par' dir='ltr' id='par_1_2' title="bbox 103 440 1366 834">
     <span class='ocr_line' id='line_1_2' title="bbox 147 440 1321 572; baseline 0 -65"><span class='ocrx_word' id='word_1_4' title='bbox 147 441 270 508; x_wconf 82' lang='lat' dir='ltr'><strong>Quodsi</strong></span> <span class='ocrx_word' id='word_1_5' title='bbox 282 448 314 505; x_wconf 89' lang='lat' dir='ltr'><strong>et</strong></span> <span class='ocrx_word' id='word_1_6' title='bbox 329 441 369 505; x_wconf 93' lang='lat' dir='ltr'><strong>de</strong></span> <span class='ocrx_word' id='word_1_7' title='bbox 388 443 460 505; x_wconf 81' lang='lat' dir='ltr'><strong>Celo</strong></span> <span class='ocrx_word' id='word_1_8' title='bbox 476 442 666 507; x_wconf 84' lang='lat' dir='ltr'><strong>dicendum:</strong></span> <span class='ocrx_word' id='word_1_9' title='bbox 689 463 749 506; x_wconf 90' lang='lat' dir='ltr'><strong>neo</strong></span> <span class='ocrx_word' id='word_1_10' title='bbox 763 441 809 506; x_wconf 91' lang='lat' dir='ltr'><strong>ibi</strong></span> <span class='ocrx_word' id='word_1_11' title='bbox 824 440 976 506; x_wconf 87' lang='lat' dir='ltr'><strong>contrarii</strong></span> <span class='ocrx_word' id='word_1_12' title='bbox 991 441 1078 523; x_wconf 86' lang='lat' dir='ltr'><strong>quid.</strong></span> <span class='ocrx_word' id='word_1_13' title='bbox 1116 441 1204 506; x_wconf 88' lang='lat' dir='ltr'><strong>Nam</strong></span> <span class='ocrx_word' id='word_1_14' title='bbox 1217 457 1255 572; x_wconf 62' lang='lat' dir='ltr'><strong>qiu</strong></span> <span class='ocrx_word' id='word_1_15' title='bbox 1267 462 1321 507; x_wconf 77' lang='lat' dir='ltr'><strong>coto</strong></span> 
     </span>
     <span class='ocr_line' id='line_1_3' title="bbox 103 538 1366 651; baseline 0 -43"><span class='ocrx_word' id='word_1_16' title='bbox 103 546 175 627; x_wconf 88' lang='lat' dir='ltr'><strong>quis</strong></span> <span class='ocrx_word' id='word_1_17' title='bbox 203 553 317 628; x_wconf 84' lang='lat' dir='ltr'><strong>typum</strong></span> <span class='ocrx_word' id='word_1_18' title='bbox 348 545 447 609; x_wconf 84' lang='lat' dir='ltr'><strong>fuisse</strong></span> <span class='ocrx_word' id='word_1_19' title='bbox 473 545 576 609; x_wconf 88' lang='lat' dir='ltr'><strong>nescit</strong></span> <span class='ocrx_word' id='word_1_20' title='bbox 603 546 791 624; x_wconf 88' lang='lat' dir='ltr'><strong>Servatoris,</strong></span> <span class='ocrx_word' id='word_1_21' title='bbox 815 544 924 608; x_wconf 88' lang='lat' dir='ltr'><strong>triduo</strong></span> <span class='ocrx_word' id='word_1_22' title='bbox 950 543 1091 628; x_wconf 79' lang='lat' dir='ltr'>absorpti</span> <span class='ocrx_word' id='word_1_23' title='bbox 1115 545 1205 628; x_wconf 87' lang='lat' dir='ltr'><strong>quasi</strong></span> <span class='ocrx_word' id='word_1_24' title='bbox 1218 538 1366 651; x_wconf 49' lang='lat' dir='ltr'><strong>effimeq</strong></span> 
     </span>
     <span class='ocr_line' id='line_1_4' title="bbox 103 648 1204 732; baseline 0.002 -21"><span class='ocrx_word' id='word_1_25' title='bbox 103 671 123 711; x_wconf 86' lang='lat' dir='ltr'><strong>s</strong></span> <span class='ocrx_word' id='word_1_26' title='bbox 144 650 298 732; x_wconf 81' lang='lat' dir='ltr'><strong>sepulcro,</strong></span> <span class='ocrx_word' id='word_1_27' title='bbox 322 649 418 713; x_wconf 85' lang='lat' dir='ltr'><strong>tertio</strong></span> <span class='ocrx_word' id='word_1_28' title='bbox 437 656 510 732; x_wconf 94' lang='lat' dir='ltr'><strong>post</strong></span> <span class='ocrx_word' id='word_1_29' title='bbox 533 648 583 712; x_wconf 91' lang='lat' dir='ltr'><strong>die</strong></span> <span class='ocrx_word' id='word_1_30' title='bbox 606 649 691 726; x_wconf 86' lang='lat' dir='ltr'><strong>inde,</strong></span> <span class='ocrx_word' id='word_1_31' title='bbox 708 649 799 732; x_wconf 84' lang='lat' dir='ltr'><strong>quasi</strong></span> <span class='ocrx_word' id='word_1_32' title='bbox 819 648 859 712; x_wconf 87' lang='lat' dir='ltr'><strong>de</strong></span> <span class='ocrx_word' id='word_1_33' title='bbox 874 655 985 712; x_wconf 83' lang='lat' dir='ltr'><strong>ventre</strong></span> <span class='ocrx_word' id='word_1_34' title='bbox 1004 649 1081 728; x_wconf 83' lang='lat' dir='ltr'><strong>Ceti,</strong></span> <span class='ocrx_word' id='word_1_35' title='bbox 1098 670 1204 713; x_wconf 87' lang='lat' dir='ltr'><strong>erum·</strong></span> 
     </span>
     <span class='ocr_line' id='line_1_5' title="bbox 103 752 930 834; baseline 0.001 -21"><span class='ocrx_word' id='word_1_36' title='bbox 103 752 231 833; x_wconf 80' lang='lat' dir='ltr'><strong>pentis?</strong></span> <span class='ocrx_word' id='word_1_37' title='bbox 255 761 350 834; x_wconf 84' lang='lat' dir='ltr'><strong>etque</strong></span> <span class='ocrx_word' id='word_1_38' title='bbox 365 753 437 829; x_wconf 89' lang='lat' dir='ltr'><strong>hoc,</strong></span> <span class='ocrx_word' id='word_1_39' title='bbox 455 754 644 816; x_wconf 84' lang='lat' dir='ltr'><strong>Servatore¹</strong></span> <span class='ocrx_word' id='word_1_40' title='bbox 660 752 729 834; x_wconf 91' lang='lat' dir='ltr'><strong>ipso</strong></span> <span class='ocrx_word' id='word_1_41' title='bbox 744 752 930 834; x_wconf 81' lang='lat' dir='ltr'><strong>interprete.</strong></span> 
     </span>
    </p>
   </div>
   <div class='ocr_carea' id='block_1_3' title="bbox 136 887 1204 1042">
    <p class='ocr_par' dir='ltr' id='par_1_3' title="bbox 136 887 1204 1042">
     <span class='ocr_line' id='line_1_6' title="bbox 136 887 1204 961; baseline 0.001 -17"><span class='ocrx_word' id='word_1_42' title='bbox 136 894 170 944; x_wconf 83' lang='lat' dir='ltr'><strong>Et</strong></span> <span class='ocrx_word' id='word_1_43' title='bbox 189 897 232 959; x_wconf 86' lang='lat' dir='ltr'><strong>qui</strong></span> <span class='ocrx_word' id='word_1_44' title='bbox 251 898 332 946; x_wconf 84' lang='lat' dir='ltr'><strong>corvis</strong></span> <span class='ocrx_word' id='word_1_45' title='bbox 352 898 479 961; x_wconf 79' lang='lat' dir='ltr'><strong>proecepit,</strong></span> <span class='ocrx_word' id='word_1_46' title='bbox 491 901 520 946; x_wconf 89' lang='lat' dir='ltr'><strong>ut</strong></span> <span class='ocrx_word' id='word_1_47' title='bbox 537 896 570 946; x_wconf 86' lang='lat' dir='ltr'><strong>ad</strong></span> <span class='ocrx_word' id='word_1_48' title='bbox 580 887 669 947; x_wconf 55' lang='lat' dir='ltr'><strong>&#39;Elism</strong></span> <span class='ocrx_word' id='word_1_49' title='bbox 687 911 763 960; x_wconf 85' lang='lat' dir='ltr'><strong>panes</strong></span> <span class='ocrx_word' id='word_1_50' title='bbox 779 901 806 947; x_wconf 86' lang='lat' dir='ltr'><strong>st</strong></span> <span class='ocrx_word' id='word_1_51' title='bbox 821 910 908 946; x_wconf 82' lang='lat' dir='ltr'><strong>camos</strong></span> <span class='ocrx_word' id='word_1_52' title='bbox 918 894 959 946; x_wconf 85' lang='lat' dir='ltr'><strong>bis</strong></span> <span class='ocrx_word' id='word_1_53' title='bbox 975 896 1003 945; x_wconf 87' lang='lat' dir='ltr'><strong>ln</strong></span> <span class='ocrx_word' id='word_1_54' title='bbox 1019 895 1061 945; x_wconf 87' lang='lat' dir='ltr'><strong>dis</strong></span> <span class='ocrx_word' id='word_1_55' title='bbox 1072 895 1204 946; x_wconf 73' lang='lat' dir='ltr'><strong>deferrent.</strong></span> 
     </span>
     <span class='ocr_line' id='line_1_7' title="bbox 169 976 1187 1042; baseline 0.001 -16"><span class='ocrx_word' id='word_1_56' title='bbox 169 981 184 1026; x_wconf 82' lang='grc'><strong>3</strong></span> <span class='ocrx_word' id='word_1_57' title='bbox 197 977 256 1041; x_wconf 82' lang='lat' dir='ltr'><strong>Reg.</strong></span> <span class='ocrx_word' id='word_1_58' title='bbox 269 979 441 1042; x_wconf 75' lang='lat' dir='ltr'><strong>xvii-[Bell.</strong></span> <span class='ocrx_word' id='word_1_59' title='bbox 453 979 527 1042; x_wconf 83' lang='lat' dir='ltr'><strong>Apol.</strong></span> <span class='ocrx_word' id='word_1_60' title='bbox 540 993 585 1041; x_wconf 87' lang='lat' dir='ltr'><strong>pro</strong></span> <span class='ocrx_word' id='word_1_61' title='bbox 597 977 685 1042; x_wconf 83' lang='lat' dir='ltr'><strong>Resp]</strong></span> <span class='ocrx_word' id='word_1_62' title='bbox 699 994 723 1042; x_wconf 91' lang='lat' dir='ltr'><strong>p.</strong></span> <span class='ocrx_word' id='word_1_63' title='bbox 737 981 792 1029; x_wconf 74' lang='lat'><strong>134.</strong></span> <span class='ocrx_word' id='word_1_64' title='bbox 806 977 875 1042; x_wconf 55' lang='lat' dir='ltr'><strong>[0p0,</strong></span> <span class='ocrx_word' id='word_1_65' title='bbox 886 982 948 1027; x_wconf 90' lang='lat' dir='ltr'><strong>tom.</strong></span> <span class='ocrx_word' id='word_1_66' title='bbox 958 977 1002 1031; x_wconf 78' lang='lat' dir='ltr'><strong>vll.</strong></span> <span class='ocrx_word' id='word_1_67' title='bbox 1014 978 1060 1027; x_wconf 86' lang='lat' dir='ltr'><strong>eol.</strong></span> <span class='ocrx_word' id='word_1_68' title='bbox 1073 977 1128 1030; x_wconf 74' lang='lat' dir='ltr'><strong>rra</strong></span> <span class='ocrx_word' id='word_1_69' title='bbox 1140 976 1187 1040; x_wconf 84' lang='lat' dir='ltr'><strong>D.]</strong></span> 
     </span>
    </p>
   </div>
   <div class='ocr_carea' id='block_1_4' title="bbox 57 1078 1369 2404">
    <p class='ocr_par' dir='ltr' id='par_1_4' title="bbox 57 1078 1369 2404">
     <span class='ocr_line' id='line_1_8' title="bbox 147 1078 1347 1204; baseline -0.001 -63"><span class='ocrx_word' id='word_1_70' title='bbox 147 1079 256 1141; x_wconf 82' lang='lat' dir='ltr'><strong>Etiam</strong></span> <span class='ocrx_word' id='word_1_71' title='bbox 277 1080 312 1141; x_wconf 94' lang='lat' dir='ltr'><strong>in</strong></span> <span class='ocrx_word' id='word_1_72' title='bbox 330 1080 438 1142; x_wconf 75' lang='lat' dir='ltr'><strong>Corsis</strong></span> <span class='ocrx_word' id='word_1_73' title='bbox 454 1080 578 1143; x_wconf 79' lang='lat' dir='ltr'><strong>illustre</strong></span> <span class='ocrx_word' id='word_1_74' title='bbox 599 1080 714 1143; x_wconf 80' lang='lat' dir='ltr'><strong>emieat</strong></span> <span class='ocrx_word' id='word_1_75' title='bbox 738 1079 853 1143; x_wconf 88' lang='lat' dir='ltr'><strong>divinae</strong></span> <span class='ocrx_word' id='word_1_76' title='bbox 875 1078 1083 1162; x_wconf 82' lang='lat' dir='ltr'><strong>providentiae</strong></span> <span class='ocrx_word' id='word_1_77' title='bbox 1099 1099 1203 1143; x_wconf 85' lang='lat' dir='ltr'><strong>exem·</strong></span> <span class='ocrx_word' id='word_1_78' title='bbox 1217 1089 1347 1204; x_wconf 54' lang='grc' dir='ltr'><strong>ἓηοοηῑι</strong></span> 
     </span>
     <span class='ocr_line' id='line_1_9' title="bbox 104 1155 1369 1284; baseline 0 -38"><span class='ocrx_word' id='word_1_79' title='bbox 104 1183 204 1266; x_wconf 92' lang='lat' dir='ltr'><strong>plum,</strong></span> <span class='ocrx_word' id='word_1_80' title='bbox 221 1205 292 1266; x_wconf 88' lang='lat' dir='ltr'><strong>quae</strong></span> <span class='ocrx_word' id='word_1_81' title='bbox 312 1204 378 1247; x_wconf 93' lang='lat' dir='ltr'><strong>non</strong></span> <span class='ocrx_word' id='word_1_82' title='bbox 399 1183 502 1247; x_wconf 91' lang='lat' dir='ltr'><strong>solum</strong></span> <span class='ocrx_word' id='word_1_83' title='bbox 517 1185 623 1265; x_wconf 77' lang='lat' dir='ltr'><strong>pullos</strong></span> <span class='ocrx_word' id='word_1_84' title='bbox 643 1204 803 1247; x_wconf 73' lang='lat' dir='ltr'><strong>corvorum</strong></span> <span class='ocrx_word' id='word_1_85' title='bbox 820 1185 971 1264; x_wconf 55' lang='lat' dir='ltr'><strong>pascite.-</strong></span> <span class='ocrx_word' id='word_1_86' title='bbox 995 1181 1052 1246; x_wconf 91' lang='lat' dir='ltr'><strong>sed</strong></span> <span class='ocrx_word' id='word_1_87' title='bbox 1071 1203 1129 1266; x_wconf 87' lang='lat' dir='ltr'><strong>per</strong></span> <span class='ocrx_word' id='word_1_88' title='bbox 1150 1200 1204 1246; x_wconf 77' lang='lat' dir='ltr'><strong>eos</strong></span> <span class='ocrx_word' id='word_1_89' title='bbox 1217 1155 1369 1284; x_wconf 58' lang='lat' dir='ltr'><strong>oeffiffi&#39;</strong></span> 
     </span>
     <span class='ocr_line' id='line_1_10' title="bbox 104 1286 1205 1370; baseline 0.002 -22"><span class='ocrx_word' id='word_1_90' title='bbox 104 1286 213 1368; x_wconf 86' lang='lat' dir='ltr'><strong>pascit,</strong></span> <span class='ocrx_word' id='word_1_91' title='bbox 231 1288 285 1369; x_wconf 90' lang='lat' dir='ltr'><strong>qui</strong></span> <span class='ocrx_word' id='word_1_92' title='bbox 305 1289 410 1368; x_wconf 82' lang='lat' dir='ltr'><strong>pluris</strong></span> <span class='ocrx_word' id='word_1_93' title='bbox 433 1289 481 1350; x_wconf 85' lang='lat' dir='ltr'><strong>illi</strong></span> <span class='ocrx_word' id='word_1_94' title='bbox 504 1294 583 1363; x_wconf 82' lang='lat' dir='ltr'><strong>sunt,</strong></span> <span class='ocrx_word' id='word_1_95' title='bbox 608 1308 700 1369; x_wconf 83' lang='lat' dir='ltr'><strong>quom</strong></span> <span class='ocrx_word' id='word_1_96' title='bbox 726 1291 811 1352; x_wconf 79' lang='lat' dir='ltr'><strong>corvi</strong></span> <span class='ocrx_word' id='word_1_97' title='bbox 833 1289 953 1351; x_wconf 82' lang='lat' dir='ltr'><strong>multi¹.</strong></span> <span class='ocrx_word' id='word_1_98' title='bbox 1000 1286 1041 1351; x_wconf 92' lang='lat' dir='ltr'><strong>Id</strong></span> <span class='ocrx_word' id='word_1_99' title='bbox 1065 1287 1151 1370; x_wconf 90' lang='lat' dir='ltr'><strong>quod</strong></span> <span class='ocrx_word' id='word_1_100' title='bbox 1172 1294 1205 1351; x_wconf 91' lang='lat' dir='ltr'><strong>et</strong></span> 
     </span>
     <span class='ocr_line' id='line_1_11' title="bbox 105 1388 1206 1471; baseline 0.005 -21"><span class='ocrx_word' id='word_1_101' title='bbox 105 1388 259 1471; x_wconf 81' lang='lat' dir='ltr'><strong>singulari</strong></span> <span class='ocrx_word' id='word_1_102' title='bbox 280 1391 393 1454; x_wconf 79' lang='lat' dir='ltr'><strong>solatio</strong></span> <span class='ocrx_word' id='word_1_103' title='bbox 412 1392 563 1454; x_wconf 82' lang='lat' dir='ltr'><strong>Ecclesiae</strong></span> <span class='ocrx_word' id='word_1_104' title='bbox 577 1391 650 1470; x_wconf 87' lang='lat' dir='ltr'><strong>fuit,</strong></span> <span class='ocrx_word' id='word_1_105' title='bbox 666 1399 699 1455; x_wconf 91' lang='lat' dir='ltr'><strong>et</strong></span> <span class='ocrx_word' id='word_1_106' title='bbox 721 1391 814 1456; x_wconf 89' lang='lat' dir='ltr'><strong>nobis</strong></span> <span class='ocrx_word' id='word_1_107' title='bbox 837 1399 904 1454; x_wconf 90' lang='lat' dir='ltr'><strong>est:</strong></span> <span class='ocrx_word' id='word_1_108' title='bbox 928 1392 968 1454; x_wconf 88' lang='lat' dir='ltr'><strong>Ei</strong></span> <span class='ocrx_word' id='word_1_109' title='bbox 990 1413 1049 1455; x_wconf 92' lang='lat' dir='ltr'><strong>nos</strong></span> <span class='ocrx_word' id='word_1_110' title='bbox 1065 1391 1206 1455; x_wconf 91' lang='lat' dir='ltr'><strong>Domino</strong></span> 
     </span>
     <span class='ocr_line' id='line_1_12' title="bbox 57 1494 1205 1578; baseline 0.003 -24"><span class='ocrx_word' id='word_1_111' title='bbox 57 1570 60 1576; x_wconf 21' lang='grc' dir='ltr'>Ι</span> <span class='ocrx_word' id='word_1_112' title='bbox 105 1512 234 1573; x_wconf 80' lang='lat' dir='ltr'><strong>operam</strong></span> <span class='ocrx_word' id='word_1_113' title='bbox 253 1514 380 1575; x_wconf 90' lang='lat' dir='ltr'><strong>ponere,</strong></span> <span class='ocrx_word' id='word_1_114' title='bbox 397 1494 449 1558; x_wconf 92' lang='lat' dir='ltr'><strong>cui</strong></span> <span class='ocrx_word' id='word_1_115' title='bbox 470 1516 572 1578; x_wconf 90' lang='lat' dir='ltr'><strong>usque</strong></span> <span class='ocrx_word' id='word_1_116' title='bbox 596 1495 675 1559; x_wconf 91' lang='lat' dir='ltr'><strong>adeo</strong></span> <span class='ocrx_word' id='word_1_117' title='bbox 695 1495 784 1558; x_wconf 88' lang='lat' dir='ltr'><strong>cordi</strong></span> <span class='ocrx_word' id='word_1_118' title='bbox 805 1501 837 1557; x_wconf 91' lang='lat' dir='ltr'><strong>et</strong></span> <span class='ocrx_word' id='word_1_119' title='bbox 861 1515 946 1558; x_wconf 85' lang='lat' dir='ltr'><strong>curse</strong></span> <span class='ocrx_word' id='word_1_120' title='bbox 962 1515 1081 1571; x_wconf 90' lang='lat' dir='ltr'><strong>sumus,</strong></span> <span class='ocrx_word' id='word_1_121' title='bbox 1097 1495 1205 1576; x_wconf 86' lang='lat' dir='ltr'><strong>potius</strong></span> 
     </span>
     <span class='ocr_line' id='line_1_13' title="bbox 104 1598 1202 1680; baseline 0.004 -23"><span class='ocrx_word' id='word_1_122' title='bbox 104 1604 153 1673; x_wconf 91' lang='lat' dir='ltr'><strong>ut,</strong></span> <span class='ocrx_word' id='word_1_123' title='bbox 176 1618 234 1680; x_wconf 88' lang='lat' dir='ltr'><strong>per</strong></span> <span class='ocrx_word' id='word_1_124' title='bbox 263 1601 405 1662; x_wconf 89' lang='lat' dir='ltr'><strong>volueres</strong></span> <span class='ocrx_word' id='word_1_125' title='bbox 429 1620 556 1662; x_wconf 81' lang='lat' dir='ltr'><strong>voraces</strong></span> <span class='ocrx_word' id='word_1_126' title='bbox 581 1599 661 1676; x_wconf 90' lang='lat' dir='ltr'><strong>illas,</strong></span> <span class='ocrx_word' id='word_1_127' title='bbox 690 1600 788 1680; x_wconf 83' lang='lat' dir='ltr'><strong>(notae</strong></span> <span class='ocrx_word' id='word_1_128' title='bbox 817 1599 947 1677; x_wconf 86' lang='lat' dir='ltr'><strong>infimae,</strong></span> <span class='ocrx_word' id='word_1_129' title='bbox 978 1605 1011 1662; x_wconf 92' lang='lat' dir='ltr'><strong>et</strong></span> <span class='ocrx_word' id='word_1_130' title='bbox 1040 1598 1202 1679; x_wconf 82' lang='lat' dir='ltr'><strong>infaustae)</strong></span> 
     </span>
     <span class='ocr_line' id='line_1_14' title="bbox 105 1701 1204 1785; baseline 0.003 -23"><span class='ocrx_word' id='word_1_131' title='bbox 105 1701 266 1780; x_wconf 88' lang='lat' dir='ltr'><strong>pascendi,</strong></span> <span class='ocrx_word' id='word_1_132' title='bbox 283 1723 378 1784; x_wconf 86' lang='lat' dir='ltr'><strong>quam</strong></span> <span class='ocrx_word' id='word_1_133' title='bbox 401 1710 439 1766; x_wconf 88' lang='lat' dir='ltr'><strong>ut</strong></span> <span class='ocrx_word' id='word_1_134' title='bbox 461 1702 545 1766; x_wconf 84' lang='lat' dir='ltr'><strong>same</strong></span> <span class='ocrx_word' id='word_1_135' title='bbox 561 1703 653 1766; x_wconf 91' lang='lat' dir='ltr'><strong>nobis</strong></span> <span class='ocrx_word' id='word_1_136' title='bbox 668 1703 867 1785; x_wconf 88' lang='lat' dir='ltr'><strong>pereundum</strong></span> <span class='ocrx_word' id='word_1_137' title='bbox 884 1702 936 1765; x_wconf 87' lang='lat' dir='ltr'><strong>sit.</strong></span> <span class='ocrx_word' id='word_1_138' title='bbox 972 1701 1068 1768; x_wconf 82' lang='lat' dir='ltr'><strong>Quod</strong></span> <span class='ocrx_word' id='word_1_139' title='bbox 1083 1711 1116 1765; x_wconf 87' lang='lat' dir='ltr'><strong>et</strong></span> <span class='ocrx_word' id='word_1_140' title='bbox 1131 1708 1204 1784; x_wconf 85' lang='lat' dir='ltr'><strong>epte</strong></span> 
     </span>
     <span class='ocr_line' id='line_1_15' title="bbox 105 1803 1204 1888; baseline 0.004 -25"><span class='ocrx_word' id='word_1_141' title='bbox 105 1823 172 1864; x_wconf 92' lang='lat' dir='ltr'><strong>non</strong></span> <span class='ocrx_word' id='word_1_142' title='bbox 195 1803 303 1867; x_wconf 92' lang='lat' dir='ltr'><strong>minus</strong></span> <span class='ocrx_word' id='word_1_143' title='bbox 331 1806 416 1887; x_wconf 88' lang='lat' dir='ltr'><strong>apud</strong></span> <span class='ocrx_word' id='word_1_144' title='bbox 440 1806 560 1870; x_wconf 88' lang='lat' dir='ltr'><strong>Jobum</strong></span> <span class='ocrx_word' id='word_1_145' title='bbox 588 1806 715 1884; x_wconf 88' lang='lat' dir='ltr'><strong>dicitur,</strong></span> <span class='ocrx_word' id='word_1_146' title='bbox 746 1806 804 1868; x_wconf 82' lang='lat' dir='ltr'><strong>Ubi</strong></span> <span class='ocrx_word' id='word_1_147' title='bbox 829 1805 899 1888; x_wconf 91' lang='lat' dir='ltr'><strong>quis</strong></span> <span class='ocrx_word' id='word_1_148' title='bbox 926 1806 996 1869; x_wconf 90' lang='lat' dir='ltr'><strong>Deo</strong></span> <span class='ocrx_word' id='word_1_149' title='bbox 1019 1805 1204 1884; x_wconf 81' lang='lat' dir='ltr'><strong>famulatur,</strong></span> 
     </span>
     <span class='ocr_line' id='line_1_16' title="bbox 105 1905 1206 1992; baseline 0.005 -25"><span class='ocrx_word' id='word_1_150' title='bbox 105 1905 200 1967; x_wconf 83' lang='lat' dir='ltr'><strong>etiam</strong></span> <span class='ocrx_word' id='word_1_151' title='bbox 211 1916 279 1968; x_wconf 75' lang='lat' dir='ltr'><strong>eum</strong></span> <span class='ocrx_word' id='word_1_152' title='bbox 295 1909 451 1989; x_wconf 75' lang='lat' dir='ltr'><strong>lapidibus</strong></span> <span class='ocrx_word' id='word_1_153' title='bbox 466 1912 536 1992; x_wconf 77' lang='lat' dir='ltr'><strong>apri</strong></span> <span class='ocrx_word' id='word_1_154' title='bbox 551 1912 589 1988; x_wconf 82' lang='lat' dir='ltr'><strong>ei,</strong></span> <span class='ocrx_word' id='word_1_155' title='bbox 600 1911 694 1972; x_wconf 85' lang='lat' dir='ltr'><strong>etiam</strong></span> <span class='ocrx_word' id='word_1_156' title='bbox 710 1908 881 1990; x_wconf 67' lang='lat' dir='ltr'><strong>sumserit,</strong></span> <span class='ocrx_word' id='word_1_157' title='bbox 891 1930 1003 1990; x_wconf 82' lang='lat' dir='ltr'><strong>pacem</strong></span> <span class='ocrx_word' id='word_1_158' title='bbox 1011 1907 1111 1990; x_wconf 49' lang='lat' dir='ltr'><strong>soret</strong></span> <span class='ocrx_word' id='word_1_159' title='bbox 1141 1907 1206 1972; x_wconf 86' lang='lat' dir='ltr'><strong>Sed</strong></span> 
     </span>
     <span class='ocr_line' id='line_1_17' title="bbox 105 2011 1206 2097; baseline 0.005 -28"><span class='ocrx_word' id='word_1_160' title='bbox 105 2028 210 2091; x_wconf 89' lang='lat' dir='ltr'><strong>neque</strong></span> <span class='ocrx_word' id='word_1_161' title='bbox 236 2011 337 2090; x_wconf 84' lang='lat' dir='ltr'><strong>Cetus,</strong></span> <span class='ocrx_word' id='word_1_162' title='bbox 362 2015 542 2095; x_wconf 85' lang='lat' dir='ltr'><strong>(postquam</strong></span> <span class='ocrx_word' id='word_1_163' title='bbox 568 2021 674 2076; x_wconf 89' lang='lat' dir='ltr'><strong>rectus</strong></span> <span class='ocrx_word' id='word_1_164' title='bbox 698 2015 767 2097; x_wconf 88' lang='lat' dir='ltr'><strong>jam</strong></span> <span class='ocrx_word' id='word_1_165' title='bbox 789 2013 824 2075; x_wconf 89' lang='lat' dir='ltr'><strong>in</strong></span> <span class='ocrx_word' id='word_1_166' title='bbox 845 2013 954 2077; x_wconf 90' lang='lat' dir='ltr'><strong>littore</strong></span> <span class='ocrx_word' id='word_1_167' title='bbox 977 2013 1087 2095; x_wconf 86' lang='lat' dir='ltr'><strong>staret)</strong></span> <span class='ocrx_word' id='word_1_168' title='bbox 1112 2013 1206 2076; x_wconf 80' lang='lat' dir='ltr'><strong>Jonae</strong></span> 
     </span>
     <span class='ocr_line' id='line_1_18' title="bbox 105 2111 1205 2200; baseline 0.005 -27"><span class='ocrx_word' id='word_1_169' title='bbox 105 2111 271 2175; x_wconf 82' lang='lat' dir='ltr'><strong>discedens</strong></span> <span class='ocrx_word' id='word_1_170' title='bbox 286 2114 450 2178; x_wconf 86' lang='lat' dir='ltr'><strong>inclinavit</strong></span> <span class='ocrx_word' id='word_1_171' title='bbox 466 2138 518 2180; x_wconf 89' lang='lat' dir='ltr'><strong>se:</strong></span> <span class='ocrx_word' id='word_1_172' title='bbox 542 2117 658 2199; x_wconf 88' lang='lat' dir='ltr'><strong>Neque</strong></span> <span class='ocrx_word' id='word_1_173' title='bbox 677 2117 778 2194; x_wconf 79' lang='lat' dir='ltr'><strong>Corvi,</strong></span> <span class='ocrx_word' id='word_1_174' title='bbox 796 2125 970 2200; x_wconf 84' lang='lat' dir='ltr'><strong>antequam</strong></span> <span class='ocrx_word' id='word_1_175' title='bbox 988 2138 1092 2182; x_wconf 84' lang='lat' dir='ltr'><strong>escam</strong></span> <span class='ocrx_word' id='word_1_176' title='bbox 1108 2137 1205 2199; x_wconf 87' lang='lat' dir='ltr'><strong>appo·</strong></span> 
     </span>
     <span class='ocr_line' id='line_1_19' title="bbox 106 2218 1323 2303; baseline 0.006 -28"><span class='ocrx_word' id='word_1_177' title='bbox 106 2229 231 2293; x_wconf 85' lang='lat' dir='ltr'><strong>nerent,</strong></span> <span class='ocrx_word' id='word_1_178' title='bbox 247 2218 352 2281; x_wconf 88' lang='lat' dir='ltr'><strong>Eliam</strong></span> <span class='ocrx_word' id='word_1_179' title='bbox 375 2221 517 2283; x_wconf 87' lang='lat' dir='ltr'><strong>venerati</strong></span> <span class='ocrx_word' id='word_1_180' title='bbox 540 2227 634 2283; x_wconf 91' lang='lat' dir='ltr'><strong>sunt:</strong></span> <span class='ocrx_word' id='word_1_181' title='bbox 662 2226 699 2282; x_wconf 87' lang='lat' dir='ltr'><strong>ut</strong></span> <span class='ocrx_word' id='word_1_182' title='bbox 723 2219 806 2283; x_wconf 89' lang='lat' dir='ltr'><strong>desit</strong></span> <span class='ocrx_word' id='word_1_183' title='bbox 829 2241 963 2303; x_wconf 89' lang='lat' dir='ltr'><strong>semper,</strong></span> <span class='ocrx_word' id='word_1_184' title='bbox 981 2219 1066 2303; x_wconf 92' lang='lat' dir='ltr'><strong>quod</strong></span> <span class='ocrx_word' id='word_1_185' title='bbox 1087 2220 1122 2282; x_wconf 93' lang='lat' dir='ltr'><strong>in</strong></span> <span class='ocrx_word' id='word_1_186' title='bbox 1145 2219 1205 2282; x_wconf 75' lang='lat' dir='ltr'><strong>liae</strong></span> <span class='ocrx_word' id='word_1_187' title='bbox 1261 2228 1323 2291; x_wconf 83' lang='lat'><strong>231</strong></span> 
     </span>
     <span class='ocr_line' id='line_1_20' title="bbox 106 2318 459 2404; baseline 0.011 -25"><span class='ocrx_word' id='word_1_188' title='bbox 106 2318 274 2384; x_wconf 85' lang='lat' dir='ltr'><strong>collatione</strong></span> <span class='ocrx_word' id='word_1_189' title='bbox 290 2331 386 2404; x_wconf 89' lang='lat' dir='ltr'><strong>caput</strong></span> <span class='ocrx_word' id='word_1_190' title='bbox 402 2330 459 2386; x_wconf 89' lang='lat' dir='ltr'><strong>est.</strong></span> 
     </span>
    </p>
   </div>
   <div class='ocr_carea' id='block_1_5' title="bbox 139 2453 1204 2603">
    <p class='ocr_par' dir='ltr' id='par_1_5' title="bbox 139 2453 1204 2603">
     <span class='ocr_line' id='line_1_21' title="bbox 139 2453 1204 2521; baseline 0.005 -20"><span class='ocrx_word' id='word_1_191' title='bbox 139 2453 173 2502; x_wconf 82' lang='lat' dir='ltr'><strong>Et</strong></span> <span class='ocrx_word' id='word_1_192' title='bbox 189 2454 232 2516; x_wconf 89' lang='lat' dir='ltr'><strong>qui</strong></span> <span class='ocrx_word' id='word_1_193' title='bbox 250 2456 364 2505; x_wconf 86' lang='lat' dir='ltr'><strong>leonibus</strong></span> <span class='ocrx_word' id='word_1_194' title='bbox 382 2494 406 2506; x_wconf 92' lang='lat'><strong>..</strong></span> <span class='ocrx_word' id='word_1_195' title='bbox 420 2495 426 2507; x_wconf 92' lang='lat'><strong>.</strong></span> <span class='ocrx_word' id='word_1_196' title='bbox 439 2457 525 2521; x_wconf 83' lang='lat' dir='ltr'><strong>jussit,</strong></span> <span class='ocrx_word' id='word_1_197' title='bbox 538 2462 566 2506; x_wconf 88' lang='lat' dir='ltr'><strong>ut</strong></span> <span class='ocrx_word' id='word_1_198' title='bbox 579 2457 711 2507; x_wconf 85' lang='lat' dir='ltr'><strong>Danielem</strong></span> <span class='ocrx_word' id='word_1_199' title='bbox 724 2494 730 2507; x_wconf 91' lang='lat'>.</span> <span class='ocrx_word' id='word_1_200' title='bbox 743 2495 749 2506; x_wconf 93' lang='lat'><em>.</em></span> <span class='ocrx_word' id='word_1_201' title='bbox 762 2495 768 2507; x_wconf 93' lang='lat'><em>.</em></span> <span class='ocrx_word' id='word_1_202' title='bbox 781 2472 832 2507; x_wconf 91' lang='lat' dir='ltr'><strong>uon</strong></span> <span class='ocrx_word' id='word_1_203' title='bbox 842 2455 1116 2521; x_wconf 69' lang='lat' dir='ltr'><strong>attingerant-‹fflell</strong></span> <span class='ocrx_word' id='word_1_204' title='bbox 1130 2454 1204 2520; x_wconf 81' lang='lat' dir='ltr'><strong>Apol.</strong></span> 
     </span>
     <span class='ocr_line' id='line_1_22' title="bbox 171 2535 813 2603; baseline 0.006 -19"><span class='ocrx_word' id='word_1_205' title='bbox 171 2549 217 2599; x_wconf 87' lang='lat' dir='ltr'><strong>pro</strong></span> <span class='ocrx_word' id='word_1_206' title='bbox 228 2535 312 2601; x_wconf 85' lang='lat' dir='ltr'><strong>Resp]</strong></span> <span class='ocrx_word' id='word_1_207' title='bbox 329 2553 354 2601; x_wconf 85' lang='lat' dir='ltr'><strong>p.</strong></span> <span class='ocrx_word' id='word_1_208' title='bbox 370 2539 420 2588; x_wconf 73' lang='lat'><strong>134.</strong></span> <span class='ocrx_word' id='word_1_209' title='bbox 440 2539 506 2603; x_wconf 85' lang='lat' dir='ltr'><strong>[0p.,</strong></span> <span class='ocrx_word' id='word_1_210' title='bbox 518 2544 578 2588; x_wconf 88' lang='lat' dir='ltr'><strong>tom.</strong></span> <span class='ocrx_word' id='word_1_211' title='bbox 591 2540 634 2588; x_wconf 89' lang='lat' dir='ltr'><strong>vii.</strong></span> <span class='ocrx_word' id='word_1_212' title='bbox 646 2539 692 2589; x_wconf 90' lang='lat' dir='ltr'><strong>col.</strong></span> <span class='ocrx_word' id='word_1_213' title='bbox 705 2539 813 2603; x_wconf 80' lang='lat' dir='ltr'><strong>779.D.]</strong></span> 
     </span>
    </p>
   </div>
   <div class='ocr_carea' id='block_1_6' title="bbox 106 2636 1370 4276">
    <p class='ocr_par' dir='ltr' id='par_1_6' title="bbox 106 2636 1370 4276">
     <span class='ocr_line' id='line_1_23' title="bbox 151 2636 1368 2767; baseline 0.003 -70"><span class='ocrx_word' id='word_1_214' title='bbox 151 2636 225 2698; x_wconf 90' lang='lat' dir='ltr'><strong>Jam</strong></span> <span class='ocrx_word' id='word_1_215' title='bbox 243 2638 413 2700; x_wconf 79' lang='lat' dir='ltr'><strong>aLeooam</strong></span> <span class='ocrx_word' id='word_1_216' title='bbox 433 2639 567 2718; x_wconf 89' lang='lat' dir='ltr'><strong>insultu,</strong></span> <span class='ocrx_word' id='word_1_217' title='bbox 584 2640 624 2703; x_wconf 89' lang='lat' dir='ltr'><strong>ab</strong></span> <span class='ocrx_word' id='word_1_218' title='bbox 648 2640 817 2703; x_wconf 91' lang='lat' dir='ltr'><strong>hominum</strong></span> <span class='ocrx_word' id='word_1_219' title='bbox 834 2640 938 2703; x_wconf 77' lang='lat' dir='ltr'><strong>Leone</strong></span> <span class='ocrx_word' id='word_1_220' title='bbox 960 2639 1072 2723; x_wconf 90' lang='lat' dir='ltr'><strong>quovis</strong></span> <span class='ocrx_word' id='word_1_221' title='bbox 1094 2638 1206 2703; x_wconf 86' lang='lat' dir='ltr'><strong>effera·</strong></span> <span class='ocrx_word' id='word_1_222' title='bbox 1220 2653 1259 2767; x_wconf 54' lang='lat' dir='ltr'><strong>Lis</strong></span> <span class='ocrx_word' id='word_1_223' title='bbox 1270 2652 1368 2731; x_wconf 21' lang='lat' dir='ltr'><strong>leont-n</strong></span> 
     </span>
     <span class='ocr_line' id='line_1_24' title="bbox 106 2717 1370 2829; baseline 0.005 -29"><span class='ocrx_word' id='word_1_224' title='bbox 106 2737 226 2801; x_wconf 91' lang='lat' dir='ltr'><strong>tiorum</strong></span> <span class='ocrx_word' id='word_1_225' title='bbox 245 2741 397 2823; x_wconf 88' lang='lat' dir='ltr'><strong>pernicie,</strong></span> <span class='ocrx_word' id='word_1_226' title='bbox 413 2742 541 2806; x_wconf 89' lang='lat' dir='ltr'><strong>liberati</strong></span> <span class='ocrx_word' id='word_1_227' title='bbox 560 2743 670 2826; x_wconf 93' lang='lat' dir='ltr'><strong>populi</strong></span> <span class='ocrx_word' id='word_1_228' title='bbox 686 2744 748 2806; x_wconf 90' lang='lat' dir='ltr'><strong>Dei</strong></span> <span class='ocrx_word' id='word_1_229' title='bbox 768 2743 890 2829; x_wconf 86' lang='lat' dir='ltr'><strong>passim</strong></span> <span class='ocrx_word' id='word_1_230' title='bbox 912 2750 1040 2807; x_wconf 83' lang='lat' dir='ltr'><strong>exstant</strong></span> <span class='ocrx_word' id='word_1_231' title='bbox 1062 2742 1208 2826; x_wconf 81' lang='lat' dir='ltr'><strong>exempla</strong></span> <span class='ocrx_word' id='word_1_232' title='bbox 1238 2717 1370 2767; x_wconf 69' lang='lat' dir='ltr'>⁰⁸D⁸¹²¹⁰¹¹</span> 
     </span>
     <span class='ocr_line' id='line_1_25' title="bbox 107 2846 1207 2930; baseline 0.003 -25"><span class='ocrx_word' id='word_1_233' title='bbox 107 2862 164 2923; x_wconf 89' lang='lat' dir='ltr'><strong>per</strong></span> <span class='ocrx_word' id='word_1_234' title='bbox 193 2863 316 2906; x_wconf 79' lang='lat' dir='ltr'><strong>sacram</strong></span> <span class='ocrx_word' id='word_1_235' title='bbox 345 2852 516 2929; x_wconf 85' lang='lat' dir='ltr'><strong>utramque</strong></span> <span class='ocrx_word' id='word_1_236' title='bbox 545 2847 721 2930; x_wconf 82' lang='lat' dir='ltr'><strong>paginsm3</strong></span> <span class='ocrx_word' id='word_1_237' title='bbox 754 2855 791 2910; x_wconf 90' lang='lat' dir='ltr'><strong>ut</strong></span> <span class='ocrx_word' id='word_1_238' title='bbox 817 2846 936 2911; x_wconf 89' lang='lat' dir='ltr'><strong>mirum</strong></span> <span class='ocrx_word' id='word_1_239' title='bbox 964 2846 1057 2910; x_wconf 91' lang='lat' dir='ltr'><strong>Pauli</strong></span> <span class='ocrx_word' id='word_1_240' title='bbox 1081 2867 1207 2929; x_wconf 91' lang='lat' dir='ltr'><strong>quoque</strong></span> 
     </span>
     <span class='ocr_line' id='line_1_26' title="bbox 115 2937 1207 3032; baseline 0.004 -23"><span class='ocrx_word' id='word_1_241' title='bbox 115 2948 259 3028; x_wconf 78' lang='lat' dir='ltr'><strong>Wpcrom</strong></span> <span class='ocrx_word' id='word_1_242' title='bbox 281 2970 399 3032; x_wconf 82' lang='lat' dir='ltr'><strong>agmen</strong></span> <span class='ocrx_word' id='word_1_243' title='bbox 421 2972 487 3014; x_wconf 95' lang='lat' dir='ltr'><strong>non</strong></span> <span class='ocrx_word' id='word_1_244' title='bbox 510 2951 671 3015; x_wconf 86' lang='lat' dir='ltr'><strong>clausisse.</strong></span> <span class='ocrx_word' id='word_1_245' title='bbox 717 2954 763 3015; x_wconf 86' lang='lat' dir='ltr'><strong>At</strong></span> <span class='ocrx_word' id='word_1_246' title='bbox 780 2951 814 3015; x_wconf 93' lang='lat' dir='ltr'><strong>id</strong></span> <span class='ocrx_word' id='word_1_247' title='bbox 838 2937 919 3015; x_wconf 88' lang='lat' dir='ltr'><strong>seire</strong></span> <span class='ocrx_word' id='word_1_248' title='bbox 934 2952 1081 3015; x_wconf 91' lang='lat' dir='ltr'><strong>volumus</strong></span> <span class='ocrx_word' id='word_1_249' title='bbox 1097 2950 1207 3014; x_wconf 88' lang='lat' dir='ltr'><strong>Cardi-</strong></span> 
     </span>
     <span class='ocr_line' id='line_1_27' title="bbox 108 3051 1208 3137; baseline 0.004 -25"><span class='ocrx_word' id='word_1_250' title='bbox 108 3051 225 3129; x_wconf 89' lang='lat' dir='ltr'><strong>nulem,</strong></span> <span class='ocrx_word' id='word_1_251' title='bbox 241 3052 335 3115; x_wconf 91' lang='lat' dir='ltr'><strong>nobis</strong></span> <span class='ocrx_word' id='word_1_252' title='bbox 355 3053 409 3116; x_wconf 90' lang='lat' dir='ltr'><strong>hic</strong></span> <span class='ocrx_word' id='word_1_253' title='bbox 425 3054 571 3117; x_wconf 85' lang='lat' dir='ltr'><strong>Danielis</strong></span> <span class='ocrx_word' id='word_1_254' title='bbox 593 3061 627 3117; x_wconf 91' lang='lat' dir='ltr'><strong>et</strong></span> <span class='ocrx_word' id='word_1_255' title='bbox 649 3055 751 3132; x_wconf 90' lang='lat' dir='ltr'><strong>Pauli,</strong></span> <span class='ocrx_word' id='word_1_256' title='bbox 771 3057 815 3136; x_wconf 90' lang='lat' dir='ltr'><strong>(et</strong></span> <span class='ocrx_word' id='word_1_257' title='bbox 840 3055 939 3136; x_wconf 84' lang='lat' dir='ltr'><strong>siquoe</strong></span> <span class='ocrx_word' id='word_1_258' title='bbox 964 3061 1120 3137; x_wconf 85' lang='lat' dir='ltr'><strong>praeterea</strong></span> <span class='ocrx_word' id='word_1_259' title='bbox 1142 3055 1208 3117; x_wconf 89' lang='lat' dir='ltr'><strong>sint</strong></span> 
     </span>
     <span class='ocr_line' id='line_1_28' title="bbox 108 3154 1208 3240; baseline 0.005 -25"><span class='ocrx_word' id='word_1_260' title='bbox 108 3154 253 3237; x_wconf 86' lang='lat' dir='ltr'><strong>ejusdem</strong></span> <span class='ocrx_word' id='word_1_261' title='bbox 281 3156 408 3238; x_wconf 86' lang='lat' dir='ltr'><strong>generis</strong></span> <span class='ocrx_word' id='word_1_262' title='bbox 437 3156 478 3219; x_wconf 88' lang='lat' dir='ltr'><strong>ab</strong></span> <span class='ocrx_word' id='word_1_263' title='bbox 507 3157 624 3221; x_wconf 89' lang='lat' dir='ltr'><strong>ultimo</strong></span> <span class='ocrx_word' id='word_1_264' title='bbox 649 3157 843 3240; x_wconf 89' lang='lat' dir='ltr'><strong>discrimine)</strong></span> <span class='ocrx_word' id='word_1_265' title='bbox 874 3158 1090 3235; x_wconf 89' lang='lat' dir='ltr'><strong>liberationes,</strong></span> <span class='ocrx_word' id='word_1_266' title='bbox 1117 3158 1208 3221; x_wconf 91' lang='lat' dir='ltr'><strong>nullo</strong></span> 
     </span>
     <span class='ocr_line' id='line_1_29' title="bbox 109 3257 1203 3343; baseline 0.004 -24"><span class='ocrx_word' id='word_1_267' title='bbox 109 3257 205 3321; x_wconf 90' lang='lat' dir='ltr'><strong>modo</strong></span> <span class='ocrx_word' id='word_1_268' title='bbox 235 3258 391 3322; x_wconf 88' lang='lat' dir='ltr'><strong>doctrinae</strong></span> <span class='ocrx_word' id='word_1_269' title='bbox 421 3281 518 3323; x_wconf 88' lang='lat' dir='ltr'><strong>sacrae</strong></span> <span class='ocrx_word' id='word_1_270' title='bbox 548 3261 722 3324; x_wconf 82' lang='lat' dir='ltr'><strong>contrarias</strong></span> <span class='ocrx_word' id='word_1_271' title='bbox 751 3261 862 3324; x_wconf 86' lang='lat' dir='ltr'><strong>videri.</strong></span> <span class='ocrx_word' id='word_1_272' title='bbox 911 3260 1016 3324; x_wconf 90' lang='lat' dir='ltr'><strong>Nobis</strong></span> <span class='ocrx_word' id='word_1_273' title='bbox 1048 3261 1203 3343; x_wconf 84' lang='lat' dir='ltr'><strong>(inquam)</strong></span> 
     </span>
     <span class='ocr_line' id='line_1_30' title="bbox 111 3360 1207 3446; baseline 0.004 -24"><span class='ocrx_word' id='word_1_274' title='bbox 111 3360 308 3423; x_wconf 80' lang='lat' dir='ltr'><strong>Serenissimi</strong></span> <span class='ocrx_word' id='word_1_275' title='bbox 323 3362 419 3443; x_wconf 78' lang='lat' dir='ltr'><strong>chis</strong></span> <span class='ocrx_word' id='word_1_276' title='bbox 434 3364 455 3426; x_wconf 90' lang='lat' dir='ltr'><strong>J</strong></span> <span class='ocrx_word' id='word_1_277' title='bbox 457 3379 551 3425; x_wconf 76' lang='lat' dir='ltr'><strong>ecum</strong></span> <span class='ocrx_word' id='word_1_278' title='bbox 569 3363 717 3440; x_wconf 89' lang='lat' dir='ltr'><strong>subditis,</strong></span> <span class='ocrx_word' id='word_1_279' title='bbox 735 3363 799 3446; x_wconf 87' lang='lat' dir='ltr'><strong>qui,</strong></span> <span class='ocrx_word' id='word_1_280' title='bbox 816 3363 875 3427; x_wconf 89' lang='lat' dir='ltr'><strong>sub</strong></span> <span class='ocrx_word' id='word_1_281' title='bbox 900 3364 988 3446; x_wconf 80' lang='lat' dir='ltr'><strong>Rege</strong></span> <span class='ocrx_word' id='word_1_282' title='bbox 1011 3363 1063 3426; x_wconf 89' lang='lat' dir='ltr'><strong>hio</strong></span> <span class='ocrx_word' id='word_1_283' title='bbox 1086 3372 1207 3440; x_wconf 90' lang='lat' dir='ltr'><strong>nostro,</strong></span> 
     </span>
     <span class='ocr_line' id='line_1_31' title="bbox 109 3467 1208 3548; baseline 0.003 -22"><span class='ocrx_word' id='word_1_284' title='bbox 109 3471 230 3527; x_wconf 90' lang='lat' dir='ltr'><strong>etcum</strong></span> <span class='ocrx_word' id='word_1_285' title='bbox 248 3467 346 3548; x_wconf 86' lang='lat' dir='ltr'><strong>Rege,</strong></span> <span class='ocrx_word' id='word_1_286' title='bbox 364 3467 469 3530; x_wconf 89' lang='lat' dir='ltr'><strong>adhuc</strong></span> <span class='ocrx_word' id='word_1_287' title='bbox 484 3468 630 3530; x_wconf 87' lang='lat' dir='ltr'><strong>vivimus.</strong></span> <span class='ocrx_word' id='word_1_288' title='bbox 673 3468 734 3531; x_wconf 89' lang='lat' dir='ltr'><strong>Cui</strong></span> <span class='ocrx_word' id='word_1_289' title='bbox 749 3468 836 3530; x_wconf 90' lang='lat' dir='ltr'><strong>enim</strong></span> <span class='ocrx_word' id='word_1_290' title='bbox 852 3467 886 3530; x_wconf 93' lang='lat' dir='ltr'><strong>id</strong></span> <span class='ocrx_word' id='word_1_291' title='bbox 901 3475 1049 3530; x_wconf 90' lang='lat' dir='ltr'><strong>nostrum</strong></span> <span class='ocrx_word' id='word_1_292' title='bbox 1064 3488 1208 3548; x_wconf 87' lang='lat' dir='ltr'><strong>unquam</strong></span> 
     </span>
     <span class='ocr_line' id='line_1_32' title="bbox 110 3563 1209 3654; baseline 0.003 -25"><span class='ocrx_word' id='word_1_293' title='bbox 110 3567 259 3631; x_wconf 79' lang='lat' dir='ltr'><strong>excidet?</strong></span> <span class='ocrx_word' id='word_1_294' title='bbox 282 3569 334 3633; x_wconf 90' lang='lat' dir='ltr'><strong>cui</strong></span> <span class='ocrx_word' id='word_1_295' title='bbox 349 3569 383 3632; x_wconf 93' lang='lat' dir='ltr'><strong>iu</strong></span> <span class='ocrx_word' id='word_1_296' title='bbox 400 3571 556 3634; x_wconf 89' lang='lat' dir='ltr'><strong>memoria</strong></span> <span class='ocrx_word' id='word_1_297' title='bbox 571 3563 697 3653; x_wconf 85' lang='lat' dir='ltr'><strong>semper</strong></span> <span class='ocrx_word' id='word_1_298' title='bbox 710 3592 777 3634; x_wconf 92' lang='lat' dir='ltr'><strong>non</strong></span> <span class='ocrx_word' id='word_1_299' title='bbox 792 3569 952 3634; x_wconf 86' lang='lat' dir='ltr'><strong>haerebit?</strong></span> <span class='ocrx_word' id='word_1_300' title='bbox 976 3571 1047 3654; x_wconf 90' lang='lat' dir='ltr'><strong>quis</strong></span> <span class='ocrx_word' id='word_1_301' title='bbox 1060 3578 1209 3633; x_wconf 90' lang='lat' dir='ltr'><strong>nostrum</strong></span> 
     </span>
     <span class='ocr_line' id='line_1_33' title="bbox 109 3672 1208 3750; baseline 0.002 -16"><span class='ocrx_word' id='word_1_302' title='bbox 109 3674 341 3736; x_wconf 81' lang='lat' dir='ltr'><strong>misericordius</strong></span> <span class='ocrx_word' id='word_1_303' title='bbox 364 3676 492 3736; x_wconf 80' lang='lat' dir='ltr'><strong>Domini</strong></span> <span class='ocrx_word' id='word_1_304' title='bbox 519 3696 580 3738; x_wconf 80' lang='lat' dir='ltr'><strong>non</strong></span> <span class='ocrx_word' id='word_1_305' title='bbox 602 3675 741 3737; x_wconf 77' lang='lat' dir='ltr'><strong>cantabit</strong></span> <span class='ocrx_word' id='word_1_306' title='bbox 764 3676 798 3736; x_wconf 80' lang='lat' dir='ltr'><strong>in</strong></span> <span class='ocrx_word' id='word_1_307' title='bbox 823 3672 1014 3737; x_wconf 68' lang='lat' dir='ltr'><strong>etmomb?</strong></span> <span class='ocrx_word' id='word_1_308' title='bbox 1049 3674 1115 3740; x_wconf 80' lang='lat' dir='ltr'><strong>Qui</strong></span> <span class='ocrx_word' id='word_1_309' title='bbox 1138 3695 1208 3750; x_wconf 89' lang='lat' dir='ltr'><strong>nos,</strong></span> 
     </span>
     <span class='ocr_line' id='line_1_34' title="bbox 110 3777 1209 3861; baseline 0.001 -23"><span class='ocrx_word' id='word_1_310' title='bbox 110 3797 176 3839; x_wconf 92' lang='lat' dir='ltr'><strong>non</strong></span> <span class='ocrx_word' id='word_1_311' title='bbox 192 3777 239 3838; x_wconf 84' lang='lat' dir='ltr'><strong>ite</strong></span> <span class='ocrx_word' id='word_1_312' title='bbox 253 3777 376 3859; x_wconf 88' lang='lat' dir='ltr'><strong>pridem</strong></span> <span class='ocrx_word' id='word_1_313' title='bbox 392 3778 514 3860; x_wconf 87' lang='lat' dir='ltr'><strong>insigni</strong></span> <span class='ocrx_word' id='word_1_314' title='bbox 529 3777 684 3840; x_wconf 86' lang='lat' dir='ltr'><strong>miraculo</strong></span> <span class='ocrx_word' id='word_1_315' title='bbox 703 3778 831 3861; x_wconf 88' lang='lat' dir='ltr'><strong>(cuique</strong></span> <span class='ocrx_word' id='word_1_316' title='bbox 847 3777 951 3840; x_wconf 89' lang='lat' dir='ltr'><strong>simile</strong></span> <span class='ocrx_word' id='word_1_317' title='bbox 966 3777 1016 3840; x_wconf 92' lang='lat' dir='ltr'><strong>vel</strong></span> <span class='ocrx_word' id='word_1_318' title='bbox 1031 3777 1209 3840; x_wconf 90' lang='lat' dir='ltr'><strong>secuudum</strong></span> 
     </span>
     <span class='ocr_line' id='line_1_35' title="bbox 110 3880 1208 3964; baseline 0.003 -23"><span class='ocrx_word' id='word_1_319' title='bbox 110 3900 168 3961; x_wconf 89' lang='lat' dir='ltr'><strong>per</strong></span> <span class='ocrx_word' id='word_1_320' title='bbox 187 3880 369 3943; x_wconf 86' lang='lat' dir='ltr'><strong>universam</strong></span> <span class='ocrx_word' id='word_1_321' title='bbox 390 3882 579 3944; x_wconf 84' lang='lat' dir='ltr'><strong>saeculorum</strong></span> <span class='ocrx_word' id='word_1_322' title='bbox 602 3881 726 3959; x_wconf 90' lang='lat' dir='ltr'><strong>seriem,</strong></span> <span class='ocrx_word' id='word_1_323' title='bbox 743 3903 803 3945; x_wconf 88' lang='lat' dir='ltr'><strong>nec</strong></span> <span class='ocrx_word' id='word_1_324' title='bbox 826 3882 1060 3964; x_wconf 86' lang='lat' dir='ltr'><strong>praecedentem</strong></span> <span class='ocrx_word' id='word_1_325' title='bbox 1076 3882 1208 3959; x_wconf 87' lang='lat' dir='ltr'><strong>exstitit,</strong></span> 
     </span>
     <span class='ocr_line' id='line_1_36' title="bbox 110 3985 1210 4068; baseline 0 -21"><span class='ocrx_word' id='word_1_326' title='bbox 110 4006 171 4047; x_wconf 91' lang='lat' dir='ltr'><strong>nee</strong></span> <span class='ocrx_word' id='word_1_327' title='bbox 193 3985 440 4068; x_wconf 89' lang='lat' dir='ltr'><strong>subsequentem</strong></span> <span class='ocrx_word' id='word_1_328' title='bbox 464 3985 602 4048; x_wconf 81' lang='lat' dir='ltr'><strong>exstabit</strong></span> <span class='ocrx_word' id='word_1_329' title='bbox 624 3988 795 4068; x_wconf 81' lang='lat' dir='ltr'><strong>unquam),</strong></span> <span class='ocrx_word' id='word_1_330' title='bbox 819 4008 878 4049; x_wconf 92' lang='lat' dir='ltr'><strong>nos</strong></span> <span class='ocrx_word' id='word_1_331' title='bbox 906 3987 1073 4068; x_wconf 71' lang='lat' dir='ltr'><strong>(inquam)</strong></span> <span class='ocrx_word' id='word_1_332' title='bbox 1095 3986 1210 4066; x_wconf 71' lang='lat' dir='ltr'><strong>Repeto</strong></span> 
     </span>
     <span class='ocr_line' id='line_1_37' title="bbox 111 4089 1208 4173; baseline 0.001 -22"><span class='ocrx_word' id='word_1_333' title='bbox 111 4099 186 4152; x_wconf 85' lang='lat' dir='ltr'><strong>aute</strong></span> <span class='ocrx_word' id='word_1_334' title='bbox 213 4110 334 4166; x_wconf 92' lang='lat' dir='ltr'><strong>omnes,</strong></span> <span class='ocrx_word' id='word_1_335' title='bbox 362 4089 514 4171; x_wconf 69' lang='lat' dir='ltr'><strong>Reginam</strong></span> <span class='ocrx_word' id='word_1_336' title='bbox 542 4111 560 4151; x_wconf 83' lang='lat' dir='ltr'>a</span> <span class='ocrx_word' id='word_1_337' title='bbox 587 4089 718 4167; x_wconf 81' lang='lat' dir='ltr'><strong>dextris,</strong></span> <span class='ocrx_word' id='word_1_338' title='bbox 751 4091 893 4152; x_wconf 86' lang='lat' dir='ltr'><strong>Summae</strong></span> <span class='ocrx_word' id='word_1_339' title='bbox 923 4091 989 4173; x_wconf 89' lang='lat' dir='ltr'><strong>spei</strong></span> <span class='ocrx_word' id='word_1_340' title='bbox 1020 4091 1208 4171; x_wconf 73' lang='lat' dir='ltr'><strong>Principes,</strong></span> 
     </span>
     <span class='ocr_line' id='line_1_38' title="bbox 113 4192 1210 4276; baseline 0 -21"><span class='ocrx_word' id='word_1_341' title='bbox 113 4193 247 4274; x_wconf 87' lang='lat' dir='ltr'><strong>Regiam</strong></span> <span class='ocrx_word' id='word_1_342' title='bbox 263 4192 413 4268; x_wconf 88' lang='lat' dir='ltr'><strong>sobolem,</strong></span> <span class='ocrx_word' id='word_1_343' title='bbox 428 4193 606 4272; x_wconf 89' lang='lat' dir='ltr'><strong>Familiam,</strong></span> <span class='ocrx_word' id='word_1_344' title='bbox 621 4192 727 4275; x_wconf 86' lang='lat' dir='ltr'><strong>Regni</strong></span> <span class='ocrx_word' id='word_1_345' title='bbox 743 4192 882 4276; x_wconf 90' lang='lat' dir='ltr'><strong>denique</strong></span> <span class='ocrx_word' id='word_1_346' title='bbox 894 4194 1033 4257; x_wconf 90' lang='lat' dir='ltr'><strong>Ordines</strong></span> <span class='ocrx_word' id='word_1_347' title='bbox 1049 4213 1161 4257; x_wconf 91' lang='lat' dir='ltr'><strong>omnes</strong></span> <span class='ocrx_word' id='word_1_348' title='bbox 1177 4201 1210 4255; x_wconf 90' lang='lat' dir='ltr'><strong>et</strong></span> 
     </span>
    </p>
   </div>
   <div class='ocr_carea' id='block_1_7' title="bbox 1219 2783 1341 2912">
    <p class='ocr_par' dir='ltr' id='par_1_7' title="bbox 1219 2783 1341 2912">
     <span class='ocr_line' id='line_1_39' title="bbox 1219 2783 1341 2912; baseline 0.008 -81"><span class='ocrx_word' id='word_1_349' title='bbox 1219 2783 1341 2912; x_wconf 57' lang='lat' dir='ltr'><strong>qupqmi·</strong></span> 
     </span>
    </p>
   </div>
   <div class='ocr_carea' id='block_1_8' title="bbox 146 4338 888 4429">
    <p class='ocr_par' dir='ltr' id='par_1_8' title="bbox 146 4338 888 4429">
     <span class='ocr_line' id='line_1_40' title="bbox 146 4338 888 4429; baseline 0.004 -4"><span class='ocrx_word' id='word_1_350' title='bbox 146 4385 157 4407; x_wconf 89' lang='lat'>¹</span> <span class='ocrx_word' id='word_1_351' title='bbox 176 4338 249 4426; x_wconf 70' lang='lat' dir='ltr'><strong>alito.</strong></span> <span class='ocrx_word' id='word_1_352' title='bbox 262 4378 306 4426; x_wconf 87' lang='lat' dir='ltr'><strong>xii.</strong></span> <span class='ocrx_word' id='word_1_353' title='bbox 320 4380 358 4426; x_wconf 78' lang='lat' dir='ltr'><strong>lo.</strong></span> <span class='ocrx_word' id='word_1_354' title='bbox 718 4386 728 4408; x_wconf 83' lang='lat'><strong>¹</strong></span> <span class='ocrx_word' id='word_1_355' title='bbox 744 4378 801 4427; x_wconf 88' lang='lat' dir='ltr'><strong>Job.</strong></span> <span class='ocrx_word' id='word_1_356' title='bbox 814 4395 836 4427; x_wconf 88' lang='lat' dir='ltr'><strong>v.</strong></span> <span class='ocrx_word' id='word_1_357' title='bbox 849 4382 888 4429; x_wconf 82' lang='lat'><strong>23.</strong></span> 
     </span>
    </p>
   </div>
   <div class='ocr_carea' id='block_1_9' title="bbox 145 4441 1209 4571">
    <p class='ocr_par' dir='ltr' id='par_1_9' title="bbox 145 4441 1209 4571">
     <span class='ocr_line' id='line_1_41' title="bbox 145 4441 1209 4506; baseline 0.002 -16"><span class='ocrx_word' id='word_1_358' title='bbox 145 4442 212 4490; x_wconf 56' lang='lat' dir='ltr'><strong>*Pa</strong></span> <span class='ocrx_word' id='word_1_359' title='bbox 225 4442 307 4491; x_wconf 82' lang='lat' dir='ltr'><strong>cxlvii.</strong></span> <span class='ocrx_word' id='word_1_360' title='bbox 322 4447 343 4491; x_wconf 84' lang='lat'><strong>9.</strong></span> <span class='ocrx_word' id='word_1_361' title='bbox 718 4441 835 4506; x_wconf 73' lang='lat' dir='ltr'><strong>b[Vide</strong></span> <span class='ocrx_word' id='word_1_362' title='bbox 871 4444 910 4492; x_wconf 90' lang='lat' dir='ltr'><strong>Ps.</strong></span> <span class='ocrx_word' id='word_1_363' title='bbox 945 4444 1044 4492; x_wconf 85' lang='lat' dir='ltr'><strong>lxxxix.</strong></span> <span class='ocrx_word' id='word_1_364' title='bbox 1082 4443 1209 4506; x_wconf 77' lang='lat' dir='ltr'><strong>(lxxxviii.</strong></span> 
     </span>
     <span class='ocr_line' id='line_1_42' title="bbox 147 4507 827 4571; baseline 0.001 -16"><span class='ocrx_word' id='word_1_365' title='bbox 147 4516 153 4535; x_wconf 80' lang='lat'><em>¹</em></span> <span class='ocrx_word' id='word_1_366' title='bbox 173 4507 250 4571; x_wconf 77' lang='lat' dir='ltr'><strong>[vide</strong></span> <span class='ocrx_word' id='word_1_367' title='bbox 263 4507 353 4556; x_wconf 85' lang='lat' dir='ltr'><strong>llatth.</strong></span> <span class='ocrx_word' id='word_1_368' title='bbox 367 4523 391 4555; x_wconf 84' lang='lat'><strong>1.</strong></span> <span class='ocrx_word' id='word_1_369' title='bbox 405 4507 454 4570; x_wconf 88' lang='lat'>31.]</span> <span class='ocrx_word' id='word_1_370' title='bbox 686 4508 772 4570; x_wconf 84' lang='lat' dir='ltr'><strong>l&#39;ulg.)</strong></span> <span class='ocrx_word' id='word_1_371' title='bbox 792 4509 827 4570; x_wconf 89' lang='lat'><strong>1.]</strong></span> 
     </span>
    </p>
   </div>
   <div class='ocr_carea' id='block_1_10' title="bbox 0 0 1471 4926">
    <p class='ocr_par' dir='ltr' id='par_1_10' title="bbox 0 0 1471 4926">
     <span class='ocr_line' id='line_1_43' title="bbox 0 0 1471 4926; baseline 0 0"><span class='ocrx_word' id='word_1_372' title='bbox 0 0 1471 4926; x_wconf 95' lang='lat' dir='ltr'><strong> </strong></span> 
     </span>
    </p>
   </div>
  </div>
 </body>
</html>
