2910 4926
456 285 639 336 aroroornu
661 284 841 335 aasrousro.
1134 273 1200 336 883

99 442 261 526 erepsisse,
273 442 364 505 nulla
378 443 428 507 vel
443 443 642 520 eruditionis,
653 442 705 506 vel
719 441 898 506 sanctitatis
913 441 1038 506 eximia
1051 441 1200 527 opinione

98 545 268 629 insignem,
289 544 400 609 soletis
421 545 549 610 dicere?
595 546 639 610 Et
660 545 715 610 ille
734 546 803 630 jam
824 544 924 608 Stella
945 544 1046 623 vobis,
1061 545 1098 609 iu
1119 546 1201 611 coslo

99 645 288 730 splendida?
328 646 434 712 Quam
449 667 524 713 vero
539 648 600 712 hoc
615 668 682 712 nou
702 645 874 711 convenit?
913 646 1021 713 Quam
1035 653 1106 710 toto
1120 647 1201 712 coelo

99 749 226 813 aberrat
243 749 450 814 cardinalis?
485 751 616 817 Quanto
630 749 748 814 rectius
764 751 843 827 Rex,
855 748 910 832 qui
924 769 982 832 per
996 749 1126 814 coeleste
1140 750 1202 814 hoc

99 853 188 916 sidus
218 852 376 916 illustrem
403 854 543 937 aliquam
573 875 752 938 personam,
778 854 814 917 in
839 853 930 932 coelo,
954 854 1025 918 loco
1053 852 1196 936 (scilicet)

99 956 253 1022 Ecclesiae
267 956 399 1021 sublimi
413 966 447 1021 et
466 958 623 1023 eminenti
637 958 743 1035 sitam,
758 957 912 1021 sideribus
933 956 1012 1043 ipsis
1026 977 1200 1039 cuppurem,

98 1059 239 1124 nominis
255 1061 410 1139 claritate,
425 1068 459 1124 et
474 1061 641 1144 diguitatis
655 1061 753 1124 radiis
767 1060 863 1143 longe
878 1061 1007 1143 lateque
1021 1060 1202 1142 fulgentem

100 1160 284 1243 Pontificem
306 1163 445 1246 aliquem
469 1164 576 1248 potius
599 1163 803 1247 designatum
825 1162 941 1247 putet?
985 1163 1027 1226 Ιιι
1050 1162 1202 1244 Pontifice

101 1265 188 1329 enim
203 1264 315 1329 insunt
328 1266 399 1330 haec
414 1267 541 1331 omnia:
565 1267 607 1330 ad
616 1288 790 1350 pauperem
805 1274 838 1330 et
852 1266 1001 1349 ignotum
1011 1267 1203 1330 Monachum

100 1368 294 1452 detorqueri,
308 1368 372 1432 nisi
385 1369 493 1454 inepte
507 1392 574 1435 non
589 1378 735 1454 possunt.

131 1502 239 1552 lituos.
252 1541 258 1554 .
271 1540 277 1554 .
289 1503 362 1554 facile
378 1502 551 1555 demonstrare
561 1518 701 1569 possumus,
713 1518 762 1567 quo
778 1503 854 1554 modo
871 1503 997 1553 liutherus
1013 1503 1140 1564 ceciderit,
1152 1517 1201 1567 quo

163 1600 238 1646 anno,
256 1600 306 1650 qua
322 1587 458 1647 occasione,
469 1591 564 1651 quanto
580 1587 735 1649 strepitust
751 1599 826 1650 quem
843 1586 982 1635 exercitum
999 1585 1153 1635 locustarum
1168 1583 1200 1635 de

163 1667 246 1730 abyssi
264 1671 340 1731 puteo
357 1664 448 1716 eduxit
465 1666 519 1732 [lap.
532 1666 752 1718 eduxerit—Bell.
765 1666 840 1730 Apol.
857 1681 903 1730 pro
920 1664 1005 1731 Resp]
1021 1681 1046 1730 p.
1060 1668 1115 1718 153.
1133 1665 1200 1731 [Op.,

163 1750 225 1797 tom
237 1747 281 1796 vii.
293 1747 340 1798 col.
353 1747 409 1799 790.
419 1746 458 1812 0.]

143 1849 189 1911 Αι
189 1869 272 1929 ,quau
287 1848 447 1910 occasione
460 1847 600 1931 primum
613 1845 803 1911 Lutherus
794 1868 830 1909 ιιι
844 1854 1008 1910 certamen
1023 1845 1198 1924 descendit,
1212 1847 1348 1914 [botherus

99 1950 360 2049 praetereundum
372 1950 625 2027 Cardiualifuit5
649 1950 701 2014 vix
716 1971 754 2014 ea
769 1949 846 2013 satis
862 1949 1068 2014 honestafuit
1054 1949 1199 2034 qt,uaad
1188 1894 1349 2040 ἓξέθὲξθίὴ

100 2053 245 2135 Pupum'
237 2076 351 2137 ipsum,
364 2078 428 2140 qua
442 2056 483 2120 ad
500 2057 594 2138 Pupae
612 2056 804 2128 (baustorcss
828 2055 961 2136 Pupam,
975 2075 1029 2137 qm
1020 2054 1199 2137 cadulum

101 2158 217 2219 iturum
241 2158 419 2241 impostura
441 2160 541 2223 veteri
567 2159 678 2223 orbem
703 2158 924 2223 Christianum
948 2157 1096 2241 expilare,
1126 2159 1202 2241 (qua

100 2268 169 2322 arte
184 2257 332 2323 dotaudis
348 2261 519 2340 sororibus,
536 2261 676 2325 ditandis
692 2260 874 2343 Nepotibus
890 2259 946 2323 diu
960 2259 1063 2342 abusi)
1078 2285 1084 2323 :
1113 2260 1202 2332 Qrtoe·

100 2367 209 2440 stores,
234 2363 289 2445 qui
310 2385 376 2428 nou
399 2363 468 2428 sine
493 2364 588 2443 foeda,
611 2383 672 2427 nec
697 2363 829 2427 ferenda
851 2362 1057 2447 blasphemia,
1080 2384 1203 2427 merces

100 2463 171 2527 illas
186 2465 373 2548 protrudere
389 2466 484 2546 soliti,
504 2467 553 2548 (ut
568 2473 637 2530 erat
654 2466 742 2530 Gens
763 2465 819 2529 ills
834 2465 930 2528 nimis
946 2465 1050 2530 audax
1064 2486 1200 2550 semper,

100 2574 134 2631 et
159 2567 364 2652 importuna)
390 2577 461 2633 tum
491 2570 693 2652 ludulpeutiia
723 2569 789 2635 suis
817 2568 997 2648 efferendis,
1023 2568 1074 2633 vel
1102 2570 1201 2633 etiam

107 2669 231 2752 (horreo
255 2670 407 2755 scribens)
436 2672 536 2755 siquis
561 2673 600 2736 Β.
617 2671 787 2755 Virginem
806 2671 988 2736 violasset⁸:
1012 2679 1093 2751 tum,
1114 2672 1201 2736 Reli-

103 2774 185 2854 quiis
197 2773 427 2857 contingendis,
440 2784 477 2838 ut
492 2775 589 2839 etiam
604 2774 644 2839 de
655 2775 769 2858 pennis
782 2774 821 2838 ab
838 2775 888 2838 ala
900 2775 1060 2839 Gabrielis
1075 2775 1201 2855 avulsis,

103 2876 221 2958 populo
236 2897 294 2960 per
307 2876 453 2940 fraudem
467 2876 666 2942 illuderent‘.
700 2878 780 2942 Tam
795 2898 870 2942 vero
884 2878 953 2941 haec
962 2877 1204 2960 Lutherojuta

103 2977 166 3040 fuit
186 2981 316 3058 cerasia,
332 2980 366 3043 in
384 2980 456 3045 illos
475 2982 640 3044 Bullurum
655 2980 837 3045 venditores
857 2980 1042 3060 invehendi,
1058 2987 1127 3044 tam
1143 2981 1204 3046 hoc

104 3102 199 3163 grave
214 3082 336 3147 malum
352 3082 432 3147 Orbi
446 3083 603 3161 incubuit,
616 3089 653 3146 ut
665 3080 815 3164 Pontifex
829 3082 907 3166 ipse,
919 3090 957 3146 ut
971 3084 1083 3146 Patres
1097 3083 1132 3146 in
1146 3105 1205 3148 suo

107 3184 204 3265 (quod
229 3186 356 3267 vocant)
383 3186 527 3250 Concilio
557 3186 599 3249 ad
623 3185 824 3263 Tridentum,
850 3185 962 3249 iaecem
987 3185 1076 3249 illam
1100 3193 1205 3250 totam

104 3286 432 3369 ludulpeutiuriorum,
448 3309 514 3351 non
535 3288 659 3350 minore
680 3294 758 3351 nota
781 3308 877 3370 quam
899 3287 1062 3351 Lutherus
1086 3289 1205 3351 confix-

106 3389 177 3467 erit,
193 3390 322 3473 penitus
341 3390 440 3453 etiam
460 3388 556 3473 (quod
572 3389 667 3453 initio
690 3411 853 3452 summum
872 3389 973 3472 nefus)
992 3412 1051 3473 suo
1066 3391 1205 3454 Decreto

105 3492 279 3556 sustulerit
336 3493 522 3556 Eucreuisae
547 3493 628 3555 euim
657 3494 705 3555 ita
734 3497 918 3574 pcccatorum
946 3493 1111 3570 malitium,
1137 3513 1206 3554 cum

105 3615 216 3678 mapuo
236 3596 381 3677 fidetium
410 3598 543 3657 omnium
572 3594 721 3658 scandalo
750 3600 780 3658 et
810 3596 944 3676 querela,
970 3601 1005 3658 ut
1035 3597 1073 3659 de
1102 3615 1207 3659 comm

107 3699 317 3761 emurdatioae
339 3698 425 3760 uultu
441 3718 511 3779 sper
528 3698 661 3779 amplius
674 3698 786 3760 relicta
800 3697 954 3760 videatur.
1001 3697 1155 3778 Statuerc,
1170 3705 1207 3762 ut

101 3803 246 3882 posthac,
269 3801 303 3862 iu
332 3800 560 3883 quibuscunque
589 3799 774 3863 Christiana
798 3799 971 3882 Religionis
993 3800 1078 3880 locis,
1102 3822 1207 3865 eorum

107 3925 215 3967 aoruca
244 3909 337 3984 utque
363 3923 438 3966 usus
464 3904 589 3985 penitus
620 3902 810 3967 aboleatur.
864 3903 973 3987 Atque
1009 3903 1071 3968 hoc
1106 3905 1205 3985 exitu,

140 4071 491 4136 ·[Vide0hcmnitiiExam.
498 4071 572 4122 Oonc
582 4071 635 4121 'lbi-
678 4070 795 4121 scandalo
812 4074 839 4122 ot
852 4071 952 4135 querela
966 4087 1107 4124 excrescere
1124 4072 1156 4125 de
1155 4089 1208 4139 pre·

108 4135 176 4231 dept
190 4151 241 4200 par.
253 4137 286 4185 iv
297 4153 321 4213 p.
334 4139 372 4186 al.
384 4137 408 4186 b.
421 4137 534 4186 Francos.
539 4136 628 4215 lota]
677 4135 810 4197 heuman,
829 4086 1012 4187 alterorum
1032 4090 1208 4190 emendatione

228 4201 322 4263 plumis
338 4201 449 4265 Spiritus
460 4201 546 4251 Sancti
558 4202 636 4264 loqu·
678 4201 749 4252 nulla
769 4215 826 4265 spes
847 4214 889 4251 am
926 4215 957 4252 ua
976 4202 1066 4255 relicte
1084 4202 1208 4264 videatur,

108 4267 151 4312 tur
182 4265 267 4313 hcmu
269 4267 327 4321 trus
340 4265 429 4316 Eram.
439 4265 513 4315 Cone
521 4265 635 4316 'lbidcut
677 4267 775 4325 statuit.
792 4269 822 4315 ιιι
968 4270 1016 4317 otc
1016 4265 1137 4318 ”-Oona
1155 4266 1208 4318 Ψή-

108 4343 161 4392 par.
172 4330 234 4392 iup
235 4331 292 4379 ..12
304 4331 340 4394 a]
458 4350 463 4359 ·
680 4329 764 4393 deut]
782 4329 910 4380 Sessxxi.
922 4329 1208 4396 [Damat1dalialorm.

142 4393 197 4458 Ψ
204 4393 338 4458 Potiusquo
362 4410 448 4446 eorum
475 4395 574 4445 mulitia
600 4395 638 4446 ila
679 4409 733 4460 cap.
741 4393 1030 4460 m-[Oonatornxir.
1037 4394 1198 4465 maan]

109 4457 221 4518 quotidie
254 4473 346 4521 magno
377 4459 492 4510 fidelium
522 4459 636 4508 omnium
1247 4534 1396 4623 Δ
