2910 4926
108 267 114 279 ’
216 284 281 347 478
527 301 570 348 nn
594 301 785 351 cirninum
807 302 1006 352 nnuuuunn

216 460 347 524 Novum
369 480 447 544 ergo
467 459 522 524 hio
536 461 732 524 menducium
746 459 846 540 addit,
862 480 931 523 non
945 464 1038 523 vetus
1052 458 1186 536 excutit,
1201 458 1324 522 nullum

215 560 400 644 Pontificem
423 564 481 625 ulli
502 564 692 645 Imperatori
713 563 890 626 redditum:
914 583 977 627 non
1001 563 1103 646 maye
1123 582 1217 644 quom
1237 582 1322 624 rmn-

215 688 298 730 mum
313 669 446 750 aliquem
461 669 496 731 in
508 688 563 731 outo
578 668 686 751 Repno
700 668 827 750 Repem.
871 667 941 750 Epo
957 667 1080 750 quidem
1093 666 1235 748 juueiooi
1249 665 1322 728 mh-

94 765 160 829 316
206 771 338 852 jectuess,
351 771 396 834 ait
411 770 576 836 Pontifex:
600 779 633 836 et
645 772 879 855 Imperatorem
895 772 1130 835 sereniorinmm
1138 770 1321 848 Dominum,

214 881 248 939 et
264 895 298 938 se
312 876 473 958 indipoum
480 874 638 957 famulum
652 872 821 959 appellati.
855 875 1017 957 Subjectur
1030 875 1121 937 velim
1133 874 1243 952 nolim,
1259 873 1323 956 (iu-

213 985 355 1062 terprete
370 978 565 1062 cardinale)
583 985 616 1043 et
635 978 728 1042 illum
750 980 927 1058 Dominum,
943 999 977 1042 se
992 981 1122 1042 Servum
1144 976 1319 1060 aequivooe.

213 1081 305 1145 Bone
322 1063 468 1165 Gregori,
483 1088 522 1145 ut
535 1088 569 1145 te
581 1081 650 1166 jam
665 1081 787 1147 habent
802 1082 989 1147 Cardinules
1003 1081 1157 1147 Ecclesiae
1171 1082 1259 1144 tuae!

245 1216 365 1267 Summus
373 1253 380 1266 .
391 1251 398 1266 .
411 1254 418 1267 .
429 1216 556 1277 Pontifex,
565 1215 661 1267 christi
670 1216 747 1280 Regis
756 1217 854 1281 Regum
861 1217 986 1279 Vimine,
998 1216 1197 1282 Imperutonbuu
1208 1216 1322 1267 terrenis

273 1299 456 1363 juresubditm
473 1314 526 1350 non
541 1303 602 1361 eret,
619 1314 648 1350 eo
664 1314 710 1363 por
727 1298 776 1350 hoo
795 1299 967 1352 obedientiam
986 1300 1040 1350 illu
1056 1314 1109 1350 non
1128 1298 1256 1350 debebat:
1273 1300 1320 1350 ted

278 1385 372 1443 tumen,
383 1385 440 1431 tum
455 1383 516 1445 quie
531 1385 643 1445 potestus
658 1380 711 1445 ejus
720 1385 781 1432 note
791 1396 843 1432 non
854 1386 908 1433 erut
919 1381 1117 1447 imperatoribus
1128 1380 1250 1445 Paeanis,
1262 1387 1321 1431 tum

277 1462 339 1526 qm
354 1463 451 1513 viribus
466 1461 604 1514 destitutus
618 1465 680 1521 erat,
691 1463 768 1512 vellet
781 1463 887 1525 nollet.
907 1501 914 1514 .
932 1498 939 1511 .
954 1464 1081 1528 subjector
1100 1477 1153 1513 etue
1170 1463 1319 1526 oogebatur.

278 1543 386 1608 -[BelL
397 1545 472 1608 Apol.
484 1559 530 1608 pro
544 1542 630 1608 Resp]
647 1557 670 1607 p
683 1544 739 1593 202.
754 1543 822 1609 [Op.,
832 1548 894 1596 tom.
904 1545 948 1596 vii
960 1546 1005 1595 coi
1019 1546 1075 1596 818.
1084 1543 1150 1608 AB]

259 1644 323 1707 Sed
338 1643 401 1707 etsi
416 1644 561 1708 Potestas
576 1641 740 1724 Pontificio
754 1650 829 1707 nota
843 1665 905 1707 oon
925 1651 995 1708 erat
1009 1645 1160 1727 Papauer,
1176 1644 1318 1724 Neroni,

213 1753 246 1810 et
261 1747 463 1812 Diocletiano
478 1748 630 1830 Popono:
655 1755 688 1812 at
710 1746 787 1811 huio
808 1748 943 1827 Neroni,
959 1755 993 1813 et
1013 1748 1217 1812 Diocletiano
1234 1749 1318 1813 Gre-

213 1850 293 1932 gorii
307 1849 323 1929 1,
346 1852 393 1933 (ut
416 1872 492 1914 eum
507 1850 697 1929 Curdinulis,
712 1849 747 1913 id
769 1871 895 1934 quoque
914 1850 1006 1934 fuleo)
1024 1850 1218 1930 Christiano,
1237 1873 1317 1934 quo-

212 1954 309 2017 modo
331 1955 436 2037 potuit
457 1956 565 2037 ipnoto
588 1975 656 2017 esse
678 1975 730 2017 res
755 1959 858 2033 tanta,
875 1954 914 2018 de
937 1955 1056 2018 Christi
1076 1955 1172 2037 Repio
1193 1955 1317 2037 Repum

217 2056 353 2136 Veturio,
370 2056 432 2122 sibi
447 2078 508 2120 non
527 2057 678 2120 subdito?
700 2057 825 2135 saltem,
841 2077 899 2120 cur
915 2078 987 2121 eum
1003 2056 1177 2141 Gregorius
1199 2063 1315 2121 notum

211 2180 277 2223 non
292 2160 391 2224 fecit?
436 2161 551 2240 Credo,
567 2160 653 2244 quod
672 2182 733 2225 neo
754 2162 910 2244 Gregorio
932 2161 994 2244 ipsi
1015 2168 1102 2239 notu,
1117 2181 1184 2225 nou
1207 2161 1314 2244 magis

210 2286 305 2348 quum
321 2266 486 2331 Mauritio.
532 2266 586 2330 An
601 2287 676 2330 vero
697 2272 775 2329 nota
796 2265 937 2349 quidem,
953 2266 1009 2330 sed
1025 2266 1127 2330 celare
1141 2265 1255 2345 voluit,
1270 2288 1314 2330 ne

209 2368 295 2433 idem
322 2370 443 2434 scilicet
468 2369 517 2433 illi
547 2369 699 2448 eveniret,
728 2368 813 2453 quod
843 2370 944 2433 Paulo
970 2376 1159 2433 eventurum
1191 2369 1312 2434 alicubi

210 2473 289 2538 dicit
304 2474 494 2552 cardinalis,
510 2495 548 2537 oe
562 2475 596 2536 iu
609 2475 708 2536 iteum
723 2494 826 2536 omnes
840 2479 1042 2556 erumperent,
1059 2473 1086 2536 si
1101 2473 1142 2537 ed
1158 2474 1251 2536 Petri
1266 2495 1312 2552 se,

208 2599 275 2640 non
290 2579 436 2655 Neronis,
453 2579 592 2641 tribunal
610 2584 752 2659 oportere
767 2578 897 2640 dixisset
910 2576 1099 2659 judicare?
1134 2577 1314 2641 Solvuntur

208 2702 320 2745 omnes
343 2681 378 2743 in
400 2682 511 2759 riuum,
536 2682 591 2764 qui
613 2682 720 2744 locum
747 2702 821 2743 eum
844 2680 1025 2745 cardinalis
1049 2681 1173 2763 legunt.
1222 2680 1313 2746 Quid

207 2784 318 2846 enim?
365 2783 429 2850 Qui
445 2784 611 2847 Christum
634 2784 820 2848 crucifixum
843 2783 1046 2867 praedicabat,
1066 2783 1216 2845 Gentibus
1231 2786 1310 2846 etul-

207 2885 332 2966 titiaml,
348 2887 486 2951 Athenis
505 2887 696 2973 χλευασμὸν
707 2899 738 2966 ¹¹¹,
761 2889 789 2950 is
813 2909 975 2951 summum
999 2908 1092 2950 suum
1116 2887 1310 2951 Pontificem

207 2989 357 3074 prodidit,
384 3011 425 3053 ne
452 2989 627 3054 deridiculo
650 2989 756 3055 foret?
802 2991 928 3056 Fortior
952 3011 1028 3073 ergo
1055 2988 1237 3054 Cardinulis
1259 2990 1311 3053 vel

207 3094 372 3178 Apostolo.
418 3094 529 3158 Rideri
551 3095 700 3174 sustinet,
716 3103 755 3158 ut
768 3101 962 3180 potestatem
973 3095 1057 3158 hanc
1072 3101 1183 3158 notam
1200 3093 1309 3173 sociat,

207 3219 303 3279 quam
318 3197 416 3261 rideri
432 3205 581 3260 metuens
596 3198 771 3282 Apostolus
792 3220 861 3262 rem
880 3204 1006 3262 tentam
1025 3198 1163 3280 turpiter
1181 3197 1308 3261 celavit.

207 3302 323 3365 Verior
337 3309 446 3365 eutem
467 3302 523 3365 illa
544 3302 654 3377 altera,
671 3301 710 3365 de
725 3304 839 3365 virium
862 3302 994 3384 desecto.
1040 3300 1205 3369 Quamdiu
1221 3303 1310 3366 enim

205 3405 323 3467 viribus
338 3403 449 3485 desecti
472 3403 654 3481 Pontifices,
671 3404 754 3467 nulli
772 3406 1010 3488 Imperatorum
1033 3411 1111 3467 noto
1124 3403 1175 3466 vel
1198 3405 1312 3468 auditu

205 3510 356 3590 exemptio
372 3509 458 3572 hoec:
483 3508 602 3586 statim,
618 3508 674 3572 ubi
690 3509 798 3572 odeooe
813 3509 872 3573 sibi
887 3511 990 3572 vireon
1013 3515 1181 3571 senserunt
1197 3509 1310 3572 Ponti-

206 3612 280 3676 fices
289 3637 298 3688 ;
323 3613 424 3676 sensit
443 3613 634 3697 Imperator,
652 3614 705 3694 qui
719 3614 785 3676 vir⁰
801 3612 959 3694 Pontiseo.
1005 3612 1135 3675 Norant
1159 3619 1191 3674 et
1212 3612 1261 3674 illi
1277 3620 1310 3677 et

206 3735 317 3779 omnes
331 3723 403 3779 tum
426 3715 573 3779 domum:
598 3737 669 3798 quae
684 3737 740 3798 per
755 3716 844 3778 mille
862 3717 930 3798 jam
945 3735 1046 3778 annos
1064 3715 1167 3797 jacuit
1185 3714 1310 3797 ignoto,

205 3839 279 3881 cum
291 3820 411 3881 Satana
425 3817 582 3882 solvendo.
608 3819 658 3881 De
669 3839 707 3881 eu
722 3819 757 3881 in
772 3826 943 3900 utrumque
957 3824 1029 3881 tum
1046 3839 1156 3880 aurem
1169 3818 1311 3881 Coeeuree

205 3922 386 4000 audierunt,
403 3922 500 3986 simul
515 3923 681 4006 posseIll',
660 3944 671 3983 z
697 3922 793 3986 simul
807 3944 900 3985 nosse
915 3922 970 3984 Hi.
1001 3922 1046 3985 Et
1057 3920 1188 4005 quidem
1202 3922 1310 3986 notio-

237 4057 315 4123 1181
303 4057 401 4119 1.(1113
420 4057 481 4122 [M]
502 4056 581 4105 11in
575 4059 601 4106 ii.
623 4056 669 4120 Ep
686 4058 732 4107 lxi.
778 4058 846 4122 [Op.,
865 4063 926 4108 tom.
945 4057 989 4107 vii.
1009 4056 1222 4107 0011051.C..D
1246 4058 1307 4108 vide

206 4122 263 4235 tt
275 4120 608 4250 1111111111.
624 4122 731 4237 11111
776 4096 958 4237 1111111
968 4127 1026 4249 o]
1021 4121 1071 4184 ’1

207 4251 253 4301 col.
268 4252 322 4302 677.
337 4251 376 4313 111
807 4255 902 4300 ont
916 4253 1004 4314 Apont.
1016 4250 1076 4299 xvii.
1089 4250 1139 4313 32]

238 4314 347 4442 rplbid.
359 4316 406 4366 col.
418 4317 472 4366 675.
484 4317 515 4364 A
809 4317 919 4366 Vide
930 4316 993 4365 Bell
1006 4315 1037 4365 de
1050 4314 1120 4363 Rom.
1133 4316 1208 4365 Pont.
1224 4318 1269 4367 lib.
1282 4333 1305 4368 v

238 4378 352 4430 cons
370 4381 394 4429 S
406 4379 478 4441 Greg
525 4395 564 4442 ag
583 4381 611 4429 in
632 4381 673 4431 ps
685 4383 730 4438 ci..
777 4397 830 4445 cap
806 4382 928 4511 0[Ooiii
932 4382 1036 4498 Τιέῐῗῆὲ
1047 4381 1136 4496 iiiiii.
1140 4379 1226 4496 iiill
1240 4447 1293 4511 12]

205 4445 313 4493 utoitut
326 4461 410 4559 rupim
400 4460 447 4509 p
459 4447 514 4494 120.
531 4451 583 4494 not

238 4507 353 4572 ⁸.[Boll]
411 4523 481 4573 pom
491 4508 522 4559 od
532 4509 603 4561 Doct.
594 4446 730 4574 ω111οο103.
