2910 4926
463 288 647 339 mamona
667 286 850 337 ursrousro.
1141 268 1225 332 845·

108 445 264 508 affirmare
285 443 396 527 possit,
415 445 483 527 (qui
504 452 621 508 natura
643 465 701 508 sua
715 442 817 527 notas)
837 461 933 525 quam
950 438 1053 524 quivis
1075 439 1209 504 Sancto·

108 568 191 626 rum,
208 545 263 629 qui
277 545 362 610 illius
376 545 534 612 beneficio
548 548 625 612 solo.

141 715 208 774 Quid
226 752 232 765 .
250 751 256 764 .
273 715 340 779 quod
357 752 363 765 .
378 753 384 765 .
403 715 519 766 Christus
533 715 598 766 dicit
613 713 630 767 J
632 731 653 767 ο.
667 715 706 766 iii.
718 715 816 766 ‘Nemo
827 711 942 765 asendit
952 713 981 762 in
991 712 1092 772 nalum,
1104 712 1155 762 alsi
1165 711 1210 776 qui

173 795 304 846 deseendit
320 795 351 846 do
367 798 439 857 coelo,
453 799 516 858 ete:
531 798 553 846 si
568 802 627 848 anta
644 834 649 847 .
668 833 675 848 .
693 796 823 847 Christum
840 833 846 845 .
864 833 869 845 .
888 832 895 845 .
912 793 1078 846 ascenderunt
1087 793 1174 844 Enoch
1185 798 1212 844 ot

175 876 250 927 Elias
267 913 274 928 .
292 915 298 927 .
317 915 322 927 .
341 915 347 928 .
365 877 465 929 ‘Nemo
475 877 590 929 ascendit
605 880 634 928 in
650 879 759 940 coslum:
772 892 823 928 noa
834 880 873 927 est
883 877 1017 941 praesentis
1028 875 1157 939 temporis,
1168 873 1212 924 ssd

174 959 306 1023 praeteriti.
325 995 331 1007 .
348 995 354 1008 .
372 995 379 1008 .
396 959 442 1009 llst
453 959 521 1009 anim
528 974 623 1020 sensus,
636 959 729 1008 Nullas
739 958 941 1008 homohaotenus
951 956 1065 1008 aseendit
1074 956 1212 1006 ineoelum.

174 1039 284 1104 —[le1.
296 1040 370 1104 Apol.
382 1055 428 1104 pro
439 1040 525 1106 Raso]
536 1056 560 1105 p.
573 1042 627 1091 143.
641 1041 707 1106 [Op.‚
718 1045 780 1090 torn
791 1040 836 1089 rii.
847 1038 893 1090 ool.
902 1038 957 1092 785.
969 1038 1001 1088 Δ.
1013 1036 1055 1102 Β.]

154 1156 250 1222 Quod
265 1177 351 1219 nemo
367 1158 506 1221 ascendit
521 1159 555 1220 in
569 1158 686 1234 catum,
702 1156 811 1240 (idque
825 1161 961 1236 tempore
974 1176 1042 1219 non
1051 1155 1212 1236 prasenti,
1225 1171 1281 1235 [(a.)
1300 1170 1375 1222 νοω.

112 1257 169 1322 sed
184 1260 358 1342 preterito)
378 1262 440 1323 nisi
463 1262 516 1342 qai
538 1259 696 1323 descendit
719 1260 756 1322 de
776 1259 978 1338 calaritan
1001 1258 1154 1321 tanints:
1177 1237 1262 1320 idm
1276 1235 1326 1300 η’]

111 1382 183 1425 earn
197 1362 262 1425 vim
276 1362 385 1442 habet,
400 1368 438 1426 ut
454 1385 473 1426 a
488 1384 521 1427 se
536 1384 641 1441 nemo,
652 1363 702 1426 vel
715 1363 748 1426 vi
762 1383 829 1442 sua,
845 1368 962 1445 praeter
976 1382 1079 1424 unum
1093 1361 1211 1443 ipsam.

112 1467 144 1529 A
158 1466 295 1529 mortuis
313 1487 488 1550 resurgere,
504 1468 539 1530 in
562 1467 680 1531 coelum
701 1466 871 1530 ascendere
885 1467 1005 1529 virtute
1025 1487 1093 1544 sua,
1108 1465 1143 1528 id
1156 1467 1212 1528 nni

113 1568 238 1632 Christo
252 1570 435 1652 proprium:
459 1566 630 1647 ἀνάβασις,
647 1590 711 1633 non
731 1566 903 1651 μετάθεσις
923 1574 1068 1650 negatur.
1113 1566 1212 1631 Nemo

111 1671 262 1747 ascendit,
285 1667 472 1751 ἀναβέβηκε
496 1672 589 1753 (dixit
599 1671 620 1754 ε)
648 1693 724 1750 non,
750 1672 923 1734 translatas
944 1676 990 1733 est
1008 1690 1115 1749 nemo,
1137 1693 1212 1750 μετ-

110 1771 214 1855 ετέθη.
243 1775 342 1839 Nemo
358 1777 518 1839 ascendit.-
543 1775 657 1859 aliquis
672 1781 847 1857 assumptas
862 1782 921 1839 est.
950 1775 1112 1852 Ascendit,
1128 1774 1214 1838 actio

111 1877 230 1960 ipsius:
258 1878 390 1959 Raptus,
414 1878 465 1943 vel
484 1879 664 1960 assumptio,
686 1879 801 1942 aliena.
845 1879 961 1961 Neque
985 1877 1119 1941 Enocho
1142 1876 1213 1956 hoc,

111 1980 162 2043 vel
182 1981 264 2045 Eliae
283 1980 453 2064 quiequam
473 1980 662 2064 praejudicat
672 2008 681 2060 3
705 1981 760 2065 qui
785 1980 899 2064 utique
922 1979 1068 2044 membra
1082 1979 1215 2043 fuerunt

114 2083 188 2146 Filii
199 2083 338 2147 hominis
348 2110 357 2162 3
381 2104 441 2146 nec
453 2104 491 2147 eo
502 2083 716 2148 ascenderunt
727 2084 789 2147 nisi
797 2104 856 2167 per
865 2083 1019 2147 virtutem
1031 2083 1110 2166 ejus,
1123 2083 1215 2166 cujus

113 2193 146 2249 et
172 2185 316 2250 membra
342 2194 428 2250 sunt.
473 2188 588 2270 Neque
613 2208 699 2267 vero,
723 2187 779 2271 qui
799 2187 851 2251 vel
876 2187 1027 2268 assumpti
1051 2185 1117 2249 sint
1138 2193 1215 2250 anto

114 2288 290 2367 Christum,
310 2289 361 2352 vel
384 2291 543 2377 translati,
567 2290 628 2357 hoc
649 2290 721 2354 loco
741 2289 865 2374 agitur:
897 2289 937 2352 de
959 2290 1077 2353 Christi
1099 2290 1216 2353 deitate

113 2392 238 2476 agitur:
262 2393 314 2456 cui
327 2394 385 2470 rei,
400 2395 501 2456 sanies
516 2414 591 2457 eum
606 2394 787 2458 Cardinalis
801 2394 906 2477 primo
919 2393 1214 2483 Controuersiarum

113 2496 215 2560 'tomo
237 2495 381 2560 attuliti:
412 2519 573 2581 nusquam
594 2505 715 2576 tamen,
737 2519 801 2581 quo
820 2499 889 2582 jam
912 2517 1019 2561 sensu.
1066 2498 1154 2563 Quin
1177 2519 1216 2562 eo

113 2599 184 2681 ipso
194 2599 304 2678 Tomo,
320 2599 376 2664 ubi
392 2600 555 2684 disputata
568 2601 617 2664 illi
633 2601 775 2684 quaestio,
791 2602 845 2663 An
857 2601 1043 2664 Sanctorum
1058 2603 1168 2665 anima
1181 2603 1216 2665 in

117 2702 199 2765 Coeto
207 2700 344 2783 fuerint,
363 2708 434 2765 ante
449 2705 657 2767 mensionem
674 2703 824 2778 caristia
847 2703 893 2767 ibi
908 2712 1003 2787 aptus
1018 2704 1166 2787 inprimis
1180 2712 1214 2769 et

60 2860 63 2865 .
114 2805 241 2868 nativus
263 2805 325 2869 loci
347 2805 444 2890 hujus
465 2806 566 2884 loeus,
586 2807 622 2886 si,
639 2829 736 2891 quam
756 2807 804 2870 illi
824 2809 894 2891 jam
911 2815 1055 2871 mentem
1078 2807 1214 2891 affingit,

114 2929 186 2973 eam
211 2915 283 2973 tum
305 2908 481 2973 habuisset.
525 2910 572 2973 At
597 2910 644 2974 ibi
666 2932 826 2994 nusquam
852 2917 1032 2995 comparet:
1064 2910 1120 2976 ubi
1143 2917 1215 2975 tum

114 3011 234 3075 mansit
260 3008 360 3080 οὐδεὶς
384 3008 589 3091 ἀναβέβηκεν
610 3012 702 3076 hoel
733 3013 791 3077 ubi
815 3013 986 3078 substitit?
1019 3014 1074 3097 qui
1100 3014 1147 3079 sio
1169 3014 1215 3079 ibi

113 3114 250 3178 feliciter
278 3115 512 3179 intervenisset.
571 3117 786 3199 Argumento,
816 3136 877 3179 neo
908 3116 996 3180 hunc
1025 3118 1088 3181 loci
1116 3117 1215 3202 hujus

114 3238 246 3300 scopum
276 3238 354 3295 esse,
379 3239 440 3281 nec
468 3217 530 3282 hoc
559 3219 683 3283 nescire
713 3218 917 3283 cardinalem
941 3219 1057 3302 ipsum.
1113 3220 1214 3285 Recte

115 3319 244 3402 quidem
261 3326 396 3401 urgetur
415 3327 528 3383 contra
549 3328 705 3403 negantes
726 3318 919 3384 divinitates
941 3320 1024 3399 Filii,
1041 3341 1142 3399 eosve,
1160 3322 1214 3405 qui

115 3422 164 3486 vel
173 3442 341 3503 paronam
357 3421 515 3501 dividunt,
531 3424 582 3487 vel
596 3429 729 3486 naturas
745 3423 950 3487 confundunt
959 3422 984 3487 ¹¹.
1029 3424 1064 3487 Is
1079 3425 1165 3488 enim
1180 3434 1214 3491 et

116 3524 235 3589 Christi
260 3544 376 3602 sanun,
403 3533 436 3588 et
460 3524 545 3589 looi:
575 3525 611 3588 in
634 3525 708 3589 Filii
731 3524 872 3589 hominis
891 3546 1030 3609 persona
1052 3532 1215 3610 atramque

115 3634 260 3691 naturam
283 3626 438 3690 infuisse:
467 3633 510 3706 et,
537 3648 608 3711 quae
633 3628 669 3691 in
695 3630 769 3692 coeto
791 3636 863 3692 tum
888 3635 967 3708 erat,
991 3630 1148 3704 diuinam5
1171 3640 1214 3710 et,

115 3752 187 3815 quae
203 3732 240 3793 de
258 3733 330 3795 coelo
347 3731 557 3810 descenderat,
572 3734 749 3796 humanam.
793 3734 865 3797 Nee
888 3733 987 3797 alium
1001 3734 1029 3798 is
1042 3735 1132 3799 locus
1145 3758 1214 3800 sen·

114 3855 182 3897 ram
203 3834 312 3912 habet,
328 3835 392 3897 nisi
407 3841 532 3898 tortam.
577 3836 664 3899 Nam
679 3856 784 3918 neque
801 3836 951 3900 Christus
970 3838 1047 3920 ipse,
1060 3838 1128 3922 jam
1143 3846 1215 3903 tum

115 3958 189 4001 cum
212 3937 275 3999 ista
296 3937 491 4020 loqueretur,
516 3938 550 3999 in
572 3938 679 3999 coetam
708 3931 904 4015 ἀναβέβηκε.
949 3939 1106 4019 utillud,
1129 3963 1216 4005 nenio

116 4041 179 4102 nisi
193 4040 296 4103 Filias
311 4041 453 4119 hominis,
470 4038 587 4102 adhoc
605 4039 734 4122 quidem
750 4039 946 4120 institutum,
962 4041 1065 4121 nihil,-
1088 4044 1217 4126 quando

148 4242 153 4274 ¹
172 4242 248 4307 [Vide
261 4243 322 4293 Bell.
339 4242 370 4293 do
381 4243 490 4305 Christo,
506 4242 551 4292 lib.
563 4242 579 4292 i.
591 4257 644 4306 esp.
718 4243 726 4283 ³
750 4243 823 4308 [Bell.
841 4243 872 4294 ds
890 4245 985 4296 Christi
1002 4248 1104 4308 Anima,
1121 4248 1166 4297 lib.
1183 4250 1217 4299 iv.

117 4311 139 4356 8.
161 4310 216 4370 Op„
235 4312 296 4357 torn.
313 4309 330 4357 i.
348 4322 372 4371 p.
385 4309 424 4360 70.
441 4307 485 4367 fl,
502 4313 529 4357 et
544 4308 592 4384 lib3
606 4309 644 4357 iii.
688 4322 740 4403 σιξ.
753 4311 791 4385 11ἶ
804 4307 860 4371 Op„
872 4313 931 4359 tom,
947 4311 962 4359 i.
974 4326 998 4374 p.
1011 4313 1069 4361 118.
1079 4312 1184 4378 Λ.-0.]

117 4370 284 4498 iieqlffim')
303 4387 356 4436 esp.
376 4374 414 4423 11.
435 4372 490 4436 Op,
507 4376 568 4422 tom.
585 4387 602 4422 ι.
619 4386 644 4436 p.
688 4371 995 4501 At¹²³[rlltaqqlq]Symholum,
1006 4376 1181 4440 quodvooant,
1192 4378 1217 4430 S.
