2910 4926
256 249 325 311 224
574 265 618 312 un
640 264 833 312 assumens
854 265 1053 313 smmsnmt

257 424 288 482 et
302 420 373 501 Epo
393 439 488 483 unam
508 440 624 496 nemus,
641 425 715 504 &cm
761 419 834 483 Hoc
856 440 941 498 vero,
957 440 1023 483 non
1045 426 1112 483 tam
1136 441 1174 483 ex
1197 421 1369 484 traditione

260 523 380 605 (credo)
411 546 508 607 quam
534 545 573 587 cx
605 524 790 605 Scriptoris.
837 523 1009 590 Quomodo
1033 530 1141 587 autem
1172 525 1367 588 terminato?

256 626 373 691 Visum
396 636 454 706 est,
470 628 520 690 uti
535 649 611 690 voce
633 624 818 708 ὁμοουσίου,
837 627 909 709 (nec
923 635 1034 690 tamen
1055 648 1094 690 ex
1117 627 1287 691 traditione
1304 648 1365 690 aon

255 733 400 812 scripto.)
449 731 595 815 Reperiri
620 731 707 794 enim
723 736 863 794 testatur
878 752 916 794 eo
931 731 1001 813 ipso
1015 731 1085 794 loco
1096 730 1266 809 Eusebius,
1276 732 1364 812 pris·

255 854 317 911 cos,
341 835 456 910 doctos,
473 840 503 896 et
517 840 673 914 spectatos
688 834 861 915 Episcopos
876 835 1063 915 Scriptores,
1080 835 1136 918 qui
1155 855 1192 898 eo
1208 837 1277 916 ipso
1291 855 1364 899 ooee

255 933 429 1017 ὁμοουσίου
444 937 493 999 osi
496 936 644 1018 fuissent,
661 937 699 998 de
711 937 823 999 Patris
837 943 867 999 et
882 937 960 999 Filii
975 938 1170 1000 divinitates
1205 938 1267 1015 lta,
1280 938 1364 1001 nihil

255 1038 301 1103 ibi
326 1061 388 1103 aon
409 1042 569 1122 scriptam.
616 1041 680 1104 Res
695 1040 766 1123 ipsa
782 1040 956 1123 Scripturis
982 1039 1124 1118 definita,
1140 1061 1201 1104 vox
1216 1061 1234 1103 e
1249 1041 1362 1123 priscis

256 1142 464 1226 scriptoribus
486 1143 598 1227 petita.
645 1144 730 1206 Date
749 1150 782 1206 et
798 1164 853 1206 ros
872 1142 912 1206 de
929 1143 1064 1226 Scriptis
1084 1164 1172 1206 rem:
1197 1143 1361 1208 vobiscum

255 1266 351 1309 nemo
367 1245 406 1309 de
421 1266 497 1309 voce
513 1246 662 1329 litigabit.

289 1363 423 1414 Decretum
435 1370 519 1414 sutem
532 1363 563 1414 ds
574 1363 695 1414 Pssehste
707 1364 855 1414 celebrando
867 1363 908 1414 die
916 1364 1050 1415 Dominica
1061 1379 1093 1415 ne
1104 1370 1203 1429 poterat
1214 1365 1316 1428 quidem
1328 1380 1361 1415 ex

321 1445 459 1509 Scripturis
470 1446 530 1495 ullis
541 1445 640 1506 deduci,
649 1446 692 1495 sod
703 1462 735 1496 ex
746 1446 800 1496 solu
810 1446 948 1496 traditione
959 1446 991 1494 sb
1000 1447 1137 1509 Apostolis,
1150 1452 1226 1510 atque
1241 1446 1361 1509 inprimis

320 1542 336 1576 s
346 1526 370 1576 S.
385 1526 459 1576 Petro
469 1532 577 1590 acceptu,
594 1533 620 1578 et
636 1529 664 1577 iu
680 1528 749 1578 Urbe
768 1528 900 1588 custodita,
912 1529 1047 1578 formatum
1059 1529 1214 1595 est—[Bell.
1228 1529 1301 1591 Apol.
1314 1543 1360 1591 pro

320 1608 405 1673 Resp]
423 1625 447 1674 p.
460 1611 498 1659 89.
519 1609 588 1673 [Op.,
599 1615 660 1659 tom
673 1611 717 1660 vii.
728 1610 774 1659 eol.
787 1610 842 1661 754.
855 1609 897 1672 n]

298 1702 354 1779 At,
371 1701 411 1765 de
426 1701 593 1778 Paschate‚
615 1702 678 1764 alia
699 1702 790 1779 ratio,
814 1722 887 1765 cum
911 1722 950 1765 ex
973 1723 1011 1766 eo
1033 1723 1142 1765 rerum
1165 1723 1281 1785 genere
1305 1703 1357 1780 sit,

256 1826 327 1889 quae
345 1804 444 1886 fidem
466 1827 532 1869 non
547 1812 703 1888 spectent,
718 1826 878 1887 moresque
892 1806 1040 1881 vivendi3
1066 1827 1210 1889 quaeque,
1226 1828 1284 1891 per
1300 1829 1359 1870 an·

255 1926 314 1971 nos
337 1906 501 1986 ducentos,
517 1909 629 1992 praxin
651 1908 889 1972 indifferentem
911 1908 1045 1987 habuit3
1069 1909 1162 1972 aliter
1176 1909 1247 1988 hoc,
1264 1909 1358 1973 aliter

254 2011 317 2075 alio
331 2011 402 2075 loco
417 2011 634 2075 celebratum:
658 2033 697 2077 cx
713 2034 746 2075 se
765 2011 909 2094 proinde,
925 2012 1011 2074 inter
1027 2011 1209 2096 adiaphora.
1255 2013 1356 2089 Nam,

254 2115 289 2177 in
304 2114 400 2178 rebus
423 2113 590 2198 ejusmodi,
612 2114 720 2178 locum
742 2113 861 2178 habere
882 2114 996 2198 praxin
1011 2115 1163 2178 Ecclesia
1178 2136 1243 2178 uon
1258 2136 1355 2198 nega-

253 2239 335 2281 mus.
386 2218 428 2281 In
457 2217 614 2281 Paschate
650 2224 770 2294 tamen,
802 2239 952 2300 eousque,
983 2239 1050 2281 non
1080 2216 1239 2281 habuisse.
1290 2218 1356 2284 Qui

253 2320 388 2403 potuit?
426 2343 500 2384 cnm
532 2321 595 2384 alia
623 2320 743 2404 Ephesi
768 2321 874 2403 praxis
899 2320 1008 2398 inerit,
1034 2321 1095 2384 alia
1122 2321 1258 2384 Romae?
1293 2321 1357 2385 alia

255 2424 390 2488 Joannis
406 2425 552 2508 Apostoli
574 2446 631 2507 per
646 2424 825 2503 Orientem,
842 2425 904 2488 alia
919 2424 1008 2488 Petri
1029 2445 1086 2507 per
1102 2422 1355 2487 Occidentem⁰l

253 2546 314 2589 nec
336 2533 440 2589 totum
463 2533 591 2589 tamen:
615 2527 681 2589 Diu
696 2526 783 2590 enim
797 2533 878 2610 post,
896 2526 1066 2590 Britannia
1087 2534 1198 2589 nostra
1211 2525 1355 2589 Orientis

253 2628 306 2691 hic
318 2650 439 2692 morem
455 2630 620 2692 servarier.
654 2631 718 2692 Res
735 2652 808 2693 vero
824 2631 868 2693 sic
883 2650 916 2692 se
930 2628 1054 2691 babuit.
1088 2630 1171 2692 Cum
1187 2651 1245 2711 par
1259 2637 1353 2709 esset,

254 2733 453 2796 Christianos
473 2733 665 2815 omnesqui
688 2740 804 2797 caetero
825 2736 893 2817 jam
913 2732 998 2795 idem
1022 2733 1189 2808 sentirent,
1206 2734 1240 2795 in
1256 2735 1353 2817 hujus

173 2914 176 2919 Ι
255 2856 382 2918 quoque
405 2836 489 2896 Festi
514 2835 728 2899 celebratione
753 2837 928 2900 uniformes
951 2857 1037 2898 esse:
1063 2857 1123 2899 nec
1146 2836 1282 2913 deceret,
1300 2838 1352 2899 de·

254 2941 335 3003 mmo
359 2944 473 3019 quarto
495 2938 591 3000 Lana
612 2939 671 3003 hos
694 2941 822 3022 quidem
842 2940 975 3023 jejuniis
1000 2961 1068 3002 sese
1092 2962 1261 3019 macerare,
1281 2942 1353 3005 illos

287 3077 303 3099 ¹³
322 3068 416 3132 [Ἀλλὰ
436 3069 475 3118 καί
494 3070 595 3118 ἐνταῦθα
610 3070 632 3117 ol
648 3070 780 3127 ἐπίσκοποι,
826 3071 851 3118 ἐν
873 3068 961 3132 Νικαίιγ
987 3068 1085 3131 συνθθῳ.
1119 3069 1209 3132 ἔγραψε
1234 3072 1272 3120 καί
1301 3075 1353 3122 τοῖς

256 3134 417 3196 θεωρήσαντες
436 3133 531 3183 ἐκείνων
541 3134 570 3181 rb
582 3133 670 3192 δόλιον,
681 3135 782 3195 σννήγα·
826 3133 889 3183 toton
906 3133 1120 3194 διαβεβαιούμενος,
1136 3137 1172 3183 ὅτι
1189 3136 1228 3184 καί
1244 3139 1293 3184 τοῖν
1309 3156 1352 3185 πα-

255 3215 301 3259 γον
313 3201 340 3247 in
352 3201 401 3247 τῶν
411 3201 510 3261 γραφῶν
519 3198 550 3247 τὸ
560 3197 729 3259 Ἀπαιίγασμα,
737 3199 783 3255 τήν
825 3201 899 3247 λαιῶν
911 3199 978 3248 τινὰς
996 3201 1092 3259 λογίους
1110 3200 1149 3247 καί
1169 3201 1290 3259 ἐπιφανεῖς
1304 3203 1352 3250 ἐπι·

255 3283 284 3312 τε
299 3265 391 3322 limbo,
404 3266 442 3313 καί
455 3265 573 3323 Ποταμὸν,
590 3265 628 3311 καί
640 3266 783 3327 Χαρακτῆρα
826 3262 931 3312 σκόπους
950 3263 989 3311 καί
1009 3265 1163 3326 συγγραφέας
1182 3266 1285 3327 εὕρομεν,
1311 3267 1350 3316 ἐπὶ

254 3329 312 3390 πρθς
319 3329 520 3389 τῆν’Τπθστασιν,
526 3329 565 3377 καί
572 3329 701 3390 τθ,Ἐντῷ
709 3329 782 3390 φωτί
826 3330 869 3383 τῆς
880 3330 923 3375 τοῦ
934 3328 1029 3388 Πατρθς
1045 3328 1084 3376 καί
1100 3331 1144 3376 τοῦ
1156 3329 1211 3376 'rici
1222 3328 1350 3388 Θεότητος,

255 3399 313 3444 loo
324 3391 454 3455 θψθμεθα
465 3397 507 3457 poi
511 3414 529 3450 ς,
538 3393 575 3442 καί
583 3393 621 3452 τι),
630 3395 699 3453 Ἐγὼ
710 3395 757 3441 καί
768 3396 781 3441 θ
825 3393 909 3453 spirari
919 3392 1059 3450 Ὀμοοοσίου
1069 3392 1232 3453 χρησαμένους
1240 3393 1346 3452 ὀνόματι.

256 3459 355 3519 Πατὴρ
372 3457 401 3506 ἕν
412 3461 508 3519 ἐσμεν.
526 3460 570 3506 Καί
582 3456 725 3520 λευκότερον
735 3467 781 3506 λοι·
825 3456 882 3504 -S.
890 3455 983 3504 Athon.
992 3456 1069 3518 opud]
1078 3456 1185 3505 Theodo.
1194 3457 1271 3521 [Hiar.
1282 3457 1347 3507 Ecel.

255 3524 346 3571 σθνκαί
356 3523 476 3579 συντόμως
489 3523 602 3584 ἔγραψαν,
618 3520 782 3575 Ὀμοοιίσιον
825 3521 882 3584 lib]
895 3522 911 3568 i.
926 3519 1005 3583 [cap]
1019 3523 1041 3568 8.
1056 3521 1092 3584 [p.
1106 3521 1159 3583 30.]

254 3586 545 3650 τ“ΠατρὶτθνΤίιίν.
578 3587 612 3635 Τὰ
622 3586 782 3649 γὰρπροειριγ
855 3593 866 3615 ¹¹
885 3586 963 3649 [Ἐπεί
975 3587 1015 3633 καί
1027 3586 1076 3634 τῶν
1087 3587 1194 3634 παλαιῶν
1205 3587 1271 3634 virts
1282 3588 1348 3648 λογί-

253 3607 782 3712 μίγαπάνταταθτηνέχειτὴνσημασίαν·καί
826 3670 864 3700 ους
879 3651 917 3699 καί
935 3652 1056 3712 ἐπιφανεῖς
1073 3649 1214 3700 loconiacus
1231 3653 1270 3700 καί
1287 3670 1347 3713 συγ·

254 3718 267 3762 θ
278 3717 416 3776 γογγυσμὸς
428 3716 452 3764 δὲ
464 3718 547 3774 αὐτῶν,
557 3716 593 3763 ὅτι
603 3714 706 3777 ἂγραφοί
717 3715 777 3764 εἰσιν
820 3714 925 3776 γραφέας
934 3715 1047 3776 ἔγνωμεν.
1056 3715 1143 3772 introis
1155 3719 1198 3764 τοῦ
1206 3717 1346 3777 Πατρθςκαί

254 3781 278 3827 ul
289 3780 372 3842 λίξεις,
382 3781 512 3841 ἐλέγχεται
520 3780 572 3840 παρ’
584 3779 661 3827 αὐτῶν
670 3779 776 3839 μάταιος·
819 3781 874 3828 'stoi
888 3779 1020 3840 θεολογίας,
1032 3783 1066 3843 τῷ
1077 3783 1121 3829 τοῦ
1136 3781 1279 3841 Ὀμοουσίον
1288 3800 1346 3841 συγ·

254 3845 278 3905 ἐξ
296 3842 410 3906 ἀγράφων
424 3846 472 3906 γὰρ
487 3843 657 3901 ἀσεβήσαντες,
669 3842 775 3904 (ἄγραφα
818 3844 982 3904 χρησαμένους
1000 3844 1103 3903 ὀνόματι,
1115 3872 1147 3880 -
1161 3845 1248 3893 Erisob.
1266 3846 1345 3910 apud]

253 3909 277 3957 oi
290 3910 330 3959 Τθ.
339 3910 363 3970 ἐξ
375 3911 417 3958 οὐκ
430 3910 510 3967 ὄντων,
519 3908 565 3966 καί,
574 3908 613 3961 Ti.
623 3908 652 3966 ἦν
663 3910 721 3957 ποτὲ
733 3909 774 3957 bre
817 3908 910 3957 Socrat.
930 3908 1012 3972 [Hist
1035 3911 1101 3958 Eccl.
1126 3909 1181 3972 lib]
1193 3911 1209 3957 i.
1233 3910 1343 3974 [ΜΗΘ.

252 3974 295 4022 οὐκ
306 3973 353 4035 ἦν)
363 3972 481 4021 αι’τιοῖνται
492 3971 551 4022 διότι
562 3974 587 4034 ἐξ
599 3971 712 4035 θγρίψων
721 3975 774 4032 μετ’
817 3973 851 4036 [p.
863 3973 916 4085 255

252 4038 374 4094 eiecticiae
393 4037 522 4098 νοουμένων
537 4037 624 4098 λέξεων
635 4039 771 4098 κατεκρίθη·
848 4047 860 4070 ⁰
879 4038 889 4101 [
919 4037 960 4087 ide
977 4040 1066 4089 Euseb.
1085 4038 1154 4087 Hist.
1174 4038 1239 4087 Eccl.
1259 4038 1303 4085 lib.
1318 4054 1341 4087 v.

250 4121 313 4151 σαν.
327 4103 388 4150 ..al
410 4101 435 4151 δὲ
458 4102 590 4161 ἐπίσκοποι,
614 4104 660 4163 οὐχ
680 4104 772 4153 ἑαυτοῖς
815 4103 1341 4167 cspp.‘23,24.pp.241-249.;etSocrnt.

250 4165 359 4229 εὑρόντες
370 4168 413 4217 τὰς
428 4167 511 4229 λίξεις,
527 4167 582 4215 ἀλλ’
595 4167 622 4216 ἐκ
638 4168 771 4215 rostari·
816 4165 883 4214 Hist
903 4168 968 4217 Eccl.
997 4170 1040 4218 lib.
1054 4185 1076 4217 v.
1101 4184 1154 4231 cap.
1168 4171 1206 4216 22.
1229 4182 1271 4230 pp.
1285 4171 1342 4228 293,

248 4250 295 4294 ρων
322 4231 421 4293 ἔχοντες
446 4233 494 4290 τὴν
527 4231 662 4295 μαρτυρίαν,
698 4235 771 4281 οὕτως
815 4232 885 4294 294.]

248 4294 367 4360 ἔγραψαν.
381 4299 459 4346 ..καί
472 4297 542 4345 τοῦτο
560 4296 690 4357 ἐγίνωσκεν
701 4297 771 4345 nort·
847 4305 857 4335 Ρ
883 4296 964 4360 [Vide
984 4296 1060 4346 Bedae
1078 4297 1146 4345 Hist.
1166 4297 1232 4347 Eccl.
1251 4297 1295 4345 lib.
1312 4299 1340 4347 ii.

247 4364 299 4415 βως
314 4363 327 4409 θ
343 4359 471 4422 γενόμενος
486 4361 615 4410 ἐπίσκοπος
629 4362 672 4418 τῆς
684 4368 770 4410 Καισα-
813 4375 866 4424 esp.
879 4364 902 4409 2.
919 4376 961 4424 pp.
972 4364 1116 4416 110-114;
1133 4362 1177 4410 lib.
1191 4363 1227 4410 iii.
1239 4376 1292 4425 cap.
1301 4365 1340 4412 25.

245 4424 317 4488 ρείας,
326 4425 442 4488 πρότερον
451 4426 496 4486 μὲν
506 4427 683 4488 σοντρίχωνσῆ
693 4427 770 4487 ’Δρει-
813 4439 854 4489 pp.
867 4428 1004 4475 oss-236.
1018 4425 1121 4475 Cantsb.
1134 4425 1217 4489 tots]

244 4491 292 4555 ανῇ
307 4487 404 4553 alpiaco·
427 4490 526 4551 ὕστερον
541 4488 567 4537 ii
585 4477 723 4553 θεογρθψας
739 4493 771 4555 τῇ
