2910 4926
453 292 637 342 morcourt
660 292 844 342 amporam.
1137 272 1202 344 229

97 451 179 527 tum,
195 446 311 512 acriter
325 452 435 511 tamen
450 447 496 511 ibi
511 453 624 512 contra
638 447 710 512 Arii
725 446 841 530 dogma
856 444 1044 512 disseruisse
1053 446 1070 510 ¹.
1115 449 1201 513 Con*

97 550 206 614 venire
221 573 299 635 crgo
308 572 410 635 posse,
425 571 518 635 posse
527 557 560 614 ct
570 551 736 628 disserere,
753 558 787 614 at
803 549 992 635 suffragium
1006 556 1117 614 tamen
1131 573 1199 615 non
1291 548 1298 561 ⁴

96 652 226 718 habere.
284 655 348 718 Sed
373 675 478 737 neque
504 654 683 738 promiscue
708 654 869 718 confluere
892 676 930 718 eo
953 653 1197 718 multitudinem

98 776 278 835 onerosam,
300 757 421 820 sedvel
440 757 563 832 missos,
579 757 630 820 vel
644 757 737 821 venia
757 757 832 820 data
851 757 891 820 ab
907 756 987 834 aliis,
1005 777 1084 840 quos
1098 778 1198 840 penes

98 879 169 923 cam
195 860 293 924 dandi
318 860 455 924 facultas
478 867 538 925 est.
583 861 656 925 Nec
680 881 783 924 amaea
806 881 843 925 eo
858 859 976 939 venire,
999 861 1055 925 aed
1075 861 1200 925 nemini

96 961 220 1025 aditum
240 963 407 1039 interdici;
431 985 496 1027 non
512 984 614 1027 omnes
632 964 787 1047 (inquam)
804 963 923 1042 venire,
947 962 1003 1027 sed
1025 969 1062 1027 ut
1085 964 1200 1048 cuique

96 1070 207 1128 tamen
221 1065 353 1130 libertas
370 1065 412 1130 sit
427 1088 465 1131 eo
480 1065 639 1131 veniendi.

129 1215 205 1266 Vidit
217 1253 223 1265 .
235 1253 241 1265 .
255 1215 367 1279 ‚Regem
376 1231 428 1267 non
439 1232 491 1267 case
503 1216 585 1281 Caput
596 1216 721 1267 Ecclesiae.
756 1216 887 1276 Quomodo
898 1219 966 1269 enim
978 1217 1011 1268 ab
1018 1217 1200 1268 Ecclmiaaticia

160 1298 272 1361 negotiis
290 1302 417 1348 arceretur
433 1298 562 1363 [Ecclesiae
579 1298 670 1363 ipsius]
686 1301 779 1362 caputl
812 1297 920 1349 Proinde
937 1298 999 1359 Rex,
1011 1299 1054 1362 qui
1065 1302 1148 1362 caput,
1159 1298 1200 1348 rel

161 1414 168 1428 .
180 1398 204 1426 ,ι
214 1378 412 1428 Gubernatorem
419 1380 563 1442 generalem
571 1379 690 1429 Ecclesiae
702 1379 784 1443 Regni
796 1380 836 1429 aui
847 1394 874 1429 se
884 1394 937 1430 aare
948 1378 1019 1440 dicit,
1032 1415 1039 1428 .
1051 1415 1058 1428 .
1070 1415 1077 1428 .
1088 1415 1096 1428 .
1107 1393 1199 1429 noram

163 1459 334 1509 conciliorum
352 1461 460 1510 sormam
475 1461 634 1512 introducere
651 1460 864 1527 nupt-[Bell.
876 1461 951 1525 Apol.
963 1476 1008 1527 pro
1020 1460 1105 1526 Rasa]
1123 1476 1147 1525 p.
1159 1462 1200 1513 el.

163 1540 229 1605 [Op.‚
240 1545 301 1590 tom.
309 1542 352 1591 vii.
365 1542 410 1591 col.
423 1542 478 1593 itt.
490 1541 532 1606 D.]

140 1639 235 1704 Nihil
249 1661 324 1705 vero
338 1641 384 1705 ibi
401 1642 494 1725 Regii
505 1640 659 1719 muneris,
675 1641 737 1704 nisi
752 1647 790 1705 ut
810 1641 942 1725 (lictoris
957 1641 1068 1723 instar)
1088 1639 1199 1704 turbas
1213 1649 1365 1715 [aegaeon-

97 1751 307 1822 summoveat,
339 1750 435 1827 atque
460 1744 536 1822 vim,
566 1767 632 1808 non
657 1745 743 1807 videt
772 1745 857 1807 Rea:
890 1745 968 1807 alias
991 1745 1076 1807 uidet
1100 1743 1198 1808 fuisse
1212 1720 1364 1832 ffiffi,

94 1852 203 1928 partes
227 1847 441 1926 Constantini,
466 1847 501 1910 in
527 1848 673 1931 primom:
706 1846 784 1910 alias
806 1846 967 1911 Marciani
989 1847 1024 1910 in
1049 1853 1197 1930 quartol.
1212 1844 1345 1910 eoncilia]

96 1949 243 2033 Uterque
265 1951 389 2034 praeivit
412 1951 496 2015 viam
513 1952 666 2029 Concilio,
692 1950 862 2034 atquibus
886 1949 1054 2029 derebus,
1079 1957 1113 2014 et
1136 1972 1199 2033 qua
1256 1949 1320 2014 170

94 2053 220 2117 ratione
242 2060 438 2118 tractarent:
464 2060 600 2137 uterquc
623 2054 775 2137 suffragio
805 2075 872 2132 suo,
897 2060 993 2138 atque
1022 2053 1197 2132 sanctione,

97 2154 245 2220 Decretis
260 2155 325 2219 vim
341 2156 473 2220 addidit.
520 2158 626 2235 Certe,
642 2156 669 2220 si
684 2157 828 2235 adeant,
843 2163 881 2220 ut
895 2156 931 2220 in
944 2155 1050 2240 prima
1066 2155 1199 2239 periodo

97 2257 154 2336 ait,
170 2279 236 2322 non
257 2259 444 2322 arcebantur
457 2259 566 2342 igitur,
589 2259 675 2344 quod
693 2261 738 2324 ait
758 2260 913 2343 proxima.
959 2260 1013 2338 Et,
1029 2266 1200 2343 quantum·

96 2382 224 2445 cunque
239 2382 273 2427 se
288 2361 403 2446 fatiget
419 2362 610 2441 Cardinalis,
623 2364 714 2447 cujus
730 2362 922 2426 auctoritate
932 2381 1064 2425 necesse
1078 2360 1201 2424 habent

97 2466 266 2529 convocari
283 2464 445 2543 Concilia5
470 2468 561 2550 cujus
585 2467 684 2529 etiam
706 2465 898 2544 confirmari,
915 2486 986 2549 quae
1009 2464 1055 2527 ibi
1072 2464 1201 2528 decreta

97 2573 195 2632 sunt:
223 2569 273 2651 (ca
294 2590 369 2632 vcro
391 2569 494 2652 Regia
509 2569 568 2651 est)
592 2568 658 2632 sint
672 2575 864 2632 tractatores
886 2567 942 2646 ibi,
959 2566 1015 2651 qui
1029 2567 1149 2644 volent,
1164 2565 1200 2629 Is

97 2672 167 2750 erit,
184 2679 216 2736 et
231 2692 275 2750 re,
294 2679 327 2735 et
341 2692 427 2749 voce,
440 2672 590 2734 Ecclesiae
605 2672 639 2734 ia
653 2671 759 2754 Repeto
774 2671 896 2754 quidem
919 2690 974 2733 auo
993 2668 1200 2734 catanam.

130 2823 220 2873 Fidem
231 2829 257 2874 et
269 2823 417 2886 religionem
430 2823 516 2888 [quam
528 2822 593 2888 ipae]
603 2822 763 2874 reformatam
774 2822 871 2887 [vocat]
885 2859 891 2872 .
904 2858 911 2873 .
923 2858 929 2871 .
941 2821 1017 2884 longe
1028 2821 1113 2872 abesse
1124 2836 1140 2870 a
1150 2819 1201 2871 fide

162 2909 189 2954 et
198 2905 320 2968 religione
331 2905 427 2968 Synodi
442 2903 660 2957 Chalcedonensis.
678 2942 683 2954 .
702 2942 708 2954 .
726 2942 732 2954 .
750 2903 889 2954 Primum.
906 2939 913 2952 .
930 2939 936 2953 .
951 2903 1078 2953 Primatua
1093 2902 1215 2953 Romani·

162 2986 293 3036 Pontificie
304 3022 311 3036 .
323 3023 329 3035 .
342 3023 348 3035 .
360 3001 393 3036 ex
404 2987 451 3037 hoc
463 2986 577 3037 Concilio
588 2987 720 3036 manifeste
731 2986 868 3048 colligitur.
901 2985 1011 3035 Exstant
1018 2984 1140 3049 Epistola
1148 2984 1201 3047 plu-

165 3067 238 3115 rimae
258 3067 290 3116 ad
308 3066 420 3116 Locum
438 3065 606 3130 [Pontificem
625 3070 651 3116 et
664 3065 806 3115 Concilium
824 3062 1045 3128 Chalcedonenacfl
1062 3070 1089 3114 et
1104 3079 1203 3128 ecmpcr

162 3164 256 3200 nomen
264 3148 395 3199 Pontificia
405 3149 503 3198 nomini
515 3149 623 3199 Concilli
631 3150 803 3213 anteponitur,
811 3149 859 3198 hoc
869 3149 953 3209 modo,
965 3147 1144 3198 ‘Sanctissimo
1156 3184 1162 3195 .
1174 3183 1181 3195 .
1194 3181 1201 3196 .

164 3231 308 3280 Universali
318 3230 522 3294 Archi'episcopo,
534 3265 539 3278 .
551 3266 557 3278 .
570 3234 612 3279 .ct
623 3231 759 3279 universali
772 3267 777 3279 .
790 3267 796 3279 .
809 3266 815 3278 .
827 3228 1063 3293 Synodo⁰.-[Belt
1071 3228 1146 3292 apol.
1156 3242 1202 3291 pro

163 3309 251 3376 Resp]
262 3326 304 3376 pp.
316 3314 357 3372 91,
369 3313 407 3360 92.
425 3311 492 3376 [Op.,
503 3315 564 3361 tom.
576 3311 621 3360 vii.
634 3310 743 3364 colito.
755 3310 798 3377 Α]

141 3412 238 3478 Quod
253 3411 298 3475 ibi
309 3412 378 3495 jam
394 3411 549 3495 sequitur,
563 3411 602 3475 de
614 3417 729 3494 quarto
742 3410 905 3488 Generali,
919 3411 992 3494 jure
1005 3409 1076 3494 quis
1088 3431 1202 3473 nume·
1216 3420 1365 3487 [Chalceda

97 3524 148 3580 ret
170 3516 257 3579 inter
279 3515 447 3580 Paradoxa
462 3514 660 3579 Cardinalis:
685 3513 770 3598 quod
790 3513 953 3577 Primatus
967 3513 1102 3576 Romani
1116 3501 1357 3603 Pota-¹&‚¹,¹1⁸0⁰]R,x

97 3620 192 3702 lifica'a
207 3618 368 3702 manifecte
383 3640 424 3682 ac
436 3639 471 3682 eo
485 3619 622 3682 Concilio
638 3620 813 3701 colliyatur.
847 3619 887 3680 Ia
902 3623 1014 3700 quarto
1027 3618 1202 3699 primatum
1214 3617 1327 3682 recipit]

99 3722 264 3804 Pontifices
287 3723 392 3806 collipi
417 3719 607 3805 manifeste?
633 3729 667 3785 et
693 3743 761 3785 eam
785 3722 966 3804 relipioraem
991 3741 1056 3785 ease
1082 3721 1203 3805 Synoda'

131 3925 237 3992 ¹[Vide
270 3926 296 3976 S.
319 3926 415 3977 Alban.
443 3924 518 3990 Apol.
546 3929 626 3975 contr.
671 3925 807 3986 cot609.;)
821 3923 1202 3976 etlldictnmdeconfirmando

98 3992 251 4042 Arianacu.
261 3996 286 4041 6.
297 3992 355 4055 Op,
363 3996 424 4041 lom.
433 3991 450 4040 i.
463 4007 487 4054 p.
498 3993 552 4040 128.
561 3990 589 4040 C.
596 3991 627 4039 D.
672 3990 796 4049 concilim
809 3989 893 4047 (Cone.
900 3990 985 4040 Chalc.
994 3990 1049 4040 Par.
1059 3990 1098 4041 iil.
1106 4005 1160 4055 cap.
1168 3990 1203 4042 iv.

98 4061 125 4107 et
135 4056 202 4106 Socr.
211 4056 278 4106 Hiat.
288 4056 354 4105 Eccl.
366 4055 410 4105 lib.
419 4057 435 4105 i.
448 4071 500 4118 cap.
508 4058 535 4104 8.
543 4070 567 4119 p.
578 4053 627 4119 19.]
671 4055 734 4106 ibid.
746 4055 792 4104 col.
806 4055 895 4118 841.)]
1123 4086 1126 4090 ι

132 4129 149 4152 “
167 4120 246 4186 [Vide
264 4121 354 4171 Euseb.
374 4120 405 4171 dc
419 4121 481 4170 vita
498 4119 628 4170 Constant.
704 4120 784 4184 ⁰[Tqi
811 4119 937 4182 ἁγιωτάτῳ
964 4119 1004 4170 arel
1030 4115 1203 4182 μακαριωτάτην

98 4185 143 4235 lib.
156 4186 368 4249 iii.eapp.12-1l.
380 4201 397 4248 p
416 4185 566 4249 .583-585.]
670 4183 821 4247 οἰκονμτνικᾷ
828 4182 1008 4248 ἀρχιτιτισκόττῳ
1020 4184 1059 4234 aral
1067 4181 1202 4246 πατριάρχῃ

132 4258 143 4285 ¹²
161 4250 239 4315 [Vide
255 4251 378 4300 Marciani
395 4201 460 4300 gaer.
472 4249 503 4299 de
516 4248 628 4300 Concilio
671 4252 714 4306 τῆς
724 4247 834 4311 μεγάλης
845 4249 935 4310 ‘rapas
946 4247 1038 4308 Λέοντι,
1049 4249 1088 4297 nal
1102 4250 1134 4312 τῇ
1144 4246 1204 4310 ἁγίᾳ

99 4315 270 4373 convocando;
284 4315 369 4376 (Cone.
377 4315 460 4365 Chalc.
473 4315 527 4364 Par.
536 4315 552 4363 i.
565 4313 629 4377 Epp.
672 4315 712 4364 nal
743 4313 893 4373 claremaus*
925 4315 1021 4376 συνόδῳ.
1040 4311 1203 4361 -Libellus

99 4380 144 4430 xli.
157 4380 322 4431 xlii-Cone.
332 4384 394 4430 tom.
403 4381 435 4429 iv.
448 4380 503 4429 coll.
513 4381 552 4433 73.
565 4379 628 4441 76.;)
672 4378 825 4440 Ischyrionla
908 4378 983 4428 conc.
1008 4375 1203 4427 Chala-(lonc.

102 4445 219 4508 Capitula
233 4460 248 4494 a
260 4445 388 4496 Marciano
401 4445 475 4494 Conc.
487 4444 628 4508 propositor
673 4443 757 4493 Chalc.
774 4444 831 4494 Act
843 4443 881 4494 iii
892 4469 921 4480 -
930 4442 1005 4494 Cone.
1024 4445 1085 4492 tom.
1101 4441 1135 4491 ir.
1156 4439 1205 4491 col.

104 4510 189 4571 (Cone.
205 4510 289 4562 Chalc.
309 4511 364 4561 Par.
381 4511 409 4561 ii.
427 4511 484 4562 Act.
496 4508 631 4561 si.-lbid.
673 4510 729 4560 399.
739 4508 783 4577 rt]
