2910 4926
254 268 299 331 30
568 285 612 331 aa
633 282 825 331 amuranus
847 283 1045 332 umanum

249 443 319 527 jam
334 450 421 518 ante,
436 442 470 504 in
487 450 622 524 utraque
636 439 811 504 Academia
820 439 1095 523 cantabrigiensi¹
1107 449 1140 505 ct
1156 442 1356 521 Oxoniensb,

253 546 374 631 agitata
400 547 455 608 ‹liu
481 566 542 621 ras,
563 566 601 607 ac
624 545 774 608 conclusa
796 544 929 608 tandem
954 545 1067 607 fuisset
1085 545 1167 627 (lego
1193 545 1302 607 divina
1323 545 1355 605 id

255 651 336 734 Regi
358 650 509 731 licuisse.)
557 652 587 712 6.
613 649 696 713 Cum
720 647 802 711 nihil
824 648 941 712 horum
963 649 998 712 in
1020 650 1138 731 angulo
1161 657 1287 731 gestum
1304 649 1355 722 sit,

253 755 309 820 aed
326 755 359 818 in
375 755 454 819 urbe
471 754 575 837 Regni
590 752 742 836 primaria
761 752 806 835 (in
821 760 932 836 quaet
949 752 1165 816 Cmthusiani'
1176 752 1224 815 illi
1239 753 1357 815 Mona·

252 859 385 921 sterium
402 879 497 921 suum
512 856 687 937 habebant)
705 856 782 938 quid
797 877 886 939 opus,
904 857 976 918 Sive
991 857 1041 919 lea
1057 856 1163 918 diuino
1178 858 1355 938 permittat,

251 962 316 1024 sive
340 962 427 1023 aaa?
472 961 626 1023 Poterant
648 961 734 1023 enim
758 961 828 1045 lege
852 960 959 1023 divina
980 961 1031 1023 vel
1057 960 1195 1023 maxime
1220 960 1354 1042 permis-

252 1084 325 1126 sum
341 1064 498 1127 affirmare
513 1062 716 1127 Consiliarii:
740 1085 799 1127 nec
815 1070 974 1147 poterant,
990 1063 1023 1126 id
1038 1062 1085 1126 ita
1106 1083 1183 1141 esse,
1200 1063 1355 1126 Monacbi

252 1174 318 1231 tres
332 1167 489 1249 ignorare.
536 1165 624 1232 Quid
645 1187 719 1230 vero
742 1189 832 1249 opus,
848 1167 921 1230 Nou
937 1188 1010 1230 curo
1025 1168 1227 1230 Ecclesiam?
1271 1167 1354 1229 Cum

252 1270 431 1335 Ecclesiam
447 1269 660 1352 Anglicananr
675 1270 868 1349 universam,
885 1292 959 1334 cum
974 1278 1024 1334 tot
1040 1270 1195 1333 habereut
1214 1290 1354 1332 summos

252 1373 346 1452 viros,
368 1372 555 1436 eruditionis
576 1373 672 1437 laude
692 1375 798 1456 (quam
821 1375 886 1439 lato
911 1382 1001 1459 patet
1026 1374 1112 1438 orbis
1136 1373 1350 1454 Christianus)

253 1475 451 1539 notissimos:
476 1474 687 1538 Warhamum
703 1477 979 1554 Cantuariensem,
992 1478 1095 1540 Leum
1107 1475 1353 1551 Eboraceusem,

252 1579 452 1643 Tonstallum
476 1580 739 1660 Dunelmensem,
765 1582 989 1657 Stokeslcium,
1003 1581 1255 1656 Londiuensem,
1272 1580 1354 1643 Gar-

252 1681 914 1769 dinerumWintoniensem,Iiouglandum
924 1683 1353 1762 Lincolniensem,ll'estum

251 1785 424 1864 Elieusem,
473 1786 622 1851 Clercum
660 1789 923 1869 Bathoniensem,
973 1788 1131 1867 Hethum,
1178 1788 1353 1866 Bonorum,

253 1890 396 1967 Foxium,
413 1891 545 1955 Clarum
560 1891 698 1976 denique
712 1901 838 1974 totum;
862 1916 942 1979 quos
963 1894 1066 1958 tribus
1088 1893 1159 1956 istis
1174 1893 1306 1956 misellis
1321 1901 1354 1954 et

251 1994 433 2059 semidoctis
451 1995 622 2060 Monaehis
642 2003 851 2080 opponerent.
897 1998 1075 2080 Quisquam
1096 2004 1134 2058 nt
1156 1996 1225 2060 liaec
1245 1995 1354 2059 credat

254 2101 460 2164 carthusiano
483 2122 542 2185 pro
568 2101 783 2165 Cortbiaioais
808 2101 883 2180 suis,
900 2109 1013 2165 contra
1037 2101 1238 2163 Consiliamos
1262 2100 1354 2180 Rapis

251 2204 444 2268 mentienti?

86 2317 225 2386 [Minuta
297 2310 326 2370 l.
351 2306 468 2371 Credat
485 2329 561 2390 ergo
576 2315 610 2372 et
624 2307 689 2386 illa',
706 2308 826 2391 quaein
841 2308 953 2372 eodem
969 2305 1066 2371 librob
1080 2307 1201 2390 ubique
1216 2313 1352 2384 scatent,

85 2386 202 2502 ampo
251 2411 426 2476 mendacia.
472 2414 524 2476 De
544 2434 603 2476 suo
620 2412 666 2477 ibi
681 2412 820 2496 quodam
836 2412 1084 2489 Commonacho,
1101 2413 1155 2494 qui
1170 2412 1354 2495 peregrina-

85 2516 175 2579 asna]
250 2524 303 2580 tus
324 2516 359 2579 in
384 2524 504 2580 terram
529 2524 682 2595 sanctam,
706 2524 815 2598 captus
839 2517 883 2579 ibi
907 2517 946 2579 ab
968 2517 1125 2599 Apa-rearis
1150 2524 1210 2594 est,
1234 2518 1353 2579 carceri

251 2623 396 2700 traditas,
419 2622 571 2705 postridie
597 2622 718 2686 seilicet
740 2623 945 2686 occidendam.-
981 2622 1046 2700 ubi,
1073 2643 1146 2685 cum
1172 2622 1352 2705 Imaginem

252 2725 413 2809 quandam
428 2727 519 2790 Divo
537 2726 716 2789 (lotharico
732 2726 767 2788 in
786 2725 908 2789 aedibus
929 2725 995 2788 suis
1013 2725 1156 2808 paternis
1171 2726 1352 2808 cogitasset,

252 2853 387 2915 eamque
402 2831 518 2896 cretos
539 2832 683 2912 aupiriia
700 2852 762 2913 pro
782 2831 962 2893 liberatione
984 2831 1165 2907 invocasset,
1183 2851 1219 2893 ao
1233 2831 1267 2891 ia
1281 2851 1354 2910 aup-

246 2936 417 3017 plicatioae
437 2936 493 2997 illa
512 2955 570 2997 soa
591 2935 751 2998 incidisset
770 2935 803 2997 iu
820 2954 958 2997 somnum
968 2958 978 3007 ;
1002 2934 1161 3015 eaipiloaa,
1184 2934 1299 2996 iaoeait
1321 2954 1353 2996 ae

252 3040 285 3102 ia
300 3041 445 3120 paternis
467 3039 585 3104 cedibua
608 3045 680 3102 oute
703 3040 867 3121 imapiaem
890 3039 977 3099 illam
1001 3037 1116 3114 aedae,
1125 3056 1187 3118 per
1206 3038 1352 3099 immensa

251 3145 349 3206 moria
371 3150 401 3206 et
427 3149 583 3207 terraram
607 3145 712 3224 aprutio
729 3143 829 3207 subito
852 3141 1048 3219 translatum,
1064 3159 1125 3203 aon
1149 3141 1216 3202 siae
1235 3141 1352 3223 pronati

253 3248 413 3311 miraculo.

295 3354 326 3415 2.
351 3349 514 3415 Grandius
528 3351 609 3415 illud
623 3358 744 3416 tamen.
789 3350 939 3413 Eundem
952 3369 1079 3432 quoque
1090 3347 1213 3432 Tynzbi
1227 3355 1352 3430 ruptam

251 3457 383 3538 quodam
406 3462 540 3537 tempore
556 3458 589 3519 ia
609 3456 808 3530 Paradisum,
834 3454 887 3517 ubi
912 3454 1031 3516 audivit
1053 3452 1146 3515 verba
1172 3453 1352 3534 ineffabilia,

257 3560 380 3640 (eadem
411 3560 630 3642 proculdubio,
656 3581 728 3643 qum
754 3559 884 3639 Paulus)
913 3558 1021 3636 etiam,
1048 3557 1134 3640 quod
1160 3557 1260 3621 Pauo
1286 3580 1353 3621 non

252 3663 373 3739 datum,
400 3664 511 3725 mattos
536 3662 580 3724 ibi
605 3663 730 3745 apaooit
748 3661 929 3742 fertiliores
952 3661 1024 3721 olim
1047 3679 1128 3721 auos.
1177 3659 1221 3722 Et
1243 3659 1351 3721 scribit

254 3765 312 3847 (ait
327 3765 518 3846 Cardinalis)
537 3786 574 3828 eo
589 3766 697 3847 quibos
719 3764 883 3845 interfiat:
907 3763 963 3846 qui
986 3761 1093 3845 raptui
1114 3768 1224 3825 tamen
1247 3763 1296 3825 illi
1317 3763 1351 3825 in

252 3869 440 3933 Paradisum
458 3870 576 3952 (credo)
595 3892 660 3934 non
675 3870 846 3934 interluit.

284 4062 296 4091 ¹
314 4055 394 4119 [Vide
404 4055 546 4106 Academiae
552 4056 779 4107 Conlaticlelcrml-
822 4061 875 4107 torn
894 4057 930 4106 iii.
943 4072 984 4121 pp.
998 4057 1053 4115 775,
1066 4054 1135 4119 lla]

250 4122 380 4170 nationem
389 4120 686 4185 adremuseuprcmatum
697 4122 777 4185 l'apae.
856 4119 981 4186 b[Proteia
995 4123 1066 4170 xviii.
1083 4121 1306 4172 t'arthusianorum
1325 4122 1352 4170 in

251 4184 328 4235 wilk.
341 4185 415 4236 Cone.
428 4190 487 4235 tom.
498 4186 534 4234 iil.
565 4201 587 4249 p.
597 4186 734 4250 771,772.]
824 4186 1024 4249 Regrrodngliae
1043 4186 1260 4249 (perblauritium
1274 4187 1353 4237 Chaa·

284 4257 296 4281 ⁵
307 4249 529 4314 [Vide'Protestat
554 4252 614 4300 niv.
624 4252 704 4301 Oxou.
713 4250 779 4314 quod
823 4256 880 4315 nep)
892 4251 959 4315 apud
967 4252 1257 4315 Histonaliquotnostri
1266 4252 1353 4301 saculi

73 4360 81 4372 ,
252 4314 415 4365 Romanusll
434 4316 474 4364 isc.
495 4330 547 4365 nou
566 4316 643 4365 habet
658 4316 778 4379 majoram
823 4320 970 4378 martyrum.
994 4316 1111 4379 Mogont
1142 4318 1228 4381 1550]
1255 4332 1308 4382 cap.
1329 4319 1349 4369 7.

249 4380 362 4445 aliquam
369 4379 412 4444 jur
454 4380 497 4429 iot.
512 4380 563 4429 sibi
573 4380 651 4431 aDeo
662 4382 779 4431 collatam
823 4382 914 4431 Gulicl.
927 4381 1032 4445 'I'ynzbi
1045 4380 1100 4445 [iol.
1113 4382 1214 4446 xxxia]

136 4458 147 4471 ⁸
249 4444 280 4495 ln
300 4444 348 4495 hoc
368 4458 447 4508 regno
468 4445 578 4509 Angllae,
599 4461 674 4510 qoam
698 4446 781 4509 quivis
856 4445 1046 4512 ‘capsodcm
1065 4446 1120 4510 [iol.
1134 4445 1253 4511 xxxma]

245 4508 780 4575 nllmextamusllpiscopus.-Will.00na
