2910 4926
432 293 612 341 aromouu
635 291 814 339 aaseousm.
1112 282 1177 342 243

77 448 136 511 sed
155 448 189 511 ia
208 450 274 531 ejus
289 451 419 512 amicis:
443 450 530 513 Vere
545 471 620 531 crgo
635 456 706 512 tum
721 450 789 532 ipse
812 470 869 532 per
884 470 918 511 se
933 449 1082 513 accessit:
1103 471 1176 514 vere

79 561 113 619 et
134 553 236 632 nobis,
261 573 318 636 per
342 574 410 631 nos,
434 553 651 617 accedendum
673 562 740 617 est:
773 553 988 617 accedendum
1016 553 1173 638 (inquam)

79 658 159 721 fide:
191 658 271 721 fides
297 657 394 735 enim,
425 656 598 740 spiritualis
624 656 665 720 ad
690 657 797 719 Deum
821 676 984 720 accessus:
1015 657 1079 720 fide
1104 678 1176 721 vere

79 761 242 825 acceditur
256 760 296 824 ad
313 762 333 824 J
334 776 429 838 muti,
447 782 510 843 qua
525 760 674 824 accedere
689 780 757 824 non
770 761 876 844 potuit
892 761 1046 825 Centurio
1061 762 1175 840 aliena,

79 864 136 928 sed
151 864 284 928 accessit
299 885 365 926 sua.
399 863 452 926 Sic
460 863 560 944 igitur
568 861 661 925 nobis
676 883 811 946 quoque,
827 863 869 927 ad
883 863 969 927 illius
983 864 1175 948 exemplum,

78 967 207 1049 propria
221 973 254 1029 et
268 974 379 1029 nostra
394 964 621 1028 accedendum.
646 964 719 1028 Nec
733 965 768 1027 in
786 966 972 1031 Senioribus
989 968 1010 1029 J
1012 966 1177 1031 udaeorum

79 1069 227 1152 ponenda
242 1089 323 1151 spes,
334 1068 385 1131 vel
400 1068 426 1131 si
441 1067 574 1151 mystice
589 1068 781 1148 intelligast.
820 1069 913 1146 Tim,
930 1068 970 1132 dc
980 1070 1177 1133 Centurione

79 1170 142 1233 alia
162 1171 245 1234 ratio
267 1178 334 1233 est:
360 1172 560 1253 Praeceptum
575 1190 642 1234 non
657 1169 791 1234 habuit:
816 1172 868 1250 Et,
885 1193 928 1233 an
943 1171 970 1234 si
986 1173 1176 1236 Centurioni

78 1273 209 1336 dixisset
226 1273 383 1351 Christus,
406 1273 513 1335 Veneto
529 1273 573 1334 ad
585 1273 652 1349 Me,
668 1273 805 1336 misisset
821 1273 961 1336 seniores
977 1273 1175 1353 Judaeorum,

78 1374 146 1457 ipse
172 1396 238 1439 non
262 1375 412 1453 venisset,
436 1374 615 1438 Cardinalis
638 1374 763 1438 viderit.
807 1375 875 1439 Vos
897 1384 1007 1439 autem
1038 1398 1113 1440 vere
1134 1378 1175 1441 ad

80 1478 216 1541 Sanctus
226 1477 385 1555 acceditis,
402 1498 476 1541 eum
494 1479 629 1540 Sanctos
645 1478 753 1555 oratis,
768 1479 879 1542 Sancti
894 1485 1002 1541 autem
1018 1481 1175 1544 accedunt

78 1579 119 1641 ad
134 1580 309 1658 Christum,
327 1581 476 1643 Christus
492 1579 533 1642 ad
547 1581 665 1643 Deum.
711 1581 811 1643 Recte
827 1580 956 1663 quidem
970 1581 1041 1660 hoc,
1063 1582 1089 1645 si
1106 1583 1173 1646 dix-

78 1683 156 1746 isset
165 1685 322 1761 Christus,
337 1684 386 1748 Ite
398 1683 443 1745 od
457 1684 598 1760 Sanctae,
609 1683 753 1747 Veniant
764 1684 810 1746 illi
825 1706 883 1768 pro
897 1685 996 1763 robis,
1012 1708 1054 1749 ne
1068 1687 1175 1751 venite

78 1806 133 1849 vos
149 1784 189 1848 ad
203 1807 265 1849 me.
311 1785 447 1848 Perinde
469 1785 540 1864 erit,
556 1785 617 1869 ipsi
636 1786 781 1863 veniatis,
805 1808 847 1848 an
871 1788 983 1850 Sancti
1007 1789 1174 1871 provehis

78 1888 217 1950 veniant.
250 1888 270 1950 J
272 1910 335 1965 am,
351 1909 424 1951 cum
439 1888 540 1950 venite
551 1888 595 1950 od
607 1888 673 1965 Me,
684 1887 809 1967 dixerit,
821 1891 921 1953 venite
932 1910 1043 1968 omnes,
1059 1897 1090 1953 et
1104 1891 1174 1972 Epo

77 1992 216 2072 reficiam
233 2013 306 2055 vos:
334 1993 402 2074 (per
412 1992 572 2074 meipsum
591 1991 712 2074 utique,
728 2013 794 2054 non
808 2013 866 2075 per
880 1992 1044 2056 ministros
1061 1997 1171 2075 meos)

78 2093 192 2176 quidni
214 2093 255 2156 ad
276 2094 368 2157 illum
390 2094 496 2177 ipsum
518 2100 606 2156 recta
626 2093 711 2156 imus
731 2094 799 2157 sine
819 2094 1003 2177 interprete,
1020 2102 1052 2159 ct
1075 2095 1115 2158 ab
1135 2118 1173 2160 eo

78 2196 238 2278 petimus3
255 2197 311 2260 sed
326 2197 367 2259 ad
382 2217 436 2260 eos
452 2196 649 2274 divertimus,
665 2196 705 2258 ab
720 2196 759 2259 iis
770 2197 921 2280 petimus,
937 2204 974 2261 ut
989 2198 1049 2281 ipsi
1063 2205 1172 2280 petere

76 2299 275 2382 dignentur?
320 2301 468 2362 Ancum
492 2299 557 2361 ullo
582 2300 775 2362 Sanctorum
795 2293 977 2383 spirituum,
993 2301 1096 2363 tutius
1117 2310 1173 2365 aut

74 2403 248 2486 jucundius
272 2403 443 2485 loquimur,
460 2423 556 2485 quam
571 2423 645 2465 cum
662 2402 682 2464 J
684 2422 739 2465 esu
758 2403 892 2467 nostro?
937 2404 991 2466 An
1006 2403 1174 2484 faciliores

77 2506 183 2569 aditus
209 2504 341 2583 habent,
372 2511 428 2568 aut
450 2504 550 2585 fandi
577 2511 715 2586 temporo
737 2506 929 2568 mollioro¹?
964 2505 1023 2583 vel,
1043 2506 1173 2570 Christo

77 2608 161 2671 ullus
176 2609 197 2672 J
199 2609 364 2672 udaeorum
379 2608 495 2686 senior,
512 2608 802 2672 Centurionefideli
818 2608 962 2691 gratior?
985 2611 1040 2673 An
1054 2610 1173 2675 sanctis

78 2719 157 2775 nota
171 2711 272 2794 magis
287 2712 492 2795 indigentia?
508 2734 550 2775 an
565 2712 685 2775 viscera
693 2712 935 2776 miserationum
949 2712 1062 2777 latiora
1078 2735 1173 2796 quam

79 2815 232 2879 Christo?
277 2815 332 2878 An
352 2817 455 2899 major
475 2815 604 2879 illorum
626 2816 661 2878 in
683 2837 742 2878 nos
762 2814 993 2894 benevolentia,
1011 2822 1049 2877 ut
1073 2816 1175 2898 major

77 2916 211 2999 proinde
225 2924 345 2994 nostra,
362 2917 446 2999 apud
463 2916 545 2996 illos,
561 2917 780 2981 confidentia?
825 2918 879 2980 An
894 2916 960 2979 ulla
974 2938 1085 2981 eorum
1103 2938 1176 3000 gra-

77 3020 132 3099 tia,
163 3020 318 3102 promisso
344 3019 474 3096 Christi,
501 3020 570 3102 Epo
596 3018 745 3099 reficiam,
776 3041 818 3082 an
850 3019 915 3082 ulla
943 3020 1173 3102 propinquitas,

78 3130 236 3205 praecepto
248 3123 377 3200 Christi,
393 3124 500 3186 Venite
515 3123 559 3186 od
569 3124 635 3200 Me,
648 3123 808 3206 antiquior
823 3144 891 3186 esse
907 3122 1024 3186 debet?
1047 3124 1093 3186 At
1108 3144 1173 3200 vos,

78 3245 152 3288 cum
175 3225 219 3288 sic
247 3227 381 3289 Sanctos
396 3227 561 3303 invocatis,
584 3227 691 3289 locum
706 3227 752 3289 eis
768 3226 887 3289 Christi
903 3225 995 3303 datis,
1015 3246 1131 3309 nempe
1146 3225 1174 3288 si

77 3330 210 3391 veniatis
232 3331 276 3392 od
296 3351 356 3408 eos,
373 3330 493 3393 Christi
505 3330 585 3392 -loco
603 3329 739 3407 habetis,
763 3330 818 3411 qui
838 3329 905 3393 vice
920 3329 1015 3406 illius,
1030 3328 1174 3410 reficiant

77 3452 141 3493 vos.
186 3432 379 3494 Mediatorea
393 3432 513 3494 hebetia
532 3431 618 3512 apud
626 3432 735 3509 Deum,
752 3433 946 3512 quiescerent
957 3452 1018 3511 pro
1034 3432 1176 3510 peccatis

77 3535 199 3610 vestris,
215 3535 320 3615 quoles
338 3555 370 3596 se
391 3535 520 3613 Paulus,
547 3540 577 3597 et
599 3535 745 3612 Joaoaea,
761 3533 981 3614 aoafeceruat,
997 3539 1027 3595 et
1041 3531 1174 3612 aisacia-

77 3643 155 3713 aeat,
188 3657 249 3698 noa
280 3638 422 3699 tulissent
440 3637 553 3717 fideles
582 3637 772 3709 Christiani;
806 3635 841 3698 Si
874 3642 961 3699 recte
990 3656 1059 3698 rem
1084 3642 1175 3697 tenet

78 3738 279 3820 Augustinus
295 3746 397 3802 contr.
414 3739 562 3802 Parmcn.
577 3739 610 3801 ii.
627 3739 676 3802 8·.

112 3957 123 3987 t
148 3947 233 4012 [Cani.
254 3947 329 3998 Bedas
351 3949 447 3998 Oomm
464 3949 492 3998 in
509 3947 606 3999 Shno
649 3964 740 3999 norum
751 3952 826 4012 atque
837 3947 951 3999 fidelium
958 3947 1176 4000 Christianorumt

81 4011 176 4075 Erang.
189 4013 293 4076 caprii.
302 4012 368 4075 apud
381 4012 499 4062 S'Phom.
513 4014 606 4076 Aqnin
651 4012 734 4063 ...Si
752 4016 817 4062 esset
833 4013 958 4063 mediator
975 4013 1076 4073 Penius,
1092 4018 1175 4063 emant

81 4078 145 4125 Aur.
157 4077 242 4127 Cateu
255 4078 283 4125 in
294 4076 352 4139 loc]
650 4079 737 4140 ntique
759 4081 786 4125 et
802 4078 888 4126 caeteri
909 4077 1042 4142 coapostoli
1062 4077 1123 4141 ejus,
1146 4092 1175 4127 ac

116 4150 124 4174 ¹
154 4140 220 4190 Vide
231 4141 304 4202 Virg.
317 4141 373 4189 AEn.
383 4141 415 4190 iv.
428 4141 497 4205 293]
650 4142 687 4191 sic
697 4142 773 4190 multi
784 4142 935 4192 mediatores
951 4147 1050 4199 casent;
1068 4156 1114 4190 nee
1124 4142 1174 4204 ipsi

112 4214 121 4236 ¹
149 4204 606 4270 “Sircroitadicerettdoannes,ec.)‚
651 4204 729 4255 Paulo
748 4209 874 4255 constaret
896 4207 968 4266 ratio,
990 4221 1040 4269 qua
1066 4205 1174 4264 dixerat,

80 4269 143 4318 Haec
155 4270 244 4332 scripsi
256 4269 338 4328 vobis,
349 4275 437 4319 utnon
445 4270 552 4333 peccetis
562 4291 568 4326 ς
580 4274 607 4319 et
655 4269 729 4319 Uaua
741 4271 808 4319 euim
819 4269 898 4331 Deus,
910 4286 978 4320 unua
989 4277 1012 4320 et
1022 4270 1175 4329 uatum?

78 4334 181 4447 {triti
194 4334 547 4448 attestatius
565 4349 607 4448 Ἓξ
651 4333 1174 4462 tti⁸t¹¹⁸at⁰¹ttt¹³itttttt

78 4413 561 4525 peccatisrestris3..iqnisiurnierret
651 4435 712 4512 torn.
725 4414 985 4525 ineditam—Di]
1018 4435 1026 4459 i
1077 4434 1082 4446 Ι
1160 4432 1177 4458 ⁶,

861 4549 919 4610 at
