2910 4926
264 253 331 318 228
581 270 625 318 no
646 268 838 318 cincinnus
859 268 1058 318 sannanim

267 445 343 490 vero
358 425 537 489 secundum
551 425 632 489 nulli
648 446 814 508 negamus.
854 425 1000 489 Tertium
1014 424 1060 488 ibi
1076 424 1242 490 canonem
1258 445 1278 489 ο
1292 424 1372 489 Car·

270 527 387 607 dinale,
402 549 476 592 cum
492 529 569 608 suis,
589 537 745 612 negatum
759 529 930 592 asserimus
938 538 962 593 ὅ.

304 663 343 713 Ex
355 665 449 714 tertio.
461 701 468 714 .
480 700 487 713 .
499 663 617 715 (tenenti
629 700 635 713 .
648 701 654 713 .
667 701 673 714 .
686 663 753 714 nihil
763 664 834 715 aliud
844 664 977 723 addacem,
988 664 1039 713 nisi
1049 668 1148 727 partem
1164 661 1284 726 Epistola
1295 660 1375 710 'l'heo

338 746 402 796 dosii
420 745 449 809 [J
451 746 557 811 unieris]
573 746 640 811 Imp.
653 745 687 796 ad
703 783 710 797 .
724 783 730 796 .
746 782 752 796 .
768 745 910 809 Synodum,
925 780 969 795 ...
984 749 1014 794 ut
1029 744 1084 794 Rex
1098 744 1235 806 intelligat,
1249 758 1307 807 quae
1320 743 1375 792 sint

337 833 420 893 partas
431 827 529 890 Regum
543 829 570 879 in
583 827 821 894 conciliis-[Bell.
833 829 908 893 Apol.
922 843 969 895 pro
981 827 1066 893 Resp]
1081 843 1105 892 p.
1118 830 1157 879 90.
1176 826 1243 893 [Op.,
1255 830 1316 876 tom.
1327 825 1374 876 vii.

337 910 383 959 col.
395 910 450 961 755.
465 908 506 974 a]

110 1013 188 1127 imm
315 1010 423 1074 Etiam
443 1011 589 1075 Tertium
613 1011 772 1075 Generalc
796 1010 945 1089 excussit,
969 1031 1031 1073 nec
1057 1009 1228 1094 quiequam
1254 1008 1375 1093 reperit

110 1077 215 1206 ,iffip
273 1112 346 1193 nisi,
370 1115 397 1177 si
413 1115 465 1178 cui
487 1115 615 1178 animus
638 1115 690 1193 sit,
711 1121 838 1196 portem
853 1115 1005 1196 Epistolae
1020 1113 1064 1175 nd
1079 1114 1250 1176 Concilium
1272 1115 1376 1175 νείατα.»

272 1238 331 1301 pro
347 1217 492 1281 Concilio
507 1216 584 1282 boni
607 1217 783 1281 consulere.
830 1218 874 1281 Et
897 1216 966 1279 haec
984 1216 1054 1300 jam
1077 1223 1153 1279 ante
1174 1215 1294 1279 obtrita
1315 1224 1375 1295 est,

274 1320 359 1404 apud
373 1322 509 1384 nonum
519 1319 542 1400 ¹¹,
566 1343 626 1386 ncc
647 1320 702 1400 ibi,
720 1342 791 1404 quae
809 1321 929 1404 Reponi
948 1326 1056 1405 partes
1076 1321 1151 1398 sint,
1175 1320 1294 1402 liquct;
1318 1320 1377 1384 sed

111 1430 244 1497 [Qualia
274 1445 346 1508 quoe
365 1425 527 1487 Comitum.
574 1425 644 1488 Rex
659 1430 767 1487 autem
785 1424 901 1507 (puto),
919 1425 946 1487 si
967 1445 1034 1487 non
1051 1429 1183 1506 praestat
1199 1421 1375 1502 Cardinali,

109 1510 237 1610 ffipu'
274 1534 307 1590 at
321 1527 432 1590 Comiti
447 1533 587 1609 praestat,
604 1535 641 1590 ut
655 1534 763 1611 partes
778 1526 826 1590 illi
840 1528 963 1611 priores
979 1527 1053 1606 sint,
1067 1535 1099 1590 ct
1115 1526 1216 1609 magis
1231 1525 1377 1608 amplum

110 1622 249 1689 cinclliia]
273 1651 403 1707 monuo,
421 1651 517 1712 quam
531 1630 663 1693 Comiti:
680 1630 729 1693 vel
745 1652 784 1694 ex
798 1629 869 1709 hoc,
887 1629 972 1714 quod
988 1629 1093 1712 coegit
1104 1629 1276 1713 'Synodum
1285 1627 1377 1691 illam

273 1731 484 1810 Theodosius,
512 1732 599 1815 quod
618 1732 819 1797 Candidiano
841 1754 909 1796 non
930 1732 1039 1797 licuit:
1063 1730 1113 1795 vel
1136 1752 1174 1794 ex
1195 1730 1267 1810 hoc,
1289 1731 1377 1814 quod

274 1835 467 1899 auctoritate
482 1857 540 1898 sua
562 1837 703 1899 Decreta
717 1836 787 1919 ejus
803 1835 1014 1912 confirmavit,
1031 1833 1116 1917 quod
1136 1855 1241 1917 neque
1257 1833 1376 1898 Candi-

226 1963 228 1967 ·
270 1937 371 2003 ¹(liano
386 1937 444 2000 fas.
490 1939 534 2001 Et
554 1960 620 2002 non
635 1938 763 2020 ignorat
777 1944 888 2002 tamen
904 1937 1093 2015 Cardinalis‚
1111 1938 1159 2001 vel
1175 1959 1213 2001 ex
1229 1938 1303 2020 jure
1317 1957 1377 2000 suo

277 2041 442 2105 Canonico
459 2041 571 2119 cavari,
587 2042 639 2103 obi
654 2062 705 2103 res
712 2040 794 2122 fidei
811 2043 927 2123 opiter,
942 2049 979 2103 ut
990 2039 1113 2121 fassit,
1130 2047 1160 2103 et
1174 2040 1283 2103 Laicis
1296 2041 1376 2104 inte-

276 2142 383 2209 resset
429 2145 523 2224 Τίτιος
541 2145 759 2209 Candidianus
773 2143 915 2223 Comen,
935 2144 975 2225 (si
989 2143 1022 2206 id
1037 2144 1073 2206 in
1088 2143 1248 2207 mandatis
1263 2143 1378 2208 habuit

276 2246 500 2335 aTheodosio,
514 2254 559 2310 ‘nt
582 2249 798 2310 dissentientes
819 2246 982 2325 cohiberet,
999 2255 1032 2309 et
1050 2247 1248 2328 eepopnondi
1268 2247 1377 2309 studio

277 2350 504 2431 compesceret)
533 2371 615 2433 saepc
646 2370 776 2414 necesse
797 2348 912 2412 habuit
935 2349 1105 2412 admiscere
1127 2349 1378 2423 setroctotiius

281 2452 448 2533 (tractatos
465 2452 552 2515 enim
569 2474 637 2516 non
659 2453 728 2516 sinc
751 2452 942 2515 dissensione
956 2451 1088 2532 fiebant)
1109 2473 1191 2534 saepe
1205 2458 1377 2535 utramque

276 2561 401 2636 partem
416 2555 511 2618 officii
532 2555 715 2635 admonere,
734 2576 818 2638 saepe
834 2555 1030 2619 sententiam
1046 2575 1137 2617 suam
1152 2555 1377 2637 interponere:

278 2657 363 2739 quod
397 2680 416 2720 a
448 2659 690 2722 Gloriosissimis
718 2658 883 2722 Joeticibns
912 2659 945 2720 in
976 2663 1087 2739 quarto
1117 2659 1263 2721 Generoti
1293 2679 1378 2741 saepc

277 2759 459 2823 factitatum
476 2759 558 2826 esti.

310 2893 385 2945 Vidit
397 2931 402 2943 .
415 2929 422 2943 .
434 2931 440 2943 .
453 2894 508 2944 Rex
518 2895 546 2943 in
555 2895 675 2946 conciliis
687 2931 694 2946 .
708 2933 714 2946 .
726 2933 732 2946 .
745 2911 796 2946 non
805 2896 948 2946 convenisse
955 2910 1041 2946 omnes
1054 2896 1246 2954 Ecclesiasticos,
1257 2895 1301 2945 sod
1312 2895 1379 2945 solos

342 2975 592 3039 Episcopoa-[Bclt
605 2977 679 3041 Apol.
691 2992 737 3040 pro
749 2976 833 3040 Resp]
845 2992 868 3040 p.
880 2979 918 3026 91.
932 2976 998 3040 [Op.,
1010 2982 1071 3028 tom.
1081 2979 1124 3027 vii.
1137 2977 1248 3029 cciiii.
1262 2975 1300 3039 a]

116 3089 178 3153 [Qut
192 3087 254 3139 eon·
325 3075 506 3138 Convenisse
532 3077 576 3138 ad
597 3077 735 3140 Concilio
759 3079 841 3140 solos
856 3077 1037 3158 Episcopos.
1079 3078 1229 3140 Nimium
1249 3075 1283 3138 id
1306 3073 1378 3157 qui·

114 3154 181 3202 Μ’
192 3154 229 3202 '¹¹'
279 3176 352 3240 dem
367 3184 445 3241 crat.
492 3179 594 3261 Legct
609 3179 707 3256 enirn,
727 3179 768 3242 ad
783 3179 957 3256 Niccnnm‚
974 3180 1182 3263 Presbyteros
1197 3177 1327 3255 multoS,
1344 3184 1378 3240 et

114 3222 205 3267 temne

114 3280 244 3345 dama]
279 3279 439 3343 Diaconos
463 3281 665 3346 convenisse:
688 3281 904 3347 Athanasium
925 3304 1061 3365 quoque,
1078 3284 1259 3347 Diaconum
1280 3279 1378 3344 modo

312 3458 324 3490 Ι
346 3450 409 3513 [Tit
431 3450 512 3511 μέντοι
535 3451 808 3503 Κωνσταντινουπθλειυς
851 3453 997 3510 κοινωνῆσαι,
1008 3452 1064 3502 τούς
1075 3452 1201 3513 κοσμικοθς
1213 3452 1238 3500 δὲ
1256 3451 1295 3501 καὶ
1311 3453 1380 3511 μονό-

281 3515 409 3563 θπίοκυπον
426 3516 491 3576 ἔχειν
507 3515 539 3562 τὰ
553 3518 669 3579 πρεσβεῖα
684 3520 728 3574 τῆς
739 3519 809 3576 τιμῆς
852 3515 943 3578 ζοντας,
954 3515 1009 3566 τοιίς
1023 3535 1051 3565 τε
1068 3520 1114 3575 ἤδη
1126 3518 1163 3565 nt
1176 3518 1247 3564 τοῦτο
1258 3526 1380 3577 συνειλεγ·

280 3579 342 3637 μετὰ
355 3579 398 3626 τὸν
408 3583 451 3637 τῆς
463 3581 553 3638 Ῥοίμης
569 3580 707 3639 ἐπίσκοπον,
725 3583 762 3630 aa
778 3580 807 3628 τθ
851 3583 941 3640 μένους,
956 3582 994 3629 καί
1010 3583 1066 3631 τοὺς
1078 3579 1224 3640 συνάγεσθαι
1234 3582 1378 3640 μέλλοντος,

282 3640 340 3690 «trac
356 3644 432 3703 αὐτην
450 3643 504 3692 νέαν
525 3643 650 3702 Ῥώμην-
657 3644 731 3693 Cone.
744 3644 769 3694 (i.
780 3644 808 3695 P.
851 3648 895 3702 τῆς
906 3645 978 3701 αὐτῆς
992 3647 1063 3694 παντί
1073 3648 1152 3707 τρόπῳ
1163 3645 1263 3706 χωρίσαι
1275 3644 1378 3695 πόλεως.

283 3706 343 3755 Con.
353 3707 498 3756 iii-(lonc.
510 3712 570 3756 tom.
584 3709 609 3755 ii.
622 3708 668 3756 col.
681 3711 735 3759 947.
748 3709 789 3771 Q]
852 3745 858 3757 .
872 3746 877 3757 .
891 3745 896 3757 .
909 3709 953 3756 Καὶ
964 3710 1089 3772 φροντίσαι
1099 3713 1142 3758 τοῦ
1152 3710 1184 3768 μη
1195 3729 1248 3758 τινα
1260 3709 1381 3770 διχόνοιαν

315 3767 325 3800 ⁵
345 3769 424 3831 [Vide
435 3772 533 3820 Tortor.
546 3771 624 3832 Tetti,
640 3787 663 3835 p.
673 3776 726 3822 206.
739 3773 807 3822 Edit.
851 3775 877 3834 ἐξ
896 3773 1045 3824 ἀντιπαθείας
1063 3775 1102 3823 ἐπί
1117 3774 1192 3824 πλέον
1211 3775 1380 3834 παραταθῆναι·

281 3833 376 3945 11084τῦ
852 3840 882 3887 τίς
900 3840 930 3886 ἃν
947 3840 980 3899 μὴ
1000 3842 1027 3888 ἐκ
1043 3836 1131 3887 τούτου
1149 3839 1163 3894 ἡ
1182 3842 1225 3896 τῆς
1243 3836 1381 3898 αἱγιοττᾶτης

315 3896 321 3928 ¹
342 3897 352 3961 [
377 3901 450 3947 ecret.
464 3898 518 3948 Par.
531 3899 546 3947 i.
560 3899 624 3947 Diat.
633 3901 698 3949 xcvi.
710 3915 762 3963 cap.
773 3902 804 3950 iv.
851 3903 913 3962 ὑμῶν
926 3902 1026 3954 συνόδου
1038 3902 1232 3965 παρεμποδίζοιτο
1248 3901 1380 3961 διάσκεψις,

281 3960 534 4025 ’Πθίῐιςιςι.’-Οοςρ.
556 3963 610 4012 Jur.
632 3964 692 4013 Con.
711 3971 772 4014 tom.
789 3966 806 4014 i.
851 3968 890 4015 nai
908 3968 1037 4029 ηἰίκριβθς
1049 3968 1093 4024 τῆς
1107 3967 1219 4024 ἀληθείας
1235 3965 1335 4028 ζτίτηοις
1352 3969 1381 4017 ἐκ

281 4025 337 4073 coll.
357 4028 412 4085 466,
428 4029 498 4086 466.;
521 4032 547 4076 et
563 4029 625 4076 conf.
646 4028 758 4078 Jacobit.
776 4030 807 4078 dn
849 4030 894 4088 τῆς
912 4032 1067 4094 ἐγγινομένης
1084 4030 1161 4092 τύχον
1180 4030 1284 4080 αἰτείιιτου
1301 4050 1380 4093 περεη·

281 4088 376 4138 Concit.
388 4090 432 4140 lib.
445 4092 470 4139 ii.
483 4106 506 4154 p.
516 4094 554 4141 59.
568 4091 598 4141 D.
608 4091 636 4140 E.
648 4093 693 4142 col.
706 4096 728 4142 2.
740 4093 807 4157 apud
850 4092 946 4155 χήσιοι
958 4095 1241 4158 orospedam-Theon
1255 4094 1334 4158 Epist
1346 4095 1380 4144 nd

280 4153 511 4218 constantinii]
852 4160 925 4209 Uonc.
945 4159 1118 4223 Epa-cone.
1136 4158 1199 4223 Eph.
1217 4174 1268 4222 par.
1287 4160 1304 4207 i.
1324 4175 1378 4222 cap.

312 4217 319 4258 4
344 4217 509 4281 [Ἐντέταλται
530 4219 610 4268 τοίνυν
627 4220 808 4279 Kentouriai
850 4237 927 4273 xxxv.
946 4224 1021 4273 Cone.
1034 4228 1094 4273 tom.
1106 4224 1142 4273 iii.
1154 4224 1200 4273 col.
1211 4226 1266 4272 442.
1280 4223 1308 4272 Ε.
1322 4226 1378 4275 443.

280 4284 537 4347 μεγαλοπρεπέστατος
548 4285 621 4343 κόμης
633 4288 681 4333 τῶν
692 4291 807 4335 καθοσιω-
851 4288 882 4335 A.
895 4286 948 4401 BQ

281 4344 312 4407 μί
313 4365 358 4394 νυν
368 4349 522 4409 δομεστικιῖν,
534 4348 590 4410 &xpi
602 4349 646 4406 τῆς
659 4350 729 4411 ιίγίας
745 4352 809 4409 ὑμαῧν
883 4349 895 4382 ⁸
915 4353 924 4416 [
951 4352 992 4401 ide
1000 4351 1073 4401 Cone.
1083 4352 1167 4401 Chalc.
1177 4353 1233 4400 Aet.
1241 4351 1378 4403 ii.-cona

281 4412 389 4470 διαβῆναι
407 4410 513 4469 συνόδου,
540 4412 578 4460 καί
599 4414 675 4472 μηδὲν
695 4414 740 4473 μίν
757 4416 809 4463 ταῖς
852 4417 913 4465 tom.
928 4417 961 4466 iv.
985 4417 1031 4465 col.
1045 4419 1099 4467 337.
1113 4416 1158 4475 B.;
1186 4421 1212 4466 et
1229 4418 1286 4466 Aet.
1301 4417 1380 4465 iii.-

279 4475 332 4539 πιρί
348 4476 397 4525 rein
412 4474 538 4538 δογμάτων
548 4475 681 4538 γινομέναις
695 4476 810 4539 ζητήσεσι
852 4479 914 4530 ibid.
932 4480 977 4532 cot
990 4482 1046 4532 468.
1058 4481 1085 4532 0.
1095 4480 1140 4545 Ι).]
