2910 4926
456 295 638 343 Aramaua
659 295 839 343 aaseonsro.
1157 281 1201 345 99

98 449 201 513 ullam
225 450 327 530 habet,
348 473 444 534 quam
467 452 553 516 ultro
572 453 642 537 jam
664 450 832 530 abdicarit,
848 472 923 515 cum
945 451 1094 536 deinceps
1119 452 1202 516 cinci

100 553 271 617 Elinicam
291 577 310 619 a
329 563 488 639 potestate
511 578 569 620 sua
590 554 761 639 ablegavit.
807 556 944 620 Perinde
960 557 1046 619 enim
1062 563 1140 635 erat,
1164 577 1201 621 ac

100 658 283 737 sidiceret,
313 660 439 722 [nadal
467 662 502 723 in
530 662 627 741 lupas,
658 661 711 742 pai
739 679 801 722 non
828 661 894 722 call
916 661 984 742 cepi
1009 681 1030 722 a
1055 660 1199 723 Pastore.

99 761 219 825 Punice
245 770 354 826 autem
378 784 431 826 eos
457 763 559 842 aliter,
591 784 688 846 quam
714 764 861 841 Censura,
892 784 958 827 non
984 770 1110 846 potest:
1139 785 1199 828 nec

99 874 199 929 restat
215 867 244 930 ei
265 875 338 952 post
361 890 522 932 aeneorum
543 890 649 952 poena,
674 890 770 952 quam
794 868 920 951 infligat
941 868 1087 932 ulterius.
1135 869 1199 933 Sed

101 988 207 1050 neque
222 977 260 1034 ut
279 971 390 1035 redcat
406 972 596 1055 compellere
613 978 728 1055 potest,
751 971 823 1053 (nisi
844 992 983 1051 cnunc,
1000 991 1071 1055 quae
1088 972 1199 1037 Eccle-

103 1071 158 1134 siae
176 1075 237 1154 est)
261 1075 316 1158 qni
338 1076 452 1139 Pastor
474 1075 626 1140 Ecclesiae
649 1083 709 1139 est.
755 1076 865 1139 Potest
887 1076 942 1139 ille
964 1076 1046 1139 alter
1072 1077 1199 1154 Pastor,

104 1174 182 1254 Rex,
209 1176 264 1259 qui
279 1177 440 1242 Vicariam
462 1199 546 1262 saepe
568 1199 696 1263 operam
718 1177 772 1242 hic
793 1185 934 1263 praestat,
950 1183 984 1242 et
1004 1198 1102 1262 poena
1116 1178 1200 1243 civili

101 1276 210 1361 adigit.
256 1281 402 1345 Ecclesia
429 1303 504 1345 vero
533 1281 574 1345 ad
604 1302 765 1345 censuram
793 1302 968 1366 progressa,
998 1281 1085 1345 ultra
1113 1282 1200 1365 quod

101 1381 208 1461 faciat,
223 1383 413 1449 nonhabet.
453 1384 614 1450 Redeunti
628 1392 738 1449 tamen
748 1385 929 1450 condonare
944 1391 1062 1469 potest,
1078 1391 1111 1449 et
1126 1407 1200 1469 sup·

101 1485 186 1569 plici.
231 1488 422 1551 Auditunan
444 1488 531 1552 enim
554 1510 587 1553 se
609 1495 682 1573 post
704 1487 840 1573 spondet
859 1489 1044 1567 Ecclesiam,
1065 1488 1152 1552 ultro
1167 1509 1201 1552 sc

101 1588 142 1652 de
156 1611 239 1654 novo
255 1589 393 1675 subjicit.
439 1592 584 1656 Ecclesia
601 1601 709 1656 autem
729 1593 843 1654 nemini
862 1593 1014 1673 praciam
1036 1590 1200 1654 clandill:

101 1693 275 1771 neminem,
299 1694 354 1779 qui
380 1695 419 1759 de
442 1694 578 1758 Etnnico
607 1694 771 1778 baptizari,
798 1695 853 1778 qui
882 1694 923 1757 de
953 1695 1034 1756 sicat
1064 1695 1201 1758 Ethnico

103 1794 223 1859 absolvi
253 1797 333 1877 vult,
362 1797 467 1883 rejicit
495 1819 657 1881 unquam
691 1808 896 1881 aequavero
924 1803 1031 1880 potest
1060 1798 1200 1881 rejicere,

104 1899 265 1983 Sponsum
295 1922 389 1964 suum
417 1901 553 1966 imitata.
602 1902 661 1974 Qui
687 1901 732 1963 ad
759 1899 815 1964 Me
837 1901 965 1978 antedi,
995 1920 1056 1962 aon
1079 1900 1201 1982 ejiciam

95 2000 217 2082 saras&

148 2105 352 2190 Quanquam,
363 2107 440 2192 quid
453 2108 601 2172 Christus
616 2107 676 2172 sibi
686 2107 772 2185 velit,
788 2127 862 2169 cum
878 2105 967 2184 dixit,
984 2106 1035 2168 Sit
1049 2105 1107 2168 tibi
1121 2106 1201 2168 nnat

103 2208 267 2288 ataniaa,
288 2210 408 2273 Paulus
426 2212 584 2295 interpres
606 2211 755 2295 optimus,
775 2209 895 2293 (idest)
921 2209 1002 2271 nillil
1023 2208 1079 2271 libi
1101 2214 1132 2270 et
1153 2209 1203 2271 illi

103 2311 156 2390 ait,
172 2312 363 2375 nominatim
378 2321 487 2377 autom
501 2314 658 2396 judiciale
671 2314 760 2392 nicil,
777 2312 858 2376 nihil
873 2310 978 2394 quoad
993 2316 1096 2374 actam
1110 2311 1202 2373 Iadi-

104 2415 207 2477 candi.
256 2416 340 2488 Quia
352 2419 432 2479 enim
451 2419 537 2496 mila,
561 2418 616 2496 ait,
632 2418 669 2480 de
688 2419 729 2480 iis
744 2437 809 2499 paca
821 2414 908 2497 soris
922 2420 994 2478 cant
1007 2412 1204 2495 judicared?

102 2516 223 2580 Eorum
232 2520 284 2600 qni
299 2521 392 2598 intus,
402 2541 498 2602 peries
509 2542 584 2583 nos:
601 2522 654 2603 pai
661 2519 757 2602 soria,
767 2540 864 2601 penca
872 2519 972 2581 Deam
978 2518 1135 2599 judiciam
1146 2523 1202 2580 est.

104 2620 257 2685 Potuitne
275 2622 378 2705 magis
398 2625 532 2705 aperte?
577 2623 628 2686 De
651 2642 686 2686 re
705 2621 876 2707 judiciaria
889 2641 1035 2704 expresse
1049 2619 1201 2702 loquitur.

101 2723 144 2785 In
151 2724 337 2805 paenalibus,
353 2725 483 2807 dejure,
499 2726 650 2789 Ecclesiae
664 2726 719 2809 jus
733 2724 870 2802 nullum,
885 2731 923 2787 ut
938 2724 976 2786 de
991 2724 1031 2784 iis
1046 2723 1099 2804 pai
1117 2720 1204 2803 soris

103 2831 177 2888 eunt
182 2826 327 2907 judicet:
344 2828 425 2890 nihil
440 2828 469 2891 ei
484 2829 565 2912 plus,
582 2850 678 2911 quam
697 2836 734 2891 ut
750 2825 876 2908 auferat
891 2847 911 2888 a
925 2847 968 2905 ae,
984 2825 1093 2889 tradat
1109 2824 1203 2888 Sata-

105 2939 179 3009 na',
195 2951 215 2993 a
229 2930 370 2995 Domino
385 2939 457 3015 post
469 2932 670 3017 judicandos.

138 3090 289 3154 Sequimur.
302 3128 309 3141 .
320 3129 326 3143 .
339 3093 481 3144 doctrinam
500 3094 525 3143 S.
534 3093 647 3155 Thomna,
664 3094 708 3158 qui
725 3093 753 3142 in
764 3094 787 3141 2.
800 3094 822 3141 2.
834 3106 858 3156 q.
870 3094 909 3141 10.
921 3106 942 3141 a
955 3093 994 3141 10.
1005 3090 1121 3151 affimat,
1132 3105 1204 3156 posse

169 3172 284 3223 infideles
307 3173 436 3238 Principes
453 3190 499 3239 per
514 3177 666 3226 mutantium
683 3174 802 3224 Ecclesia
818 3174 913 3238 privari
935 3173 974 3237 [in
995 3173 1071 3222 certis
1091 3174 1203 3237 casibus]

169 3253 290 3317 dominio,
301 3255 368 3319 quod
379 3256 475 3306 habant
485 3271 560 3321 super
570 3254 785 3321 caelest-[Bell.
797 3254 871 3319 Apol.
884 3268 929 3318 pro
941 3253 1027 3317 Resp]
1041 3268 1066 3317 p.
1079 3254 1118 3303 26.
1138 3252 1204 3318 [Op.,

168 3338 230 3386 tona
239 3336 282 3386 vii
295 3338 341 3386 col.
349 3338 404 3390 719.
417 3337 445 3388 G.
458 3338 500 3403 D.]

147 3453 204 3533 At,
227 3475 292 3534 aas,
311 3455 438 3540 (inquit)
466 3459 623 3539 sequimur
637 3457 812 3519 doctrinam
830 3455 959 3532 laona,
979 3454 1033 3535 pai
1053 3454 1147 3516 certic
1170 3454 1204 3515 in
1216 3475 1358 3553 [pamm

105 3556 228 3619 candaca
248 3557 392 3639 (omissis,
413 3559 541 3638 sedicet,
561 3582 580 3623 a
594 3559 717 3639 Paulo,)
735 3557 874 3638 infideles
889 3556 1053 3637 Principes
1068 3556 1204 3641 affirmat
1216 3540 1343 3670 ffi‘ffi

105 3659 241 3722 dominio
254 3662 381 3741 privari
398 3682 501 3743 posse,
525 3663 617 3744 idque
633 3682 694 3743 per
707 3661 890 3724 scandiam
904 3659 1062 3722 Ecclesia.
1107 3657 1204 3722 Affir-
1216 3669 1293 3748 randi
1305 3672 1357 3722 nn:

105 3769 174 3826 mat
189 3784 264 3846 ergo
279 3785 371 3847 posse
387 3765 425 3827 de
444 3766 494 3844 iis,
518 3787 584 3847 aaa
599 3764 686 3847 soris
709 3771 790 3844 eant,
803 3764 961 3845 judicare,
978 3761 1063 3846 quod
1086 3761 1205 3826 Paulus
1217 3734 1306 3800 peno]

145 3983 157 4016 ¹³
184 3984 262 4050 [Vide
290 3986 411 4037 Decreial.
441 3987 514 4050 areg.
543 3988 586 4037 lib.
609 4004 630 4036 v.
677 3988 791 4038 tiamvcl
809 3987 993 4038 ordinationem
1012 3988 1139 4049 Ecclesia,
1150 4004 1205 4039 auo

104 4049 154 4099 ‘ria
181 4051 225 4101 vil.
252 4051 304 4101 ‘Dc
335 4053 483 4103 Haereticis.¹
512 4068 565 4116 cap.
591 4068 631 4101 xv.
675 4054 805 4103 toritatm
828 4053 874 4102 Dei
897 4054 1021 4112 habentis,
1039 4055 1090 4104 tale
1102 4056 1146 4119 jus
1163 4055 1205 4104 do

104 4113 387 4176 ‘Excommunicamun’
404 4119 431 4167 in
448 4118 527 4168 Glosa
539 4118 631 4167 advoc.
675 4119 751 4167 minii
766 4117 805 4168 vel
821 4117 977 4182 prolationis
989 4119 1063 4179 tolli;
1080 4120 1140 4182 quia
1150 4119 1204 4168 infi-

103 4179 394 4245 ‘Deprshensi.'—Oorp.
412 4181 466 4231 Jur.
486 4181 554 4243 Can,
570 4185 630 4231 tom.
675 4180 744 4232 deles
752 4181 1069 4232 meritosuaainfidelilatis
1077 4188 1206 4233 merentur

103 4245 131 4294 ii.
149 4246 195 4294 cal.
206 4245 289 4309 1686]
675 4250 825 4310 potestatem
842 4247 958 4296 amittere
969 4262 1044 4310 super
1054 4246 1149 4304 fideles.
1160 4248 1204 4310 qui

136 4308 235 4359 ‘Joan
248 4311 279 4359 vi.
293 4311 332 4362 37.
675 4311 975 4360 transferunturiniilios
986 4310 1203 4361 Dein-suham.

136 4371 148 4403 ⁴
166 4376 179 4423 1
193 4373 248 4424 Cor.
259 4391 282 4424 r.
295 4377 333 4424 12.
678 4377 770 4439 Aquin.
781 4375 849 4424 Sum.
861 4375 947 4425 i'hcol.
956 4376 1007 4424 Sec.
1016 4375 1068 4424 Sec.
1079 4375 1170 4432 Queat.
1180 4391 1203 4424 1.

137 4445 149 4470 ⁶
178 4439 258 4489 1001.
271 4455 294 4489 r.
306 4440 340 4506 6.]
679 4441 734 4489 Art.
751 4457 775 4489 x.
796 4440 880 4490 Conci.
901 4441 921 4498 i.
940 4439 1102 4503 ‘Respondco
1122 4440 1204 4490 dicen·

136 4501 146 4533 ¹
176 4503 287 4555 “Potest
304 4508 390 4555 tamen
405 4504 474 4568 justa
485 4510 636 4571 pertentan-
679 4504 766 4569 duras]

887 4591 947 4650 112
