2910 4926
259 264 303 325 ‘24
574 285 616 333 an
637 286 829 337 canoniam
849 288 1049 338 nmmum

259 457 356 520 quam
375 438 439 501 vim
463 439 614 521 babeant,
629 452 703 527 post
724 447 824 510 visuri
846 468 972 511 sumus:
1000 469 1041 510 an
1061 447 1180 512 seilicet
1199 445 1358 522 Pontifex,
1392 429 1395 439 ¹

259 562 326 605 non
341 563 361 605 a
375 543 504 609 Christo
519 547 612 610 Alias
626 549 686 627 sit3
711 550 761 632 (de
777 573 840 635 quo
855 552 976 615 nemini
992 551 1124 616 dubium
1141 558 1188 616 est
1200 554 1220 633 ε)
1238 552 1303 631 sed,
1316 572 1358 614 an

258 644 353 708 Alius
366 646 408 710 sit
423 647 464 711 ab
479 649 684 715 Antichristo

302 750 411 835 Atque
431 751 511 831 haec,
528 754 708 820 Cardinalis
728 759 811 823 acies
832 759 945 843 prima,
964 760 999 823 in
1022 782 1084 844 qua
1105 760 1190 823 vides
1215 760 1356 842 (Lector)

259 851 398 917 Triarios
421 855 500 939 ejus,
526 878 605 940 quos
629 880 747 942 magno
766 861 889 945 judicio
911 863 1033 946 selegit,
1058 864 1092 926 iu
1115 863 1260 946 primam,
1288 882 1360 946 quae

260 959 415 1023 acerrima
452 960 533 1025 solet
569 983 648 1041 esse,
686 966 868 1030 coitionem.
928 968 976 1031 Ut
1012 967 1359 1030 Transubstantiationi

259 1061 364 1144 primo
379 1069 510 1126 cautum
526 1063 579 1128 sit.
623 1067 717 1147 Tum,
734 1069 858 1149 Petrus,
876 1077 913 1133 ut
928 1069 1109 1133 Monareha
1124 1070 1175 1134 sit.
1221 1070 1308 1153 Papa
1322 1077 1360 1133 ut

260 1165 481 1230 Antichristus
496 1189 539 1232 ne
554 1169 606 1232 sit.
631 1171 694 1235 Pro
708 1172 822 1255 primo,
838 1173 909 1236 Hoc
923 1179 969 1237 est
984 1195 1095 1255 corpure
1105 1195 1213 1238 meum.
1237 1175 1297 1238 Est
1315 1175 1360 1255 (id

260 1269 321 1353 est)
335 1289 395 1334 aen
406 1277 462 1348 eat,
473 1274 534 1335 aiei
545 1275 762 1339 eonvertoterl
798 1279 1012 1343 convertatur
1020 1278 1066 1360 (id
1077 1279 1135 1362 est)
1147 1280 1360 1342 treautboton-

260 1373 356 1437 tietur
377 1375 410 1436 ia
433 1396 543 1457 eor-pua
565 1399 672 1456 meum,
688 1386 723 1442 at
744 1387 827 1445 reete
841 1382 928 1446 docet
954 1384 1122 1446 Concilium
1138 1385 1359 1462 Tridentiaam,

261 1478 344 1543 Sera.
363 1480 439 1543 13¹⁸.
471 1482 533 1545 Pro
548 1483 707 1548 secundo:
731 1487 831 1550 Pasce
845 1487 894 1571 (id
909 1488 969 1569 est)
987 1489 1084 1571 Reqio
1105 1509 1187 1551 more
1202 1490 1319 1569 impero
1331 1498 1358 1549 ¹¹:

262 1582 367 1666 Reges
386 1583 555 1672 proscribe,
570 1588 728 1669 proculea,
744 1597 859 1653 macta.
905 1591 967 1655 Pro
988 1592 1101 1655 tertio:
1125 1593 1217 1653 Alias
1237 1591 1357 1675 (idest)

260 1688 484 1752 Antichristus.
528 1689 644 1754 Tribus
659 1691 710 1754 his
731 1693 834 1772 salvis,
849 1714 899 1757 res
915 1694 1099 1758 Christima
1118 1703 1198 1759 stat:
1222 1695 1360 1778 negatis,

261 1791 402 1871 labascit,
425 1793 492 1855 Hui
515 1815 607 1876 queem
632 1796 734 1858 eito⁰l
760 1796 835 1860 Tria
857 1797 925 1862 haee
949 1798 1004 1881 qui
1026 1798 1187 1877 defendat,
1211 1800 1294 1884 Ajax
1318 1799 1361 1878 sit

261 1896 336 1960 fidei
350 1896 560 1962 Christiauae:
582 1899 647 1965 Qui
663 1920 763 1978 secus,
779 1901 918 1984 expungi
934 1902 1052 1985 stylum
1068 1901 1124 1980 illi,
1137 1924 1178 1965 ne
1193 1903 1283 1964 ridet
1298 1904 1360 1964 De-

254 2001 369 2084 fensor
382 2001 434 2066 sit.
469 2003 532 2067 Hie
546 2010 595 2067 est
609 2003 698 2068 cuim
713 2004 877 2069 cardinali
891 2005 1004 2090 Tripos
1019 2005 1269 2069 Christianitatis
1285 2027 1359 2068 suae.

294 2172 393 2223 Omitto
411 2178 508 2235 caetera,
529 2188 587 2238 quta
606 2173 658 2224 Rex
678 2175 706 2224 in
717 2211 724 2223 .
736 2211 743 2223 .
755 2212 761 2224 .
774 2173 926 2224 Proeiationc
937 2210 943 2224 .
955 2209 962 2221 .
975 2210 981 2223 .
993 2178 1078 2237 negat,
1099 2176 1129 2222 ut
1152 2172 1360 2222 intercessionem

326 2255 483 2317 Sanctorum,
500 2255 613 2317 Missam,
633 2255 820 2319 Purgatorium,
842 2255 1025 2317 indulgentias,
1047 2257 1088 2304 bc.
1128 2254 1190 2312 Qum
1212 2256 1256 2318 qui
1276 2260 1361 2316 negat,

325 2355 384 2391 eum
407 2338 565 2390 Catholleum
644 2354 696 2389 non
715 2353 768 2388 esso
847 2352 899 2387 uon
920 2338 1003 2387 solum
1025 2337 1094 2387 docti
1114 2338 1252 2387 sedetiam
1272 2338 1361 2387 idiotas

325 2417 528 2484 sciunt-[Bell
541 2419 615 2482 Apol.
627 2433 673 2483 pro
685 2417 772 2483 Bosp]
786 2433 810 2482 p.
822 2421 845 2468 6.
859 2416 930 2482 [Op.,
942 2421 1004 2467 tom.
1016 2418 1059 2468 rii.
1072 2418 1119 2469 eol.
1130 2420 1144 2470 'i
1147 2421 1185 2468 08.
1197 2418 1274 2483 A.B.]

308 2554 431 2616 onera
456 2558 588 2616 eatae:
611 2558 738 2635 poterat
761 2558 793 2615 et
819 2551 892 2629 ista,
915 2572 982 2615 non
1005 2551 1124 2615 minus.
1170 2553 1248 2615 Non
1275 2552 1362 2615 enim

260 2663 329 2721 turn
344 2656 497 2740 speciosa,
512 2662 549 2718 ut
564 2655 615 2719 vel
634 2655 669 2718 iu
687 2655 773 2719 calce
794 2653 878 2734 libri,
895 2654 1014 2719 nedum
1037 2657 1072 2719 in
1086 2657 1193 2720 fronte
1213 2656 1362 2721 collocari

260 2783 341 2846 opus
363 2769 457 2827 esset.
503 2763 707 2845 Quanquam,
731 2781 802 2844 quae
824 2759 878 2823 bic
904 2759 982 2822 dicit
1008 2763 1148 2825 aurittere
1170 2783 1212 2840 se,
1240 2764 1288 2844 (ut
1314 2770 1362 2824 est

259 2866 351 2931 labili
380 2866 545 2949 memoria)
574 2865 709 2929 resumit
735 2871 807 2947 post
831 2863 951 2927 omnia.
1000 2848 1054 2926 'Et
1080 2885 1139 2928 nos
1162 2866 1216 2944 ibi,
1240 2876 1278 2930 ut
1301 2867 1362 2929 hoc

256 2971 326 3055 jam
350 2970 420 3034 loeo
441 2968 521 3047 haee,
544 2968 591 3032 ita
611 2967 667 3031 illo
692 2966 790 3029 etiam
812 2964 868 3028 illa
890 2967 992 3028 omitti
1013 2966 1165 3048 potuisse,
1188 2968 1297 3031 neseio
1319 2991 1361 3031 an

259 3075 367 3137 idiotis
391 3074 467 3155 ejus,
496 3071 629 3136 eruditis
657 3070 771 3154 (spero)
798 3069 964 3153 probaturi
994 3091 1114 3133 sumus.
1172 3071 1249 3133 Nou
1276 3073 1361 3133 euim

259 3176 382 3264 (eredo)
408 3177 472 3240 illis
501 3176 611 3239 scribit
639 3174 709 3239 haee
737 3180 806 3236 tam
829 3172 978 3251 elumbia,
1003 3195 1063 3237 nec
1093 3173 1180 3237 aliud
1207 3180 1276 3236 toto
1301 3174 1362 3236 hoe

189 3278 194 3291 '
260 3280 379 3363 scripto
401 3301 459 3344 suo
473 3279 600 3344 videtur
622 3298 725 3361 agere,
742 3297 838 3361 quam
862 3283 899 3338 ut
914 3277 1035 3340 [diotae
1054 3298 1126 3341 artos
1147 3283 1313 3342 conservet
1328 3277 1363 3339 in

260 3383 422 3448 idiotismo
437 3404 502 3447 orto.

292 3537 365 3597 Quod
376 3537 445 3595 fiilos,
457 3550 533 3601 quam
545 3535 599 3587 Rex
610 3535 731 3597 defendit,
742 3551 794 3587 non
808 3537 888 3600 possit
898 3551 956 3587 vore
973 3536 1023 3587 diei
1036 3536 1174 3598 catholica,
1188 3561 1218 3581 =

96 3697 175 3811 pena
186 3697 221 3749 att
306 3679 471 3746 Quorsum
485 3701 560 3744 vero
575 3678 742 3762 negotium
757 3677 818 3742 sibi
834 3678 903 3761 jam
919 3676 974 3740 det
991 3676 1179 3753 Cardinulis,
1195 3683 1232 3738 ut
1248 3674 1364 3756 probet

98 3760 247 3892 emona]
261 3804 327 3847 non
354 3804 432 3862 esso,
458 3804 554 3866 quam
584 3783 654 3846 Rex
681 3781 834 3860 defendit,
865 3782 1057 3844 CotboIieem
1074 3780 1192 3860 sidem.-
1217 3779 1309 3857 Quae,
1336 3779 1364 3841 si

265 3889 445 3951 Christiana
460 3910 526 3952 uon
542 3894 601 3966 cst,
616 3887 776 3949 Cattottca
787 3906 855 3949 esse
870 3906 936 3948 non
951 3883 1080 3967 potest?
1104 3884 1204 3947 Recte
1216 3883 1302 3945 euim
1319 3882 1364 3944 sie

261 3992 404 4074 procedit
427 3989 665 4075 consequentia,
691 3990 764 4052 Non
788 3989 978 4062 Christiano,
1005 4007 1065 4049 aaa
1091 4008 1167 4069 ergo
1191 3988 1362 4051 catholieo.

260 4095 307 4159 At
323 4095 435 4159 vitiose
449 4095 506 4158 illa
519 4096 615 4172 illius,
628 4116 702 4158 eum
712 4095 828 4157 Tortus
844 4099 937 4169 esset,
954 4092 1029 4155 Gom
1045 4112 1106 4154 aon
1120 4093 1161 4154 sit
1177 4093 1364 4169 Catholicae,

259 4289 381 4350 volutam,
400 4293 521 4353 tauquam
541 4289 659 4340 omnibus
670 4288 788 4339 christia
863 4296 880 4319 ¹
909 4287 975 4339 Vide
987 4290 1152 4352 supru,p.16.
1165 4292 1217 4335 not
1229 4286 1261 4350 ·.]

259 4353 788 4419 utsadcrcdeudumnsceasariamurgerc?
864 4362 877 4385 ¹²
912 4353 977 4403 Vide
989 4369 1016 4403 ru
1037 4369 1071 4414 ra,
1083 4367 1108 4415 p.
1122 4354 1159 4401 19.
1172 4356 1224 4401 not
1237 4350 1266 4412 l]

259 4417 463 4482 -Praetlloa]
476 4420 552 4483 pot.
610 4419 664 4484 te]
866 4422 879 4447 ⁰
909 4369 1197 4470 l'ercutlluuuch.i.2.
1211 4415 1265 4478 98.]

295 4480 303 4516 ¹
317 4482 399 4547 [Vide
410 4498 493 4548 supra,
503 4496 528 4547 p.
537 4485 575 4534 lo.
