2910 4926
214 293 279 356 410
525 294 783 358 sn'crnnnuns
803 309 1002 359 nmnmumr

212 463 364 544 septiceps
379 462 588 545 cap.XIH⁰?
624 463 826 528 Universitas
840 465 1023 548 impiorum.
1063 463 1149 532 Quid
1160 465 1230 549 jam
1246 485 1318 550 cap.

214 566 339 631 XVII0.
373 567 493 629 Mulier
506 567 621 630 Bestia
634 568 836 650 inequitaas?
858 568 1059 632 Universitss
1073 567 1185 633 itidem
1200 569 1320 653 impio-

214 690 297 732 rum.
317 669 380 747 Ita,
390 689 457 732 non
467 669 536 752 jam
546 668 765 732 Antichristus
776 691 870 749 unus,
883 690 979 752 supra
993 691 1036 750 se,
1052 671 1108 735 sed
1122 671 1320 735 Uriaersitas

214 771 375 854 Equorum
394 792 490 853 supra
509 772 745 835 Uaiaerritotem
760 773 911 854 Equitum
930 774 1039 838 sedere
1059 774 1200 839 dicetur:
1225 795 1319 858 spec-

215 875 332 954 taculo,
348 874 450 958 magis
464 874 500 937 in
511 875 716 953 Universum,
733 875 889 956 mirando,
906 877 933 940 si
948 883 1058 941 tamen
1073 878 1230 941 tardiores
1244 879 1319 961 ejus

214 978 274 1042 tali
299 978 475 1062 capiantur.
523 978 574 1041 Sit
603 985 745 1042 erratum
767 978 838 1058 hoc,
862 979 898 1042 in
928 980 1106 1044 cardinale.
1152 981 1194 1044 In
1226 981 1321 1064 Rege

215 1064 302 1146 enim
323 1081 370 1144 nil
394 1081 459 1145 tale
485 1081 712 1165 deprehendet.
768 1082 920 1164 Namque
943 1082 992 1147 ita
1017 1083 1057 1147 de
1081 1085 1171 1166 Rege
1191 1092 1318 1162 narrat,

216 1186 325 1267 (atque
347 1184 394 1247 ita
417 1185 545 1266 quidem
573 1184 668 1249 verba
690 1205 724 1248 se
749 1185 847 1267 Regis
870 1184 1002 1268 habent)
1024 1187 1153 1264 Octava,
1180 1207 1247 1268 qua
1268 1194 1319 1250 est

213 1289 323 1351 Bestia
339 1293 406 1372 350.ss
452 1287 516 1351 Sed
534 1288 691 1351 Octaoaae
705 1288 824 1366 Bestia,
842 1308 908 1369 qaa
930 1295 976 1352 est
990 1289 1126 1352 Bestia?
1170 1288 1253 1354 Quis
1270 1290 1320 1353 sic

211 1390 378 1475 loquitur?
407 1391 526 1454 Octava
541 1392 659 1470 Bestia,
678 1411 744 1472 qam
758 1396 805 1454 est
819 1391 954 1454 Bestia?
988 1392 1070 1458 Quis
1084 1391 1166 1455 ierat
1179 1391 1321 1475 loquen-

212 1495 305 1556 tem?
344 1493 408 1556 Vix
423 1493 520 1556 etiam
536 1493 682 1575 ignoscas
698 1493 846 1556 tarditati
860 1494 938 1576 ejus,
955 1494 1011 1576 qui
1022 1495 1068 1557 sic
1083 1494 1178 1577 legat.
1226 1493 1320 1559 Quid

212 1595 314 1678 ergo?
351 1596 479 1672 Octava,
498 1597 576 1677 (non
591 1595 710 1673 Bestia,
727 1615 786 1658 nec
802 1595 972 1679 quicquam
986 1594 1031 1659 ibi
1047 1595 1132 1679 quod
1146 1596 1193 1658 ita
1207 1603 1317 1674 sonet,

212 1694 280 1779 sed)
298 1697 417 1760 Octava
428 1697 601 1778 Reqimiais
607 1695 726 1778 forma,
739 1703 849 1760 octava
860 1697 1056 1779 maaianai
1069 1699 1182 1761 ratio⁰.
1205 1698 1319 1761 Iverat

213 1800 307 1863 enim.
322 1800 392 1862 Rex
409 1820 467 1883 per
485 1799 624 1884 reliquos
644 1799 690 1863 ibi
717 1800 882 1862 Ordiaales
904 1821 924 1862 a
942 1800 1063 1878 Prima,
1087 1800 1128 1863 ad
1143 1800 1319 1881 Septimum

213 1923 334 1986 usque:
357 1909 440 1984 post,
457 1901 586 1986 subjicit
602 1903 642 1966 de
657 1907 768 1965 octava
781 1903 910 1984 Imperii
921 1900 1030 1984 focata
1045 1904 1149 1966 Roma
1167 1902 1318 1987 propria:

213 2011 251 2068 ut
273 2026 345 2070 vere
369 2005 489 2083 tardas,
510 2005 567 2089 qui
579 2006 641 2069 hoc
655 2026 723 2069 non
737 2005 871 2069 viderit:
895 2027 1078 2090 quanquam
1094 2006 1232 2068 tarditas
1247 2027 1318 2070 non

213 2108 284 2187 fuit,
310 2106 366 2171 sed
388 2107 476 2172 aliud
498 2109 649 2193 quiddam
671 2108 811 2172 deterius
833 2109 929 2192 longe
954 2109 1113 2171 tarditate.
1163 2108 1318 2170 Octavam

213 2211 345 2294 quidem
370 2213 471 2295 Caput
485 2213 601 2275 Bestia
621 2233 688 2276 non
710 2211 794 2275 male
817 2211 926 2275 forsan
945 2211 1106 2294 intelligat
1129 2211 1318 2293 (Septimum

211 2314 300 2378 enim
323 2315 419 2399 plaga
435 2315 577 2380 occisum
603 2318 668 2396 est)
691 2320 842 2390 octavam,
862 2315 931 2397 jam
951 2315 1130 2391 redivisam,
1154 2313 1316 2378 sedidem

212 2437 287 2482 cum
301 2421 430 2500 septimo
442 2446 453 2493 ‚·
475 2425 572 2504 atque
594 2420 656 2483 hoc
678 2419 735 2498 ita,
758 2425 796 2480 ut
816 2438 889 2481 cum
911 2418 1051 2482 redivivo
1073 2417 1176 2500 capite
1200 2418 1316 2481 Bestia

212 2542 338 2604 quoque
366 2522 435 2605 ipsa
463 2522 620 2585 revixerit.
677 2522 794 2599 Quare,
825 2527 965 2583 octavam
994 2521 1082 2584 illam
1117 2521 1315 2602 gubernandi

204 2623 345 2704 formam
369 2626 410 2706 (vi
432 2626 552 2705 Capitis
575 2626 660 2686 illias
685 2626 797 2707 octavi)
822 2625 924 2686 vivam
944 2625 1014 2708 jam
1039 2625 1145 2687 denuo
1171 2625 1315 2687 Bestiam

212 2726 297 2789 dicat
312 2728 383 2810 quis
398 2749 464 2791 non
478 2727 690 2790 incommode.
736 2729 879 2790 loannes
900 2727 986 2790 enim
1009 2728 1076 2810 ipse
1095 2728 1140 2789 sic
1155 2728 1240 2789 visus
1264 2738 1314 2791 est

210 2829 325 2892 dicere.
373 2831 470 2912 Regis
494 2837 602 2892 autem
623 2831 784 2893 sententia
806 2831 929 2893 nemini
951 2831 1087 2895 obscura
1108 2851 1176 2893 esse
1192 2839 1311 2912 potest.

212 2932 322 2995 Bestia
336 2933 422 2995 enim
446 2933 603 3016 septiceps
623 2933 671 2996 illi
690 2935 864 2995 Romanam
883 2935 1045 3013 imperium
1067 2932 1209 3010 denotat,
1231 2936 1313 3015 (toto

211 3044 318 3098 autem
334 3045 477 3119 tempore
494 3058 562 3116 suo,
579 3036 726 3120 quodque
742 3045 819 3099 ante
835 3036 894 3099 sub
910 3036 1047 3119 Paganis
1063 3036 1135 3114 fuit,
1161 3037 1311 3119 quodque

210 3145 283 3220 post
313 3139 373 3201 sub
399 3139 634 3221 Antichrist0):
666 3139 798 3217 Mulier,
819 3159 891 3221 quae
918 3159 1014 3222 super
1040 3139 1182 3201 Bestiam
1206 3140 1308 3216 sedet,

209 3241 430 3305 Antichristus
458 3243 505 3305 illi
528 3249 586 3319 est,
614 3242 668 3324 qui
692 3242 759 3305 sedi
780 3242 850 3325 jam
872 3242 920 3304 illi
942 3242 1099 3324 praesidet.
1146 3242 1213 3304 Ubi
1234 3264 1310 3305 vero

208 3344 372 3408 interdum
393 3347 489 3408 etiam
505 3345 724 3408 Antichristus
747 3345 795 3407 illi
811 3346 920 3406 Bestia
943 3345 1136 3423 nominatur,
1157 3366 1224 3408 non
1245 3346 1309 3408 alio

208 3447 242 3510 id
266 3456 376 3511 tamen
400 3447 504 3526 modo,
522 3469 618 3530 quam
641 3447 740 3530 siquis
761 3447 891 3530 vulgato
913 3446 1064 3530 loquendi
1083 3469 1172 3510 more
1188 3448 1275 3530 quod
1291 3471 1310 3510 a

208 3550 296 3633 Papa
310 3553 356 3627 fit,
373 3574 392 3613 a
407 3553 511 3614 Roma
525 3552 593 3614 fieri
609 3551 703 3628 dicat,
716 3559 763 3627 ut,
781 3552 885 3613 Roma
899 3551 1025 3613 infensa
1036 3572 1138 3634 nuper
1151 3551 1306 3614 Venetis:

209 3672 282 3714 curn
299 3654 385 3735 Papa
399 3654 495 3735 paulo
516 3652 578 3715 fuit
601 3653 767 3717 infensior.
812 3654 913 3716 Nullo
938 3664 1046 3717 autem
1072 3654 1105 3715 id
1128 3654 1309 3717 soloecismo

208 3755 335 3836 penitus
348 3781 354 3816 ε
380 3776 454 3818 cum
463 3756 582 3838 ubique
591 3778 660 3819 mos
671 3757 820 3832 obtinuit,
835 3757 939 3839 Regni
951 3758 1105 3840 cujusque
1117 3778 1236 3820 nomen
1248 3779 1307 3840 pro

209 3858 297 3938 Rege
313 3859 496 3940 usurpandi.
530 3861 636 3941 Atque
651 3881 735 3938 vero,
750 3860 800 3922 bis
815 3861 854 3922 de
866 3862 975 3922 Bestia
989 3861 1112 3923 mentio
1122 3861 1142 3922 J
1144 3862 1242 3923 oanni
1258 3862 1306 3938 fit,

207 3960 306 4022 semel
316 3981 382 4043 cap.
394 3962 518 4038 XIII⁰.,
528 3963 623 4044 paulo
635 3971 743 4026 autem
753 3963 934 4026 obscurius:
950 3964 1078 4040 iterum,
1086 3984 1153 4046 cap.
1166 3964 1305 4042 xviia,

207 4062 380 4144 etquidem
392 4064 495 4126 multo
508 4064 685 4127 dilucidius.
710 4066 780 4128 Nec
796 4066 882 4131 enim
894 4066 1009 4128 mulier
1019 4066 1086 4129 ulla
1097 4088 1165 4149 cap.
1178 4067 1304 4145 XIII⁰.,

208 4165 275 4227 sola
290 4165 333 4228 ibi
345 4186 401 4248 per
413 4187 446 4228 sc
458 4166 576 4229 Bestia.
604 4168 816 4229 Commodum
831 4169 938 4250 igitur,
955 4171 1002 4250 (ut
1014 4171 1120 4252 Caput
1133 4169 1239 4252 Capiti
1254 4192 1305 4233 re·

206 4267 369 4349 spondeat)
385 4267 470 4349 quod
481 4268 573 4330 estin
582 4269 823 4332 XVII⁰.malier
834 4272 1023 4351 imquitatem
1040 4272 1072 4334 id
1083 4281 1131 4334 cst
1142 4272 1177 4333 in
1188 4273 1302 4336 xilla

333 4445 343 4466 ⁰
365 4436 451 4499 [Proet.
464 4436 553 4486 Monit.
566 4453 590 4501 p.
604 4438 672 4498 lla]
968 4449 978 4468 ⁰
998 4439 1091 4502 [mia]
