2910 4926
455 285 637 332 rroiooruu
659 285 839 333 ursros‘sro.
1160 266 1202 329 59

100 441 201 522 Cujus
227 446 305 502 nota
331 441 502 518 sententio,
522 441 578 504 Ac
596 443 696 504 Deum
716 440 926 521 suffiopotore
951 441 1078 500 nonest
1101 436 1201 517 opust,

101 544 196 606 Certe
216 563 276 606 noc
297 543 499 606 obsecratore.
544 546 588 607 Et
609 544 674 622 ills,
694 544 739 605 To
761 545 844 606 solus
858 541 991 604 Domine
1013 539 1203 602 invocandus

99 655 170 708 esu:
199 647 254 723 Ut,
270 668 337 708 non
354 647 395 709 sit
412 647 574 710 unanimis
589 648 642 710 hio
656 646 707 710 vel
727 647 823 710 unius
838 643 1004 709 Ambrosii
1018 664 1201 707 cousensus.

100 750 142 812 Iu
163 771 201 812 eo
224 757 333 813 tumen
354 753 402 832 (ut
422 774 479 834 por
501 750 566 836 est)
580 752 720 813 secunde
746 751 947 833 copitotiones
969 748 1201 831 sapientiores&

98 855 218 930 Etiam,
240 855 375 937 scriptus
402 855 449 917 illi
474 856 513 918 de
537 856 691 919 Oratione
717 854 808 930 liber,
832 855 867 916 in
894 875 967 936 quo,
998 852 1064 934 (ubi
1090 860 1202 916 tumen

100 958 187 1020 locus
204 957 341 1020 adhunc
356 979 424 1021 rem
439 959 584 1040 idoneus)
601 959 692 1021 nulls
706 979 841 1040 usquam
857 958 896 1020 de
913 957 1042 1020 Sanctis
1057 956 1190 1020 mentio.

135 1091 266 1141 Ruffiuus.
280 1129 286 1140 .
299 1129 305 1140 .
319 1093 350 1141 dc
357 1093 496 1143 Theodosio
507 1131 513 1142 .
526 1131 532 1142 .
545 1095 595 1143 .sie
606 1095 725 1159 loquitur.
753 1093 914 1143 ‘Circuibst.
927 1129 933 1141 .
945 1129 951 1141 .
964 1092 1050 1142 omnis
1060 1091 1202 1141 orationum

165 1175 225 1233 locu,
237 1180 296 1224 unte
307 1174 448 1237 Martyrum
464 1181 491 1225 et
507 1177 688 1240 Apostolorum
705 1177 790 1226 thecus
802 1175 902 1239 jaeebut
918 1175 1001 1224 cilicio
1019 1176 1165 1237 prostratus,
1176 1176 1202 1221 et

163 1256 260 1304 suxilin
278 1256 328 1305 sibi
346 1255 397 1306 sida
419 1257 568 1306 Sanctorum
591 1259 768 1308 intercessione
788 1255 1048 1321 poscebst¹.’-[Bell.
1067 1255 1143 1319 Apol.
1156 1269 1202 1321 pro

168 1336 255 1401 llesp.]
268 1352 292 1400 p.
302 1341 339 1386 ro.
354 1338 423 1401 [Op.,
436 1343 496 1387 tom.
509 1340 552 1386 rii.
565 1340 611 1388 col.
623 1341 678 1390 714.
693 1339 715 1388 Α
735 1338 777 1402 Β.]

144 1453 248 1515 Locus
265 1462 373 1516 sutem
390 1455 521 1534 Ruiliui,
538 1456 635 1519 nimis
652 1466 808 1539 angustus
824 1456 864 1519 ad
882 1477 960 1520 rom.
1005 1455 1202 1519 Theodosius
1214 1459 1358 1577 qetssuffini

99 1556 145 1618 ibi
163 1558 355 1619 Sanctorum
371 1559 531 1621 invocator
551 1566 692 1623 nonest.
736 1560 837 1623 Aliud
858 1561 944 1623 enim
965 1567 1023 1638 est,
1039 1581 1168 1642 poscere
1183 1582 1202 1623 a
1215 1526 1334 1657 fflff'

101 1660 229 1721 Sanctis
255 1660 419 1738 auxilium,
441 1661 527 1743 quod
550 1663 677 1746 proprie
702 1662 852 1726 Innocere
872 1670 939 1726 est:
970 1662 1067 1741 uliud,
1091 1685 1111 1726 o
1134 1663 1202 1727 Deo

93 1783 232 1842 poscere,
250 1765 435 1826 Sanctorum
451 1766 676 1828 intercessione.
721 1767 837 1849 Neque
857 1767 943 1829 enirn
964 1767 1089 1844 efficiet,
1106 1774 1143 1828 ut
1163 1788 1202 1833 ex

100 1867 317 1929 intercessione
340 1875 492 1949 sequntur
513 1869 688 1931 invocatio:
720 1869 858 1952 quando,
881 1877 1045 1952 utcunque
1070 1869 1118 1932 illi
1144 1891 1203 1952 pro

100 1969 192 2031 uobis
210 1970 412 2047 intercedent,
430 1971 492 2032 uisi
515 1971 608 2033 nobis
631 1979 740 2033 tomen
767 1972 864 2034 certis
888 1992 956 2034 esse
977 1971 1082 2050 detur,
1098 1972 1202 2036 audiri

99 2094 159 2135 uos
174 2072 214 2134 ab
230 2073 293 2136 eis:
317 2079 350 2135 et
370 2073 506 2154 (etiamsi
522 2081 647 2137 constet
661 2074 741 2137 illud
757 2074 848 2156 ntlco)
867 2075 931 2137 uisi
950 2082 1146 2159 pracceptum
1160 2075 1202 2139 ad

100 2175 134 2236 id
163 2176 296 2238 Domini
325 2175 509 2255 habeamus,
535 2177 724 2240 intercedent
749 2177 797 2240 illi
823 2198 880 2261 pro
909 2177 1002 2241 nobis
1028 2178 1123 2256 ultro,
1147 2199 1203 2241 nec

99 2280 202 2340 cocoti
211 2304 221 2349 ;
246 2301 264 2340 a
279 2277 371 2341 nobis
386 2287 505 2357 tumen,
518 2287 555 2341 ut
570 2281 776 2358 intercedunt,
791 2302 857 2343 non
872 2281 1046 2344 invocandi.

146 2382 280 2444 Sanctus
306 2379 339 2443 ἐν
361 2379 532 2466 προθύροις
558 2403 636 2459 csse,
660 2383 694 2446 in
718 2384 950 2465 Receptaculis²
971 2389 1001 2449 et
1026 2382 1364 2498 Cffldifflffffbffi

100 2484 291 2560 animorum,
315 2485 350 2546 iu
374 2483 507 2563 Atriisb,
532 2486 596 2549 Dei
624 2486 769 2550 nondum
791 2488 912 2551 visione
934 2487 1008 2566 frui,
1033 2495 1367 2576 senserunttomtuq

100 2588 292 2652 cPatn'bus
314 2609 380 2650 non
400 2589 504 2671 pauci.
551 2590 659 2653 Sensit
681 2611 755 2653 vero
776 2591 873 2653 etiem
890 2590 1037 2655 Pontifex
1058 2592 1202 2655 Joanues
1267 2597 1310 2658 46

100 2691 228 2753 lililI.c
257 2691 301 2772 (ct
320 2692 499 2774 perieulum
523 2700 601 2771 erat,
625 2713 666 2755 nc
687 2692 726 2755 de
750 2694 812 2757 tide
830 2695 949 2758 faceret
968 2717 1096 2759 sensum
1115 2694 1202 2757 hunc

100 2795 358 2877 sententiamque
374 2795 487 2876 suam.)
535 2796 612 2858 Non
628 2816 704 2878 ergo
726 2817 784 2880 por
797 2802 1017 2883 κατοπτρικὴν
1031 2799 1065 2861 in
1079 2799 1201 2879 speculo

133 2947 233 3012 ¹[“lltl
245 2947 327 2996 Deum
341 2951 433 3007 auteur,
451 2963 524 3011 quem
541 2948 629 3010 utique
672 2948 735 2997 culis
768 2948 917 3012 sedibusque
950 2949 1091 3012 requiescit,
1113 2949 1200 2999 eodem

98 3011 165 3060 nihil
194 3013 263 3073 lutet,
289 3014 414 3074 (omnium
442 3014 511 3062 euim
538 3014 629 3062 moritu
673 3012 726 3062 Dco
746 3020 853 3073 creante,
879 3014 1091 3077 quemadmodum
1114 3020 1202 3064 exorte

99 3078 181 3140 norit)
193 3077 394 3140 promerendum,
404 3078 566 3139 sullrsgutoro
578 3093 629 3126 nou
672 3078 714 3135 sit,
726 3078 792 3127 sicut
808 3078 838 3128 de
850 3080 956 3141 Angelis
972 3078 1071 3129 dictum
1086 3084 1132 3138 est,
1144 3080 1201 3143 jam

99 3141 630 3271 eeernnust-inu
671 3141 825 3257 nun
838 3143 1073 3272 reserere
1094 3146 1201 3272 nn

99 3270 125 3318 S.
135 3273 224 3320 Ambr.
236 3273 291 3335 Op,
301 3277 361 3322 tom.
370 3273 397 3321 ii.
406 3208 524 3336 uppenri.
534 3273 580 3322 col.
589 3275 628 3322 33.
674 3274 727 3335 Op,
737 3277 799 3321 tom.
811 3274 854 3322 rii.
866 3274 911 3323 cot
923 3275 978 3323 tos.
996 3278 1027 3323 A.
1041 3273 1083 3336 B.]

99 3337 132 3384 A.
147 3335 184 3399 B.]
705 3336 828 3399 ·[·‘Ncc
850 3343 935 3387 tumen
966 3339 1099 3401 quisquam
1120 3341 1202 3401 putet,

133 3408 145 3430 ¹
164 3401 310 3464 [S.Ambr.]
321 3402 417 3451 inobit
428 3401 548 3451 'Phcodos
560 3400 630 3465 [sect.
674 3401 772 3452 animos
794 3407 851 3466 post
873 3407 980 3451 mortem
999 3403 1115 3466 protinus
1133 3402 1201 3464 judi·

101 3468 141 3515 86.
153 3465 209 3528 Op..
221 3471 281 3515 tour.
293 3467 320 3516 ii.
333 3467 377 3516 col.
392 3469 462 3517 1207.
476 3467 520 3531 D.]
674 3467 740 3515 curi:
757 3482 815 3516 usur
827 3482 914 3517 omues
925 3468 953 3516 iu
963 3482 1014 3516 uus
1024 3468 1201 3529 communique

132 3537 143 3560 ¹
163 3530 209 3592 [ni
220 3531 324 3589 δευτέρω
332 3551 380 3581 πως
391 3531 514 3595 φροντίδες
526 3529 630 3594 coponi-
673 3531 787 3580 custodia
797 3531 950 3591 detinentur,
960 3532 1040 3581 donec
1050 3536 1150 3595 tempus
1160 3531 1202 3580 ad·

99 3595 267 3658 par-Eurip.
280 3597 358 3660 llipp.
371 3596 441 3658 tin]
674 3597 765 3655 reniet,
785 3611 834 3659 quo
850 3597 978 3646 maximus
995 3596 1076 3660 judex
1095 3598 1200 3645 merito-

133 3668 144 3699 7
162 3660 263 3724 [Rollin.
277 3663 344 3711 illst.
357 3661 423 3710 Eccl.
436 3661 479 3710 lib.
493 3662 519 3710 ii.
540 3661 580 3719 (sl.
593 3660 627 3708 xi.
672 3676 728 3711 ruru
745 3661 820 3711 facist
832 3661 1116 3726 exsmeu.'']—Lsctsnt.
1132 3660 1200 3724 [Dis.

100 3724 134 3773 od
153 3726 212 3773 cole.
232 3725 321 3776 Euseb.
343 3727 410 3775 llist.
429 3726 505 3789 llccl.)
524 3741 577 3789 cap.
590 3729 629 3775 33,
675 3725 826 3840 Ιηειίὴᾶὶίὶ).
839 3727 883 3776 rii.
906 3727 958 3791 [De
973 3728 1026 3776 vito
1042 3725 1133 3790 besta]
1148 3741 1200 3790 cop.

100 3804 124 3852 p.
135 3789 203 3853 259]
675 3792 755 3856 xxi.[
779 3790 821 3840 ull.
840 3791 896 3841 Bib.
918 3791 972 3842 Pas
989 3797 1049 3843 tom.
1061 3792 1095 3841 lv.
1113 3794 1200 3855 pnso.

135 3861 145 3883 ²
163 3855 192 3918 [“
205 3854 261 3904 Hoc
272 3855 366 3904 bonum
379 3855 442 3915 (Deo
453 3854 630 3918 odhaererese.)
675 3857 721 3906 eol.
733 3858 753 3904 l.
765 3854 805 3919 0.]

101 3919 193 3981 quibus
209 3935 342 3969 commuue
360 3926 405 3979 est,
418 3920 511 3969 habent
531 3926 630 3969 etcum
710 3918 1117 3986 l[‘¹indesinsdubio,quo(ljsm
1125 3923 1201 3975 multi

101 3984 147 4033 illo
158 3984 630 4034 ouinlhoercntetiuterscsoeietotcm
674 4001 705 4034 ex
717 3986 790 4035 nobis
806 3986 834 4035 iu
852 3988 924 4036 striis
942 3992 1018 4049 stent,
1031 3996 1203 4052 exspectantes

101 4055 221 4109 sanctem,
244 4055 270 4098 ct
302 4056 361 4098 suut
379 4065 429 4098 uno
455 4050 545 4098 ciritus
575 4050 630 4109 Dei,
674 4050 752 4100 donee
777 4052 900 4115 recipiant
923 4067 1027 4116 corpore
1050 4057 1115 4105 ευτ’
1128 4053 1202 4118 -S.]

101 4114 238 4177 codemque
250 4116 336 4163 rivum
351 4114 501 4162 sucrificium
516 4114 583 4178 Ejus,
596 4121 630 4163 vi·
675 4115 776 4166 Bcrnnr.
785 4117 908 4167 Seruili.
921 4117 952 4167 de
964 4133 1031 4166 omn.
1040 4117 1123 4169 Senct
1132 4121 1200 4185 [sect

101 4193 210 4241 rumque
230 4179 353 4242 templum
372 4179 439 4242 Ejus.
479 4180 555 4241 Cujus
573 4195 630 4242 pars
675 4180 1185 4246 1.0p,voti(tom.iii.)eol.1css.D.t

101 4258 158 4305 quae
180 4243 355 4306 conjungenda
373 4244 560 4293 immortalibus
579 4247 631 4293 An·
706 4245 811 4310 e[Vide
834 4246 936 4296 (leison.
962 4246 1040 4296 Scrm.
1064 4249 1092 4296 in
1115 4249 1201 4298 Pnseb.

100 4308 166 4369 getis
187 4324 219 4357 ex
241 4309 390 4358 mortalibus
412 4309 556 4358 hominibus
576 4325 630 4357 con·
677 4311 732 4372 Op„
745 4312 845 4359 tonniv.
858 4312 903 4359 col.
914 4313 968 4360 tor.
979 4312 1060 4372 c.D.;
1077 4312 1149 4362 Josn.
1158 4328 1202 4362 11.

100 4378 227 4435 gregatur,
240 4377 266 4422 et
280 4388 347 4422 nuuc
362 4374 502 4423 mortaliter
519 4375 627 4436 peregri·
679 4377 718 4435 (nl.
733 4377 808 4438 xxii.)
822 4376 901 4439 Epist
912 4377 927 4425 i.
942 4377 1025 4435 (Cone.
1035 4381 1096 4426 tom.
1109 4378 1144 4426 xi.
1154 4378 1200 4428 ool.

101 4444 176 4486 natur
192 4439 220 4487 iu
238 4439 319 4493 torris.
330 4438 369 4488 rel
386 4440 411 4487 iu
430 4440 469 4497 iis,
490 4441 533 4502 qui
550 4446 630 4488 morte
679 4442 750 4488 loss.
764 4441 793 4488 Α.
809 4440 865 4498 1).);
889 4445 915 4489 et
935 4441 1027 4490 Beued.
1047 4442 1129 4501 situl.
1144 4442 1201 4499 xii.)

102 4503 226 4563 obicmnt,
245 4504 346 4553 secretis
364 4505 504 4552 animarum
525 4513 631 4569 recepta·
679 4504 758 4568 llpist.
768 4506 784 4554 i.
796 4505 859 4566 ibid,
872 4507 917 4555 col.
929 4509 998 4557 litt.
1012 4505 1056 4570 n]
