2910 4926
215 4201 221 4210 ⁸
298 4196 310 4230 d

257 290 323 353 810
569 303 612 352 so
634 302 824 352 mmmmm
845 301 1045 352 nmmum

257 467 369 524 tamen
399 459 579 543 quicquam.
639 460 694 522 An
729 458 818 523 enim
846 457 894 522 ibi
923 457 964 523 de
998 457 1130 522 Christo
1165 456 1362 522 vaticinetur

261 562 388 641 Daniel,
403 563 443 627 lis
465 561 570 627 adhuc
591 561 653 625 sub
671 561 811 646 judice⁸.
855 563 902 625 At
925 559 965 625 de
982 560 1180 624 Antichristo
1198 560 1253 625 hic
1274 561 1361 645 Apo-

259 667 372 731 stolum
387 686 490 750 agere,
505 664 651 729 fatentur
666 684 789 729 omnes.
835 667 883 729 Ut
901 652 1021 728 autem¹
1032 663 1213 729 confessum
1232 664 1306 749 quis
1320 685 1361 728 cx

261 777 466 833 controverso
492 768 639 851 explicet,
663 768 746 832 ratio
771 767 1006 851 interpretandi
1034 788 1102 832 non
1128 768 1262 852 patitur.
1316 768 1362 832 Et

260 874 314 938 hic
343 875 452 937 laesam
482 872 542 935 sibi
575 871 763 935 memoriam
792 869 934 934 ostendit
971 869 1160 947 Cardinalis,
1191 869 1248 953 qui
1283 868 1361 933 alibi

261 976 400 1061 scripsit,
426 976 657 1039 Antichristum
685 974 842 1057 egregium
870 970 1025 1055 Mopsusb
1050 971 1139 1037 lore:
1177 972 1233 1056 qui
1259 972 1286 1036 si
1315 972 1362 1036 ita

260 1081 399 1158 futurus,
415 1101 476 1142 ooo
491 1081 617 1143 extollet
630 1100 664 1142 so
677 1098 771 1160 asper
784 1097 902 1141 omnem
915 1077 1037 1139 Deum⁰
1045 1103 1056 1150 ;
1078 1097 1146 1140 non
1162 1075 1251 1140 enim
1266 1096 1363 1160 super
1401 1156 1404 1161 Ι

262 1185 370 1253 Deum
384 1184 482 1268 hujus
506 1183 622 1248 saeculi.
669 1183 800 1247 Falsum
825 1181 955 1265 quidem
978 1181 1096 1258 Deum,
1118 1179 1226 1244 Deum
1248 1186 1362 1243 tamen

262 1287 409 1352 adorabit
423 1294 456 1351 et
471 1288 566 1352 colet.
610 1287 665 1351 Ita
682 1287 807 1351 haerent
826 1286 881 1350 hic
899 1284 1019 1350 omnia.
1064 1284 1177 1348 Potest
1198 1283 1363 1362 autem,si

261 1391 478 1455 Antichristus
507 1391 590 1456 colet
620 1391 728 1455 Deum
760 1389 888 1469 falsum,
919 1396 953 1454 et
982 1389 1070 1453 Deos
1097 1388 1195 1453 falsos
1231 1388 1363 1453 adorare

263 1492 431 1558 Pontifex:
458 1500 492 1556 et
515 1500 627 1557 tamen
649 1492 866 1556 Antichristus
891 1512 992 1557 esse..
1028 1492 1117 1556 Nam
1146 1492 1313 1573 Vocarium
1329 1512 1364 1556 se

263 1596 441 1673 nominare,
465 1603 498 1660 et
524 1617 609 1674 eum,
633 1597 727 1679 cujus
748 1596 832 1660 vices
858 1595 963 1674 obeat,
985 1596 1186 1680 impugnare,
1213 1595 1364 1679 frequens

263 1701 331 1764 via:
355 1722 481 1785 nempe,
497 1708 534 1764 ut
556 1700 736 1765 obtendant
756 1701 892 1784 Regiam
914 1699 1140 1764 auctoritatem
1161 1699 1308 1778 rebelles,
1323 1697 1365 1764 nd

264 1806 388 1889 Regem
402 1806 510 1888 ipsum
525 1805 726 1883 auctoritate,
743 1826 827 1889 saepe
842 1811 876 1869 et
886 1805 962 1883 vita,
978 1804 1170 1869 exuendum.

295 1942 424 1994 Romanm
434 1948 518 1994 sutem
532 1943 650 1994 Pontifex
665 1959 698 1994 ex
709 1944 826 1995 doctriua
837 1945 1024 1996 catholicorum
1039 1945 1154 1996 vicarius
1165 1944 1213 1996 Del
1223 1948 1271 2005 est,
1280 1959 1311 1995 oc
1320 1959 1366 2009 per

328 2024 375 2075 hoc
386 2040 438 2075 non
448 2026 582 2075 extollitur
591 2040 667 2089 super
674 2025 879 2089 Deum-[Bell.
889 2027 964 2091 Apol.
971 2042 1017 2091 pro
1029 2026 1114 2092 Resp]
1123 2042 1148 2092 p.
1157 2029 1211 2077 129.
1221 2027 1293 2092 [Op.‚
1302 2032 1364 2077 tom.

327 2106 372 2156 vii.
384 2107 430 2157 col.
442 2107 498 2160 777.
512 2105 553 2172 Β]

308 2216 373 2280 Sed
397 2217 483 2298 quod
504 2217 697 2281 Pontificem
720 2217 773 2281 hio
798 2218 958 2282 Vicoriom
980 2220 1043 2282 Det
1067 2217 1152 2302 stylo
1174 2239 1258 2282 novo
1280 2239 1365 2281 nun·

263 2324 369 2401 cupat,
395 2318 450 2401 qui
475 2318 544 2402 ipse
568 2318 705 2382 antehac
730 2318 785 2383 diu
812 2341 880 2383 non
904 2320 969 2383 nisi
990 2321 1079 2385 Petri
1100 2327 1179 2398 erat,
1202 2328 1276 2404 post
1297 2341 1366 2385 non

261 2421 326 2484 nisi
336 2421 458 2485 Christi
467 2420 491 2500 d,
504 2421 560 2485 scd
575 2443 679 2506 neque
690 2422 821 2502 Christi,
831 2423 894 2485 nisi
907 2444 968 2505 quo
979 2424 1123 2486 mortalis
1128 2432 1150 2501 θ,
1163 2444 1228 2487 non
1244 2430 1366 2501 autem,

263 2546 324 2607 quo
345 2527 441 2604 Deus,
463 2526 603 2590 adducor
627 2533 665 2589 ut
689 2526 829 2603 credam,
850 2548 918 2590 non
941 2526 976 2589 in
999 2548 1037 2590 eo
1057 2527 1212 2591 memoria
1237 2525 1365 2610 lapsum

264 2628 480 2692 cardinalem.
537 2629 648 2712 Majus
677 2650 757 2711 opus
786 2629 936 2692 molitur:
974 2630 1114 2693 mutabit
1143 2631 1179 2693 in
1208 2630 1365 2693 doctrina.

262 2730 352 2793 Nam
382 2730 531 2795 Christus
562 2752 625 2814 qua
654 2732 809 2810 mortalis,
837 2754 903 2795 non
929 2733 1045 2796 extulit
1075 2755 1108 2797 sc
1134 2755 1230 2818 super
1260 2735 1367 2818 Reges

262 2841 376 2916 terrae:
400 2856 459 2898 nec
482 2836 603 2901 Christi
626 2837 726 2919 igitur
747 2838 900 2901 Vicarios.
948 2838 1066 2916 Quare,
1088 2838 1269 2902 mittendus
1290 2838 1368 2902 huic

263 2937 360 3001 titulo
383 2938 511 3002 libellus
532 2940 668 3023 repudii,
685 2940 740 3004 sed
761 2941 926 3024 paulatim,
942 2948 975 3004 et
998 2941 1066 3004 sinc
1089 2942 1244 3024 strepitu:
1273 2941 1367 3005 Vaco-

263 3042 367 3104 riatus
381 3040 463 3104 Det‘
483 3042 546 3106 alia
560 3043 628 3107 vice
651 3043 837 3122 sumendus,
854 3065 918 3126 quo
940 3043 987 3106 ita
1005 3043 1105 3108 libere
1124 3045 1193 3127 jam
1213 3043 1369 3107 extollere

265 3166 299 3208 se
313 3146 424 3228 possit,
437 3168 503 3210 non
519 3168 615 3230 super
630 3147 746 3223 Deum,
760 3146 817 3209 sed
831 3168 923 3228 super
938 3168 1025 3210 omne
1037 3148 1120 3228 quod
1133 3169 1152 3210 o
1167 3147 1234 3210 Deo
1250 3147 1369 3210 dicitur

265 3250 383 3314 Deusss.
429 3251 469 3315 Id
491 3252 620 3334 quidem
642 3252 769 3330 dicitur,
787 3252 872 3335 quod
889 3273 962 3316 vere
980 3252 1107 3316 dicitur.
1153 3252 1238 3315 Vere
1256 3259 1368 3316 autem

265 3350 308 3431 id,
327 3354 412 3436 quod
435 3377 454 3418 a
477 3355 565 3419 Deo:
589 3377 649 3419 ncc
665 3377 684 3418 a
699 3357 769 3419 Deo
784 3357 870 3418 Deus
892 3356 1018 3432 dicitur,
1037 3355 1098 3418 nisi
1121 3355 1176 3438 qui
1197 3376 1235 3434 ex
1256 3376 1369 3419 eorum

264 3478 400 3521 numero
421 3465 479 3536 est,
496 3480 574 3542 quos
593 3459 673 3521 dixit
688 3458 723 3520 in
738 3459 867 3521 Psalmo
882 3457 998 3521 Deosh.
1046 3458 1118 3522 Nec
1138 3457 1292 3541 effugium
1314 3459 1368 3522 hic

264 3560 382 3642 reperit
400 3560 589 3639 cardinalis,
613 3559 675 3623 nisi
697 3561 850 3624 miserum
874 3561 945 3638 hoc,
965 3561 1056 3634 Quod
1076 3562 1194 3623 dicitur
1215 3562 1312 3640 Deus,
1334 3562 1370 3624 id

266 3667 322 3738 est,
350 3662 433 3743 quod
449 3662 538 3743 falso
564 3663 700 3725 dicitur:
740 3683 800 3726 ncc
830 3685 924 3746 super
953 3663 1034 3726 illud
1064 3670 1175 3726 tamen
1204 3665 1368 3727 extollitur

266 3763 493 3842 Antichristus,
510 3787 575 3828 non
596 3766 682 3828 enim
702 3786 795 3847 sopor
816 3766 982 3845 diabolum,
1000 3787 1094 3849 quem
1116 3766 1272 3830 adorabit.
1318 3768 1369 3832 De

299 3948 310 3970 ¹
327 3939 430 4069 pHorat.
445 3940 526 4004 Epist.
538 3940 571 3990 sd
586 3941 668 3990 Pisou.
681 3943 726 3990 lin.
740 3942 793 4005 78]
870 3947 880 3970 ‘
899 3941 979 4006 [Vide
995 3942 1058 3993 Ball.
1072 3942 1104 3991 de
1116 3941 1187 3992 Rom
1200 3943 1273 3993 Pont
1285 3943 1330 3993 lib.
1344 3960 1366 3994 r.

299 4002 311 4035 l
340 4003 460 4068 Bell.]de
476 4004 571 4069 [Rom]
589 4006 740 4071 Pont[lib.]
757 4008 793 4056 iii.
837 4009 961 4071 captt.
980 4006 1046 4057 ‘Sed
1060 4008 1131 4074 jam!
1165 4009 1221 4071 Op„
1238 4013 1300 4058 tona
1312 4010 1330 4058 i.
1342 4023 1367 4073 p.

269 4068 350 4132 [cap]
365 4070 403 4117 14.
422 4069 491 4132 [Op.‚
509 4074 570 4119 tom.
583 4071 599 4118 i.
617 4087 641 4134 p.
652 4072 706 4122 197.
717 4074 763 4137 Α]
838 4075 892 4121 233.
905 4072 931 4120 C.
944 4072 990 4136 D.]

300 4142 309 4165 ⁶
338 4132 450 4184 2'l'hess
459 4134 487 4183 ii.
499 4133 534 4198 4.]
870 4135 974 4201 ¹[Oont.
989 4137 1022 4186 ri.
1040 4137 1162 4187 Decrcffl.
1178 4137 1253 4187 libi
1272 4137 1322 4188 'Pit
1336 4140 1368 4188 vl.

343 4197 439 4262 “Papa
456 4204 494 4249 est
514 4199 609 4249 Christi
626 4200 750 4259 vicarius,
770 4207 796 4251 et
838 4201 892 4251 ‘De
909 4201 987 4251 Elect
999 4207 1025 4251 et
1039 4203 1117 4251 Elcct
1131 4203 1228 4266 potost'
1239 4217 1296 4267 cap.
1306 4204 1368 4252 xvii.

266 4263 287 4311 sl
310 4263 403 4314 sicubi
422 4264 559 4324 invenitur,
578 4265 643 4328 quod
667 4271 705 4315 est
724 4266 792 4315 Petri
838 4266 1040 4317 ‘Fundamenta'
1053 4271 1072 4327 §.
1088 4267 1369 4332 ‘besec-eorpus.

266 4328 389 4386 vicarius,
396 4329 442 4378 ills
451 4333 491 4379 est
499 4329 637 4393 impropria
647 4330 794 4381 locutio.”-
838 4330 898 4381 Can.
910 4336 971 4382 tom.
983 4332 1019 4380 iii.
1032 4332 1078 4381 col.
1094 4332 1160 4395 132]

167 4450 172 4465 ι
265 4392 332 4444 Patr.
341 4393 373 4442 de
384 4393 493 4443 Anchar.
503 4395 531 4443 in
543 4393 792 4445 olomadclomsns
870 4395 1020 4446 ¹2'l'hess
1033 4397 1059 4445 ii.
1072 4397 1106 4460 4.]

264 4458 308 4509 lib.
321 4459 348 4507 ii.
365 4457 416 4507 'lit
434 4459 469 4508 ix.
486 4474 540 4522 cap.
561 4460 627 4508 unic.
644 4459 690 4509 col.
705 4462 794 4511 114.-
870 4459 881 4491 ¹²
912 4461 949 4510 Pa
961 4461 1051 4511 lxxxii.
1066 4461 1156 4524 (lxxxi.
1169 4462 1254 4524 Vulg.)
1268 4461 1302 4526 6.]

260 4523 330 4589 apud
344 4523 416 4588 corp.
428 4521 482 4573 hur.
496 4523 555 4574 Gan.
568 4528 629 4574 tom.
642 4524 692 4587 iit]
