2910 4926
466 290 648 341 irosoomn
669 291 851 340 unsrousro.
908 272 911 277 ’
1166 278 1210 343 27

107 451 193 526 lotis,
220 449 336 533 quibus
359 468 426 514 non
449 450 609 532 contingit
631 449 679 512 ita
702 469 770 512 esse
796 447 995 526 collustratis,
1020 453 1076 510 aut
1094 468 1210 529 propo-

107 554 342 618 nenteshebere
358 553 403 618 sic
424 552 613 635 insolubiles.
659 555 730 617 Nee
745 554 791 618 sic
813 574 890 636 ergo
905 552 1033 636 singula
1051 552 1210 617 trahimus

108 659 150 722 ad
169 659 286 740 fidem.-
317 667 368 723 sut
390 666 449 738 est,
471 659 511 722 de
535 658 726 742 quibusdum
750 658 928 742 Religionis
954 658 1112 741 capitibus
1136 680 1210 723 eum

108 762 266 845 Apostolo
284 760 463 841 πιστεύειν,
485 762 519 826 id
539 770 597 838 est,
614 764 758 826 eredere:
786 763 826 827 de
844 762 914 826 aliis
936 758 1117 839 weldradus,
1133 783 1210 844 per·

107 867 236 929 mam
254 865 360 946 modo,
376 887 448 949 quoe
461 873 571 930 tamen
590 866 780 948 infrofidem
794 866 981 930 subsistant.
1029 866 1114 929 Satis
1133 887 1211 948 ergo

107 971 212 1049 nobis,
238 971 289 1034 vel
319 971 345 1034 si
375 978 465 1035 extra
483 971 581 1052 fidem
610 971 661 1050 sit,
692 971 771 1036 dum
799 971 885 1035 inter
914 971 1086 1035 orttodouo
1115 970 1211 1035 modo

106 1077 253 1158 dogmata
267 1075 374 1140 locum
388 1076 516 1140 habeat.

140 1250 170 1271 =
183 1232 210 1278 et
220 1228 337 1292 proprius
348 1227 500 1291 lngiorem,
512 1227 544 1278 de
560 1229 672 1292 primatu
684 1228 761 1293 Regis
771 1228 799 1279 iu
811 1228 1003 1293 spiritualibus.
1016 1264 1022 1277 .
1035 1265 1041 1278 .
1054 1264 1060 1277 .

151 1362 245 1438 rlum,
270 1382 376 1445 neque
404 1369 552 1426 nostrum
581 1364 643 1428 hoc
669 1364 796 1446 dogma,
826 1364 985 1447 primum:
1015 1363 1102 1428 idem
1132 1363 1208 1427 olim
1223 1362 1310 1447 [Quis

106 1466 218 1549 populi
239 1467 302 1530 Dei
324 1468 439 1544 lueret,
465 1488 581 1550 nempe
602 1467 799 1532 Judaeorum.
851 1469 922 1532 Neo
943 1468 1079 1551 Regium
1096 1469 1210 1552 Aoplr's
1221 1448 1338 1576 afflig]

100 1573 277 1653 proprium,
299 1571 362 1634 nisi
383 1572 459 1654 quia
479 1572 594 1655 reliqui
617 1572 666 1636 uti
687 1573 805 1636 nolunt
821 1573 896 1656 jure
915 1594 982 1636 suc.
1029 1573 1209 1637 Commune

106 1683 217 1740 autem
237 1682 271 1739 et
290 1676 422 1759 reliquis
443 1676 602 1755 futurum,
618 1697 692 1741 cum
711 1679 785 1761 jure
808 1699 866 1740 suo
883 1677 933 1741 uti
950 1677 1078 1756 volent5
1100 1678 1209 1742 solent
1317 1728 1319 1732 ,

106 1786 217 1843 autem
240 1800 314 1843 cum
335 1779 514 1858 videbitur3
537 1780 698 1845 ridebitur
724 1802 798 1844 eum
818 1802 870 1844 res
894 1780 995 1859 feret;
1018 1801 1091 1845 eum
1113 1781 1209 1844 simili

100 1885 230 1963 puluere
251 1883 409 1967 perspersi
423 1883 553 1961 fuerint,
569 1891 703 1948 utentur
716 1891 787 1947 tum
806 1884 880 1968 jure
900 1905 975 1959 su03
999 1892 1095 1967 atquc
1117 1884 1207 1962 odeo,

103 1988 173 2070 jam
195 1988 265 2070 jam
288 1995 427 2050 utuntur
447 1988 572 2071 reliqui,
597 1989 652 2072 qui
674 2009 694 2050 a
716 1987 808 2052 nobis
832 1996 918 2066 sunt,
938 1987 1000 2051 etsi
1025 2009 1090 2052 non
1111 1987 1209 2052 titulo
1275 1997 1319 2061 22

106 2089 208 2167 lorte3
233 2099 266 2153 at
281 2090 381 2174 praxi,
398 2098 431 2154 et
445 2091 551 2174 reipsa
564 2098 683 2155 tamen.

139 2305 164 2318 ..
178 2304 184 2318 .
196 2269 259 2319 adeo
269 2284 355 2320 recens
366 2274 412 2331 cst,
427 2275 457 2320 nt
468 2270 566 2334 primus
581 2274 669 2321 auctor
679 2271 733 2334 ejus
743 2273 830 2321 nostro
841 2273 954 2334 tempore
964 2269 1067 2330 vixerit,
1083 2267 1209 2320 Esuriens

171 2350 289 2401 videlieet
299 2352 408 2402 Octavus
419 2353 473 2403 lter
485 2353 751 2418 rugium—[Bell.
760 2354 836 2418 Apol.
847 2368 893 2417 pro
904 2352 990 2418 Resp]
1001 2367 1025 2418 p.
1033 2352 1057 2406 l·
1071 2351 1140 2417 [Op.,
1149 2356 1210 2402 torn.

171 2433 215 2481 rii.
228 2433 274 2482 col
286 2434 344 2484 708.
356 2432 384 2482 B.
392 2432 435 2496 C.]

153 2575 218 2638 Sed
239 2596 300 2640 nee
320 2597 427 2640 recens
450 2584 509 2656 est,
526 2575 580 2661 qni
604 2585 734 2642 tantum
760 2577 862 2657 abest,
882 2584 918 2641 ut
939 2579 984 2641 sil
1007 2598 1105 2643 amcos
1127 2577 1212 2640 mille
1225 2582 1333 2696 qpoupb

107 2679 289 2762 quingentos
318 2701 338 2743 o
365 2682 488 2745 Christo
513 2688 597 2758 uolo,
622 2688 659 2744 ut
685 2701 783 2744 annos
811 2683 896 2744 mille
925 2683 1105 2765 qrsinperrtos
1134 2690 1210 2744 ente
1224 2662 1346 2761 pffiss.

106 2790 222 2847 natum
252 2783 417 2848 Christum
447 2785 553 2849 fuerit.
613 2787 686 2849 Nec
715 2786 836 2849 Auctor
865 2787 931 2867 ejus
955 2786 1112 2849 chricus
1140 2786 1210 2847 Rec
1223 2781 1277 2892 {¹¹¹1}
1289 2790 1363 2905 {33¹³

107 2892 213 2949 nostro
234 2889 364 2950 seculo:
389 2887 444 2952 sed
460 2889 571 2953 Moses
587 2910 663 2966 su0;
688 2888 743 2972 qui
760 2895 857 2952 exuto
876 2887 1072 2966 sacerdotio,
1087 2888 1209 2952 Aproni
1240 2857 1289 2891 Η
1314 2879 1319 2890 '

106 3001 218 3055 tamen
237 2992 383 3075 praefuit:
402 2993 536 3076 quique,
553 3014 626 3057 cum
650 2993 747 3076 Legis
769 2992 941 3076 Exemplar
960 2993 1042 3076 Regi
1057 2992 1208 3068 truderet,

107 3115 182 3159 cum
198 3117 236 3161 eo
256 3097 301 3160 sio
315 3097 434 3162 tradito
451 3119 609 3161 summum
631 3097 818 3180 Religionis,
845 3100 928 3181 (quse
941 3097 1046 3180 prima
1068 3118 1208 3161 summu-

108 3222 171 3282 que
185 3201 264 3284 legis
279 3223 353 3285 pars
373 3203 445 3284 est)
464 3201 691 3279 custodienda,
707 3209 741 3266 et
763 3201 917 3266 custodiri
931 3201 1086 3267 laciendae
1103 3210 1208 3285 potes-

106 3311 210 3368 tatem
220 3306 362 3370 tradidit.

140 3457 197 3522 lpse
213 3460 310 3522 primus
320 3460 445 3524 abnegata
454 3458 599 3510 obedientia
609 3458 708 3508 Summi
720 3456 851 3507 Pontificio
861 3471 888 3507 sa
899 3456 982 3519 Caput
992 3456 1110 3506 Ecclesiae
1122 3457 1210 3519 Angli.

172 3554 240 3589 uanas
258 3541 393 3602 nominari,
411 3546 437 3590 et
455 3541 556 3603 agnosci
567 3539 782 3606 ,voluit-[Bell.
800 3539 876 3604 Apol.
893 3553 939 3603 pro
957 3537 1042 3603 Resp]
1062 3554 1086 3602 p.
1099 3538 1124 3588 l.
1143 3537 1210 3604 [Op.

172 3626 233 3671 tom
242 3623 287 3672 rii.
299 3623 346 3672 col.
359 3624 414 3674 708.
426 3622 468 3687 C]

150 3755 223 3819 Nee
238 3732 409 3840 distinguit
423 3756 477 3820 hic
495 3754 662 3821 commode
678 3754 867 3834 cardinalis,
883 3775 957 3818 cum
973 3775 1041 3818 rem
1062 3759 1210 3817 autumat

106 3865 178 3923 tum
197 3860 302 3944 primo
322 3869 433 3924 nutam
452 3861 503 3923 vel
522 3861 641 3939 datam,
666 3881 750 3937 eum,
766 3859 955 3944 aliquandiu
976 3858 1085 3922 forsan
1108 3858 1208 3922 inter-

106 3965 214 4046 missa,
230 3966 426 4050 postliminio
446 3974 595 4031 revocata
617 3974 675 4029 est.
721 3968 825 4031 Penes
847 3966 934 4029 enim
950 3966 1058 4049 Reges
1079 3964 1209 4028 Israelis

105 4069 212 4133 fuerat
238 4077 380 4154 potestas
403 4072 491 4135 haec:
518 4091 616 4154 penes
643 4070 842 4135 Clnistianos
867 4071 1026 4135 Caesures:
1053 4090 1152 4154 penes
1176 4076 1209 4132 et
1257 4085 1262 4095 ·

104 4185 234 4240 nostros
249 4175 303 4239 hic
317 4176 353 4239 in
371 4176 551 4240 Britannia.
596 4176 642 4238 At
658 4174 809 4239 Pontifex*
827 4174 868 4239 ud
883 4182 1010 4258 tempus
1027 4181 1207 4256 oocuparet,

105 4298 163 4361 per
188 4277 408 4356 fraudemus
428 4279 504 4357 vim,
521 4301 563 4343 an
588 4279 785 4363 utramque?
817 4279 936 4356 Quare,
957 4285 995 4341 nt
1017 4279 1110 4341 malae
1133 4277 1208 4339 fidei

103 4403 278 4467 possessor.
325 4383 472 4448 Monitus
495 4383 535 4446 de
556 4404 593 4447 co
620 4384 699 4463 Rex,
721 4390 899 4467 opportune
922 4390 1030 4447 nutem
1055 4381 1207 4457 monitus,

105 4508 181 4552 cum
197 4488 348 4554 Clemens
362 4489 443 4552 VII.
460 4510 589 4553 causum
604 4489 674 4572 ejus
690 4488 851 4572 quandum
868 4489 907 4553 de
927 4510 1013 4553 armo
1027 4488 1063 4552 in
1086 4507 1211 4550 sunum
