2910 4926
254 279 319 343 378
384 292 427 340 uu
449 292 641 342 cmorumrs
660 293 860 341 nummum
881 291 1064 341 ieomouu
1085 293 1267 342 ummusro.

253 448 336 514 Illioe
351 449 392 513 ed
406 449 598 533 exemplum,
613 448 835 515 eoueoendunt
857 450 948 533 quasi
966 450 1100 514 Comum
1117 451 1357 533 lltumphalem

254 561 352 637 atque
367 553 402 617 in
416 551 553 617 sublime
568 553 686 618 ooelum
700 553 860 617 feruntur.
906 552 974 617 Ubi
990 553 1081 636 quasi
1096 553 1131 622 iu
1145 554 1264 618 throno
1279 574 1361 617 cou-

255 656 397 720 sideutes
425 655 663 722 Antichristum
691 656 762 739 jam
797 655 904 738 ipsum
934 674 1064 719 caueam
1091 655 1209 740 jubent
1239 656 1358 720 dicere.

256 759 380 823 Vident
388 760 450 824 hoc
458 759 580 824 inimici
589 760 737 837 illorum3
748 779 867 842 magne
876 766 1013 841 exparte
1023 760 1220 842 completum
1229 758 1357 822 vident:

254 862 365 926 vident
379 883 514 945 regnare
535 871 568 925 et
589 861 790 945 triumphare
803 868 904 926 testes
918 861 978 925 hos
993 860 1033 925 de
1048 861 1130 926 ooelo
1150 862 1230 944 jem,
1245 861 1359 925 vident

258 963 414 1048 (inquam)
444 963 547 1044 inviti,
574 964 674 1029 etium
700 964 756 1047 qui
776 964 895 1028 nolunt
921 964 1040 1028 videre.
1084 966 1194 1047 Atque
1215 963 1268 1027 hic
1287 964 1359 1049 jem

256 1067 436 1134 cardinalis
451 1069 541 1134 nisus
555 1069 701 1148 ultimus,
717 1069 808 1133 nisus
822 1068 943 1132 irritus.

288 1203 378 1268 Neque
396 1204 460 1255 utile
478 1204 552 1254 nobie
568 1208 615 1266 eet,
632 1205 664 1255 ob
681 1219 737 1256 eom
757 1205 927 1269 eoujeetumm
944 1204 1103 1254 ecommuui
1114 1203 1241 1254 sententio
1252 1202 1361 1253 Petrum

320 1290 463 1336 nostrorum
474 1285 641 1352 Beeleeiaeque
652 1286 773 1337 reoedere.
812 1285 911 1336 Omitto
927 1300 984 1348 queo
993 1284 1113 1335 dicuntur
1128 1283 1160 1335 de
1171 1285 1221 1335 elie
1234 1284 1364 1347 eigulfioo-

319 1368 388 1417 tioue
398 1366 505 1417 duorum
517 1366 708 1432 Prophetarum,
720 1366 840 1431 quonium
850 1381 907 1418 eem
923 1367 952 1414 in
966 1366 1040 1416 libris
1051 1366 1283 1417 Controuersiarum
1301 1401 1309 1414 .
1326 1402 1333 1415 .
1351 1403 1361 1417 .

319 1447 453 1499 refutatum
470 1447 735 1514 reliquimus.—[Bell.
747 1449 821 1514 Apol.
833 1464 879 1514 pro
891 1446 975 1513 Rem]
987 1449 1078 1513 p.151.
1104 1446 1171 1512 [Op.,
1182 1450 1243 1497 tom.
1254 1447 1299 1497 vu
1310 1447 1361 1502 ool.

319 1530 334 1581 7
337 1532 375 1581 89.
389 1529 470 1595 c.1>.]

302 1631 385 1694 Utile
407 1637 517 1695 tamen
538 1630 599 1694 eibi
620 1631 744 1712 soleque
763 1629 851 1708 dicit,
878 1650 941 1693 non
964 1629 1108 1692 recedere
1134 1628 1173 1691 ab
1202 1629 1262 1691 tac
1287 1647 1361 1691 een-

256 1734 364 1812 teott'o,
388 1733 523 1796 Patrem
545 1734 666 1796 seilicet
688 1733 841 1796 commoni
867 1738 898 1795 et
920 1732 1084 1795 Eccleeiae.
1129 1730 1265 1793 Petrum
1289 1750 1361 1795 non

255 1836 379 1914 damus,
390 1836 440 1899 vel
451 1836 601 1900 Ecclesiae
613 1836 728 1900 veteris
742 1855 951 1908 communem
968 1834 1025 1898 sed
1039 1834 1115 1897 utile
1129 1840 1241 1897 tomen
1250 1834 1359 1917 Pepae‘,

254 1939 332 2002 utile
368 1936 541 2016 Cardiuuli,
570 1959 613 2002 ne
643 1937 683 2002 ab
713 1959 752 2002 ea
790 1937 948 2014 recedant,
989 1934 1124 2018 Regiam
1170 1935 1359 2000 admittant.

254 2042 378 2105 Verum
404 2042 562 2103 honestum
591 2040 689 2104 modo
719 2040 771 2119 sit,
798 2040 838 2104 de
868 2041 941 2103 utili
970 2038 1033 2123 ipsi
1054 2038 1204 2116 viderint,
1229 2038 1269 2102 de
1294 2059 1360 2121 quo

255 2143 395 2228 quidem,
412 2163 508 2225 quam
531 2141 571 2206 do
593 2145 729 2221 honesto,
746 2162 829 2226 sepe
850 2142 954 2224 magis
975 2141 1102 2206 solliciti
1125 2146 1211 2204 suut.
1255 2140 1302 2204 At
1317 2141 1361 2205 de

255 2247 452 2331 expositione
476 2247 573 2330 Regis
599 2247 709 2325 altere,
732 2267 794 2310 neo
817 2245 925 2309 minus
947 2252 1085 2328 recepte,
1109 2244 1208 2308 refert
1232 2265 1292 2307 nos
1316 2243 1360 2307 ad

256 2350 369 2413 librum
383 2359 516 2414 suum⁸2
543 2348 588 2432 (id
611 2350 672 2431 est)
699 2347 878 2414 Cardinalis
900 2347 941 2411 ad
961 2345 1176 2425 Cerdinulem,
1192 2345 1248 2409 ubi
1271 2346 1360 2428 quod

256 2451 425 2535 restitutum
446 2454 608 2536 reliquisse
629 2474 662 2516 ee
679 2453 767 2533 dicit,
788 2473 846 2536 pro
860 2452 970 2514 relicto
984 2450 1150 2529 hebemus,
1165 2471 1233 2514 uon
1247 2455 1360 2513 autem

256 2578 314 2640 pro
328 2556 475 2637 refutato.

322 2741 333 2764 ⁸
349 2732 426 2797 [Vide
438 2732 501 2784 Bell.
514 2732 545 2783 de
557 2732 628 2783 Rom.
640 2731 713 2782 Pont
726 2733 770 2781 lib.
782 2732 819 2781 iii
831 2746 885 2795 eop.
897 2733 922 2781 6.
938 2728 994 2794 Op,
1005 2733 1066 2780 tom.
1078 2729 1095 2779 i.
1107 2731 1212 2793 pp.188‚
1225 2727 1292 2791 189]
