2910 4926
269 244 315 309 84
435 292 440 305 ,
583 262 1062 317 momumsmsrmmumui

272 415 329 482 sed
339 415 527 484 indefinite:
543 425 649 503 atque,
662 427 700 484 ut
711 420 835 486 dolorm
844 422 982 486 ambulat
992 441 1112 504 semper
1122 422 1157 484 in
1166 402 1379 505 qeneralibss,

271 542 395 601 revoca,
418 527 457 586 ut
486 543 558 607 quse
582 523 640 587 ille
664 530 808 608 potestas
831 526 883 605 sit,
909 533 943 590 et
968 524 1009 590 sd
1035 523 1182 610 quid,'ut
1204 525 1245 590 de
1270 527 1374 589 decem

271 626 338 792 {ign
351 646 454 690 unum
469 626 599 712 aliquod
615 627 734 694 diserte
749 629 835 694 dicat
850 651 950 714 pones
964 629 1155 694 Pontificem
1169 650 1247 710 esse,
1263 638 1373 694 mutus

321 749 369 794 eo.

305 870 378 931 Quod
389 872 470 935 igitur
478 872 661 937 juramentum,
673 874 741 938 quod
753 875 809 926 Rex
819 876 923 939 Angliss
939 875 1080 936 fidelitetis,
1091 879 1117 925 et
1128 874 1211 925 civilis
1222 873 1375 925 obedientiae

335 957 417 1016 voest,
428 968 480 1004 nou
490 956 526 1005 sit
535 956 711 1019 jurameutum
726 956 852 1020 simplicis
862 956 1002 1018 fidelitatis,
1010 971 1092 1022 neque
1104 957 1182 1007 solius
1192 956 1277 1006 civilis
1291 956 1375 1006 obedi·

336 1037 422 1096 eutice,
439 1037 598 1101 perspicuum
612 1042 657 1096 est,
669 1053 701 1088 ex
718 1038 794 1089 titulo
807 1037 910 1088 lidicti:
929 1074 972 1089 ...
986 1038 1051 1089 ‘Hic
1061 1039 1131 1089 enim
1146 1042 1185 1089 est
1200 1038 1315 1088 Titulus:
1331 1037 1374 1088 Ad

337 1117 526 1182 detegendos..
539 1156 546 1169 .
559 1119 796 1186 Pepistss'—[Bcll.
814 1120 889 1185 Apol
907 1135 953 1185 pro
970 1119 1058 1186 Resp]
1075 1135 1099 1185 p.
1117 1122 1158 1170 22.
1176 1119 1242 1186 [Op.,
1253 1126 1315 1171 tom.
1329 1120 1373 1170 vii

337 1201 383 1250 col
394 1201 450 1253 717.
464 1200 507 1266 B.]

109 1314 229 1430 positia
315 1310 476 1393 Abcepari
489 1311 670 1392 juramento
690 1311 906 1374 auctoritatem
922 1308 1131 1391 Pontificum,
1153 1308 1187 1373 id
1206 1328 1281 1373 vero
1298 1330 1373 1391 pcr-

110 1385 259 1497 piffiffl
271 1414 410 1495 spicum
424 1414 528 1477 facere
536 1413 616 1492 vult,
631 1413 749 1477 iterum
759 1414 839 1497 jam,
853 1414 909 1477 Ec
922 1414 989 1494 ipso
1001 1414 1112 1477 Edicti
1127 1414 1227 1478 titolo.
1249 1413 1374 1477 Verum

109 1510 215 1639 23¹3&
272 1516 306 1579 id
324 1516 422 1600 (quod
438 1523 472 1580 et
487 1524 562 1580 ente
578 1516 705 1600 docui¹)
722 1537 872 1600 perverso
887 1517 964 1580 satis
979 1517 1219 1600 consequentia.
1264 1517 1374 1580 Edicti

153 1611 160 1624 ’
272 1620 382 1684 titulus
396 1626 453 1698 cst,
463 1620 521 1684 Ac
534 1620 716 1703 detependos
729 1620 890 1701 Papirios.
935 1620 1022 1704 Ergo
1036 1621 1071 1683 in
1076 1621 1266 1703 juramento,
1282 1620 1374 1684 obne-

269 1729 367 1807 patu:-
384 1729 527 1805 potestos
552 1723 725 1805 Pcctificis.
768 1723 823 1788 Ab
840 1723 957 1786 Edicto
976 1722 1017 1787 sd
1039 1723 1263 1802 loramentum,
1283 1723 1375 1787 nulls

271 1826 445 1890 necessitas
467 1832 517 1890 est
539 1824 786 1909 consequentis.
831 1825 941 1890 Mults
964 1833 1081 1910 praeter
1099 1826 1323 1905 loramentum,
1338 1826 1374 1891 in

272 1929 388 1992 Edicto
403 1936 490 1993 sunt.
536 1927 600 1994 Sed
614 1949 755 2013 nequeo
767 1929 910 2011 Papiriis
925 1929 965 1993 ad
981 1930 1180 2012 Pontificicm
1186 1919 1374 2011 potestatem

271 2032 437 2116 sequitur:
460 2032 583 2096 Praetcr
599 2037 787 2114 potestatem
810 2031 898 2096 enim
920 2032 1094 2116 Pontificio,
1117 2033 1221 2098 multe
1239 2032 1373 2097 halluci-

270 2142 392 2200 nantur
407 2135 557 2217 Popistoe.

315 2237 381 2303 Sed
396 2238 474 2323 quid
488 2237 586 2319 agat?
617 2235 819 2302 Hereudum
833 2237 931 2303 etism
946 2237 995 2302 illi
1009 2238 1045 2302 in
1058 2230 1160 2318 titulo,
1171 2259 1234 2322 qua
1248 2237 1372 2302 laborat

270 2339 417 2424 penuria.
460 2339 604 2405 Aliunde
619 2340 707 2404 euim
721 2361 787 2404 uon
802 2339 912 2420 habet,
929 2361 993 2425 quo
1003 2340 1114 2405 fucum
1125 2341 1254 2406 Lectori
1264 2340 1372 2406 faciat.

272 2441 361 2506 Fecit
380 2441 443 2506 hoc
465 2462 539 2505 cum
561 2442 680 2506 'sortus
702 2449 797 2521 esset,
814 2449 847 2507 et
869 2451 1011 2507 retortus
1034 2450 1095 2507 est.
1139 2443 1212 2508 Nec
1234 2444 1320 2507 enim
1335 2464 1374 2507 ee

272 2545 431 2609 contineri
441 2546 477 2608 iu
489 2545 592 2608 iltuto
607 2546 725 2625 omnia,
742 2565 813 2629 quae
827 2545 864 2609 in
874 2546 991 2610 Edicto
1005 2546 1109 2609 mults
1124 2553 1211 2626 sunt,
1227 2554 1260 2610 et
1275 2547 1372 2610 varia.

273 2648 324 2711 De
337 2649 450 2732 sicinii
465 2649 583 2712 decim
604 2648 826 2732 Persgrsphis,
843 2655 907 2713 tres
929 2649 970 2712 sd
991 2670 1153 2713 summum
1175 2649 1225 2713 vel
1240 2655 1374 2732 quotuor

273 2752 489 2814 Juramentom
506 2758 665 2835 tangunt:
693 2751 801 2815 caeteri
823 2751 893 2815 eliis
914 2750 1011 2816 rebus
1030 2758 1117 2816 sunt.
1162 2753 1255 2830 Tum,
1273 2752 1372 2836 quad-

273 2876 345 2919 rare
371 2855 448 2918 satis
471 2856 616 2935 Titulom,
640 2855 696 2917 Ac
713 2855 898 2938 detependos
917 2856 1076 2937 Papirios.
1122 2856 1262 2936 Popistce
1286 2856 1373 2921 enim

273 2958 369 3022 multi
392 2959 428 3022 in
450 2959 574 3023 receuti
600 2957 728 3039 scelere,
753 2957 903 3043 pessime,
926 2966 964 3023 ut
987 2958 1124 3037 videtur,
1149 2958 1300 3023 animati:
1332 2958 1374 3024 ad

274 3062 425 3143 Papirios
449 3061 558 3145 itaque
581 3062 717 3145 reliquos
745 3061 939 3144 deteqeudos,
966 3082 1008 3125 au
1034 3062 1145 3126 eedem
1170 3061 1234 3126 illis
1259 3082 1372 3128 mens:

277 3165 362 3247 (quo,
390 3164 507 3249 quibus
535 3186 602 3229 non
631 3164 753 3244 codem,
784 3164 915 3243 dimitti,
950 3163 1067 3248 quibus
1095 3165 1217 3245 eedem,
1247 3172 1373 3230 mature

273 3267 404 3353 reprimi
417 3268 574 3351 possent.)
620 3269 672 3333 Ex
688 3268 791 3331 ritulo
813 3275 933 3347 autem,
949 3268 1056 3352 siquid
1070 3266 1207 3347 volebat,
1223 3268 1270 3331 ite
1284 3268 1372 3332 colli·

273 3393 350 3456 gere
365 3372 495 3437 debuit:
518 3372 665 3437 fraudem
681 3371 823 3456 quotidie
839 3372 982 3454 Papisii:
997 3392 1148 3450 crescere,
1164 3392 1204 3435 eu
1219 3393 1282 3456 quo
1296 3371 1374 3436 iacti

272 3497 376 3560 nuper
390 3477 547 3559 equivoci,
562 3483 600 3540 ut
615 3476 727 3540 detecti
746 3474 831 3540 forte
845 3482 950 3554 untes,
967 3474 1007 3538 de
1026 3495 1110 3539 novo
1129 3475 1198 3559 jem
1214 3475 1376 3559 detependi

271 3579 409 3642 iterum:
441 3580 486 3643 Et
509 3599 584 3643 eum
606 3577 729 3657 fraude,
753 3577 873 3642 malem
896 3584 1057 3641 mentem:
1091 3585 1129 3641 ut
1154 3578 1249 3661 proin
1271 3579 1375 3661 magis

272 3683 370 3745 etiam
386 3681 521 3746 sollicite
535 3680 738 3766 reprimendi.
786 3681 888 3744 Fraus
900 3688 1009 3745 eutem
1024 3689 1057 3745 et
1071 3680 1157 3744 msls
1170 3702 1264 3745 mens
1272 3682 1375 3764 lique·

271 3785 352 3849 baut
368 3806 386 3849 e
400 3784 560 3868 responsis
579 3805 689 3847 eorum
711 3783 924 3866 turpissimis:
947 3783 1102 3847 Sacerdos
1115 3805 1177 3847 non
1191 3805 1269 3862 som,
1284 3791 1374 3868 pute,

271 3888 439 3968 Apollinis.
484 3887 665 3950 Marenen
691 3887 817 3965 transii,
841 3907 967 3970 nempe,
989 3888 1135 3970 placiule.
1189 3887 1294 3950 Rome
1315 3909 1376 3952 non

262 3989 328 4072 fili,
358 3989 521 4068 nimirum,
551 3989 700 4052 hodierno
725 4009 826 4054 mone.
881 3990 1051 4072 Nunquam
1079 3991 1145 4053 cidi
1176 3991 1374 4070 Parsooiccs,

271 4093 402 4172 scilieet,
418 4113 574 4175 nunquam
589 4094 623 4155 io
637 4092 809 4173 Japoniar.

303 4293 315 4318 ¹
333 4284 413 4352 [Vide
430 4285 529 4336 'l'ortun
546 4285 625 4343 Torti,
642 4297 684 4348 pp.
697 4285 801 4335 19-22.
845 4286 873 4335 lu
886 4285 1033 4377 (lsraelem,
1050 4301 1092 4350 pp.
1106 4288 1218 4363 845363
1239 4290 1265 4363 st
1277 4285 1376 4370 'l'r'sctej

271 4348 801 4531 Ἑὶἳὲἕῖιιᾍιῐῶοὰἰόὓξιὶιοοιὲἱὲιιίἒιι,
844 4355 1016 4465 ἱῖΐιιιιιξῖίυὲ.
1029 4351 1306 4480 diddhiiidiviiddltoie’
1331 4366 1375 4414 qm

269 4494 329 4531 rre
363 4495 454 4532 mrsu.
503 4495 524 4530 r.
555 4493 673 4542 oc‚spu
724 4493 799 4529 oron.
