2910 4926
266 278 332 339 442
397 292 441 338 nn
463 291 654 339 eunomius
674 291 875 339 namnamm
896 291 1078 340 monooun
1100 290 1282 340 nmrousro.

309 446 449 509 Miretur
464 467 541 529 ergo
555 446 685 523 factum,
701 453 735 508 et
756 452 917 508 execretur
939 445 1128 508 cardinalis.
1172 446 1261 508 Vera
1282 443 1373 507 enim

265 570 304 612 ea
330 549 484 627 Historia,
506 571 572 613 non
587 547 703 629 fabula
721 547 793 611 fuit.
839 548 931 611 Actis
950 547 1027 631 ipsis
1047 547 1167 611 Insissae
1184 547 1271 610 illius
1293 567 1374 610 con-

265 659 390 730 testata,
406 674 457 716 res
472 659 559 715 nota.
594 652 787 734 Superstites
801 651 899 714 etiam
914 673 981 715 non
995 651 1042 713 ita
1051 650 1186 734 pridem,
1198 650 1254 733 qui
1268 650 1373 714 ociilis

264 763 467 838 usurparunt.
514 756 596 818 Rem
619 762 743 838 gestam
764 775 824 818 neo
843 754 1032 837 Hardingus
1050 748 1158 837 negat,
1174 774 1234 817 nec
1256 755 1373 817 Perso-

264 858 337 920 nius
347 857 366 922 ¹.
422 858 582 922 Adhibuit
611 857 796 941 peniculum
827 857 1056 940 Hardingmm,
1083 857 1181 920 etiam
1205 859 1373 939 personati

263 961 372 1024 nescio
395 960 471 1043 quid
497 960 677 1024 Personius.
723 961 849 1024 Neuter
872 961 1042 1043 quiequam
1068 960 1183 1039 effecit,
1208 981 1306 1042 quam
1333 969 1373 1024 ut

263 1063 397 1126 infamia
411 1063 513 1146 magis
528 1062 627 1127 etiam
641 1063 770 1141 haereat,
784 1063 912 1146 lougius
927 1058 1129 1147 propagetur.
1162 1062 1265 1146 Regio
1280 1064 1371 1126 enim

263 1165 446 1248 diplomate,
470 1166 565 1229 venia
585 1165 694 1229 Judici
714 1166 754 1229 de
779 1166 865 1230 crede
887 1165 981 1244 facta,
1003 1174 1036 1229 et
1058 1165 1153 1229 caedis
1176 1165 1335 1229 ministris
1345 1177 1371 1230 ³.

263 1267 316 1330 Ne
331 1289 405 1330 vero
418 1269 490 1330 illos
504 1270 645 1331 cmwulat
659 1269 786 1333 Lector.
832 1268 938 1332 Adeat
954 1269 1150 1352 Regianum,
1160 1277 1371 1351 percontetur

263 1371 408 1434 Insulam
430 1378 532 1435 totam
542 1384 565 1449 ⁰,
595 1370 653 1433 ubi
683 1393 721 1435 ea
746 1392 806 1449 res,
830 1373 961 1454 ejusque
990 1371 1086 1449 fama,
1109 1372 1208 1435 etiam
1236 1372 1370 1436 senibus

262 1474 431 1557 puerisque
444 1473 564 1557 pariter
580 1473 757 1538 notissima.
803 1475 941 1538 Interim
963 1474 1003 1538 de
1025 1475 1119 1539 nobis
1143 1475 1236 1539 sileat
1253 1477 1370 1540 Cardi-

262 1576 353 1640 nulis.
408 1577 518 1640 Edidit
541 1577 595 1640 hio
617 1577 701 1640 nihil
726 1577 830 1642 simile
853 1577 884 1640 ei
909 1586 965 1641 ant
991 1578 1191 1642 secuudum?
1216 1581 1370 1644 severitas

262 1687 379 1744 nostra.
424 1683 470 1744 At
499 1680 637 1759 illorum,
664 1681 714 1745 vel
743 1680 812 1764 ipso
849 1682 1033 1760 confitente,
1058 1680 1189 1762 facinus
1225 1683 1284 1746 hoc
1313 1704 1370 1746 er·

262 1784 441 1847 errandum.

294 1933 301 1967 ¹
324 1935 401 2000 [Vide
412 1935 526 1985 libellum
539 1951 554 1984 a
566 1935 593 1985 R.
607 1936 724 1986 Pemouio
736 1951 791 1986 eon·
835 1936 869 1985 M.
880 1937 972 1987 lewel's
983 1936 1071 2001 Replie
1082 1938 1182 1999 against
1194 1937 1238 1986 the
1250 1936 1370 1989 Sacrifico

262 2000 790 2127 irritamentum
833 2001 1360 2130 ψῃῃῃῃῃῃῃῃῃῃῃῃ

262 2128 365 2204 monthq
375 2131 389 2188 ;)
409 2144 450 2204 pp.
463 2131 614 2178 91—101.s.
627 2131 643 2178 l.
656 2129 747 2243 temp:
834 2129 916 2192 lent]
970 2195 975 2206 Ι

293 2192 715 2257 ¹¹¹[V1dehbellumabHard1ngo
749 2209 789 2243 on·
866 2204 877 2228 ⁰
905 2194 1083 2258 Summae]

261 2258 391 2321 scriplum,
414 2259 454 2306 oui
482 2259 530 2316 tit,
559 2259 596 2307 ‘A
619 2258 743 2308 Roioutlre
762 2263 789 2309 to
865 2269 876 2299 Ρ
908 2259 944 2308 cf.
959 2259 1020 2309 Hor.
1032 2259 1114 2309 Canu.
1128 2259 1148 2308 1.
1160 2260 1205 2309 xii.
1218 2261 1273 2324 ln]
