2910 4926
459 285 642 335 mouuouu
664 286 847 336 smmnsio.
998 275 1000 280 ’
1142 265 1207 328 223

103 439 252 522 Denique
278 439 371 504 aliter
399 441 434 504 in
458 443 562 506 Missa
588 442 768 507 Cardinnlis
788 440 945 526 loquitur,
974 439 1068 503 aliter
1089 437 1143 502 hic
1172 437 1209 500 in

102 543 270 627 Apologia„
317 545 360 607 In
375 545 486 623 Missa,
507 546 548 609 Ut
561 568 623 610 non
638 548 808 610 estimatur
822 546 936 622 meriti,
952 544 1009 607 sed
1030 543 1126 606 venia
1144 543 1210 604 lar·

100 644 223 729 picari:
250 647 314 712 Hic
334 648 413 731 jam,
433 670 492 732 per
512 646 743 735 ἀντιστροφὴν,
758 657 796 713 ut
811 670 873 713 non
889 647 985 711 venie
1001 647 1136 729 larpitor
1155 645 1208 724 sit,

104 752 160 816 sed
175 754 346 815 estimatur
360 755 474 832 nteriti,
491 755 643 818 audacter
656 756 809 838 postulat.

148 855 220 918 Nee
240 876 317 938 ergo
332 838 475 920 delemus
491 857 681 922 anticulum:
704 879 765 922 nec
781 860 801 921 J
804 858 946 923 udicium
962 859 1114 922 ultimum
1134 877 1206 920 eve·

23 972 29 984 ·
105 978 238 1020 suemus
244 985 254 1037 3
276 966 309 1021 et
324 959 488 1023 reddenda
502 961 585 1024 ratio
601 960 640 1025 de
656 961 815 1046 operibus,
827 968 861 1026 et
872 961 987 1045 cuique
999 960 1209 1037 reddendum,

106 1059 283 1123 secundum
306 1083 412 1145 opera.
458 1062 637 1127 Reddenda
660 1064 743 1128 ratio
767 1064 807 1128 de
827 1064 986 1148 operibus,
1011 1085 1078 1128 non
1101 1071 1211 1127 temen

106 1165 248 1246 impuris,
262 1166 317 1229 sed
332 1188 389 1250 per
404 1167 628 1250 poenitentism
642 1175 799 1246 nostram,
810 1189 867 1252 per
883 1168 945 1231 Dei
960 1168 1107 1251 gretiam,
1123 1167 1211 1251 prius

107 1268 292 1349 deponatis:
326 1270 540 1334 Reddendum
567 1270 682 1354 cuique
707 1270 884 1335 secundum
910 1291 1017 1354 opera,
1041 1269 1097 1334 sed
1119 1291 1158 1333 ex
1180 1269 1213 1331 vi

107 1372 265 1455 promissi,
281 1394 347 1437 non
362 1373 468 1438 valore
484 1373 601 1437 meriti.

141 1523 216 1573 Cone.
228 1523 355 1574 Nicenum
372 1561 379 1576 .
392 1561 398 1574 .
410 1563 416 1574 .
429 1526 540 1589 primum
553 1563 559 1576 .
572 1561 578 1574 .
591 1563 597 1574 .
609 1500 708 1575 dunbus
718 1524 901 1590 [potissimum]
913 1524 944 1575 de
956 1524 1037 1575 censis
1047 1527 1212 1574 convocatum

173 1609 219 1665 est,
231 1610 260 1654 ut
271 1608 378 1670 quaestio
389 1607 421 1657 de
438 1607 487 1657 fide
499 1608 649 1657 Divinitetis
665 1607 725 1657 Filii
738 1608 794 1668 Dei,
806 1611 832 1658 et
843 1607 1011 1656 dissensiones
1021 1605 1053 1655 de
1064 1605 1212 1656 celebrando

175 1686 296 1737 Psscbstc
312 1688 584 1739 definiremus-Bell.
597 1688 671 1753 Apol.
683 1703 729 1752 pro
740 1688 828 1753 Resp]
846 1703 871 1752 p.
883 1691 922 1738 88.
943 1688 1011 1754 [Op.,
1028 1692 1090 1737 tom.
1103 1688 1146 1737 vit.
1165 1687 1212 1736 col.

174 1767 229 1819 754.
242 1768 288 1832 A.]

155 1865 337 1930 Dicendum
361 1875 394 1929 et
417 1865 456 1930 de
480 1866 591 1950 primis
618 1874 767 1950 quatuor.
785 1867 952 1930 Consiliis:
980 1866 1037 1929 sed
1057 1861 1213 1946 γλώσσης
1227 1880 1349 1947 [necm-

112 1965 211 2054 χάριν
219 1966 243 2046 ¹¹,
260 1990 301 2031 ne
316 1968 399 2031 nihil
425 1969 521 2048 dicet,
549 1991 623 2033 oum
649 1969 731 2032 nihil
757 1979 866 2034 tamen
889 1969 1061 2033 dicendum
1085 1967 1211 2031 hebeat.
1225 1945 1309 2010 “mm

116 2072 319 2143 Qaaestionem
340 2072 386 2135 ibi
402 2072 491 2154 fidei,
513 2074 551 2136 de
574 2074 692 2136 Cnmn
710 2074 883 2150 divinitate,
903 2093 942 2136 en
962 2072 1133 2135 traditione
1154 2092 1215 2134 non

112 2175 232 2254 scripta
257 2174 415 2256 definitam
438 2196 522 2249 esse;
554 2175 662 2239 Etiam
686 2177 819 2238 alteram
843 2196 970 2257 quoque,
998 2175 1036 2237 de
1058 2175 1216 2236 Pasclrate

113 2279 306 2341 celebrando.
350 2278 456 2342 Nobis
470 2279 579 2361 itaque
598 2277 664 2361 (qui
680 2278 884 2342 Traditiones
905 2278 1026 2342 scilicet
1036 2277 1212 2361 rejicimus)

116 2402 190 2444 eum
205 2380 331 2443 Nicena
345 2381 475 2465 Synodo
490 2402 556 2444 non
571 2381 749 2445 convenire.

148 2525 186 2574 De
202 2525 346 2582 Quaestione
363 2525 423 2575 fidei
443 2525 516 2575 testis
535 2530 574 2575 est
592 2525 770 2576 Theodoretue
788 2526 833 2575 lib.
851 2525 869 2575 i.
887 2524 979 2590 [Hist]
997 2539 1050 2590 esp.
1069 2526 1091 2574 8.
1112 2538 1168 2574 eom
1184 2539 1217 2574 ex

181 2611 338 2660 sermonibus
349 2625 400 2659 non
411 2610 512 2672 scriptis
523 2609 599 2659 tuisse
611 2608 895 2674 terminatam-[Bell.
909 2609 983 2673 Apol.
993 2623 1038 2672 pro
1049 2606 1133 2672 Resp]
1144 2623 1170 2672 p.
1178 2609 1217 2658 88.

184 2690 252 2756 [Op.,
264 2695 327 2741 tom.
338 2691 381 2739 vii.
393 2690 439 2739 eol.
452 2691 507 2741 754.
520 2691 551 2740 Δ.
562 2689 603 2753 Β.]

161 2802 210 2863 Ex
225 2800 425 2864 Theodoreto
444 2799 557 2862 docere
580 2799 660 2877 vult,
682 2799 878 2880 questionem
893 2798 973 2880 fidei
992 2819 1032 2862 er
1049 2798 1219 2861 traditione
1233 2809 1367 2874 [Quaestio

118 2926 185 2967 non
204 2906 324 2986 scripta
349 2904 557 2966 terminatam.
602 2902 823 2966 Theodoretus
838 2902 871 2965 id
890 2924 929 2965 eo
948 2903 1018 2965 loco
1038 2923 1104 2965 non
1120 2901 1218 2964 dicit:
1232 2874 1384 3005 ξῇἓζάξάθ

118 3008 313 3071 contrarium
329 3007 417 3071 dicit.
451 3008 539 3070 Nam
554 3014 587 3070 et
602 3005 837 3070 Constantinus
850 3005 906 3084 ibi,
917 3005 994 3068 dum
1006 3005 1090 3067 viam
1106 3005 1218 3087 aperit,
1233 3007 1348 3084 in‘cone.

120 3133 215 3195 quam
230 3110 334 3174 teneri
349 3111 428 3189 vult,
439 3110 480 3174 nd
492 3109 701 3193 quaestionem
716 3110 806 3172 illam
818 3108 1043 3186 definiendam,
1059 3108 1104 3172 sie
1118 3108 1221 3192 loqui·
1233 3071 1366 3199 {mh

119 3221 184 3277 tur.
229 3215 414 3296 Evanpetici
429 3215 519 3291 enim,
536 3219 567 3276 et
584 3213 761 3294 Apostolici
776 3212 860 3290 libri,
877 3231 1008 3275 necnon
1023 3212 1222 3292 antiquorum

121 3318 350 3398 Prophetarum
371 3319 509 3395 oracula,
519 3317 617 3398 plane
636 3317 795 3378 instruunt
809 3335 875 3392 nas,
891 3315 929 3376 de
947 3335 1039 3378 sensu
1054 3315 1221 3376 Numinis:

115 3421 262 3503 proinde,
290 3422 397 3484 bestiti
416 3422 525 3502 posita
551 3420 721 3496 discordia,
751 3439 909 3481 sumamus
932 3438 972 3480 es
997 3418 1091 3480 dictis
1114 3418 1225 3480 Dicini

123 3526 262 3606 Spiritus
291 3526 514 3606 explicationes
544 3520 778 3606 prmstionnm¹t
817 3523 866 3585 Ea
895 3521 996 3601 igitur
1019 3521 1225 3586 Constantini

121 3651 222 3706 mens,
238 3638 276 3692 ut
298 3629 338 3691 de
358 3629 450 3692 libris
474 3627 643 3711 explicatio
659 3633 824 3703 sumntur;
848 3633 881 3689 nt
905 3626 945 3689 de
966 3625 1136 3688 traditione
1157 3646 1224 3688 non

121 3734 241 3814 scripta
267 3754 308 3796 ne
332 3731 481 3795 meminit
506 3731 646 3814 quidem.
692 3730 781 3796 Quid
803 3731 916 3793 Patres
933 3729 1005 3792 ibi?
1030 3750 1126 3812 quem
1140 3728 1225 3792 viam

122 3835 257 3918 ingressi
272 3837 370 3900 sunt?
409 3835 638 3898 Animadversa
646 3833 868 3915 fraudulentia
887 3833 995 3915 (Arii)
1015 3833 1226 3914 allepavcrnnt

123 3940 273 4020 Episcopi
282 3960 321 4001 eu
331 3939 508 4019 Scriptura,
520 3934 732 4018 ἀπαύγασμα,
734 3935 867 4017 senten,
874 3935 1002 4018 flumen,
1014 3937 1226 3998 characterem

123 4044 314 4105 substantie.
349 4043 392 4105 Et
407 4041 478 4119 hoe,
494 4041 533 4104 In
548 4041 661 4103 lumine
673 4047 725 4103 tuo
739 4039 908 4102 videbimus
923 4041 1033 4117 tumen,
1049 4040 1102 4117 Et,
1116 4040 1225 4114 Pater,

158 4243 164 4276 ¹
186 4244 288 4295 Collect.
302 4244 340 4309 [in
352 4242 411 4294 Can.
424 4242 530 4306 Nissen]
698 4243 742 4290 τοῦ
752 4243 814 4290 Θεοῦ
824 4241 919 4304 φρονεῖν
929 4239 1102 4290 inmissiones·
1129 4240 1226 4299 τὴνπ-

158 4309 170 4340 ¹¹
188 4309 302 4375 [Hesiod.
314 4309 361 4372 Op.
373 4314 399 4359 et
410 4307 479 4367 Dies,
491 4307 561 4371 707]
699 4305 827 4365 λεμοποιὺν
837 4304 879 4354 οὖν
889 4304 1054 4355 &condoma
1065 4304 1120 4368 ἔριν,
1137 4306 1164 4354 ἐκ
1178 4305 1227 4353 nir

158 4373 165 4405 ¹
183 4374 358 4439 [Εὖσγγελικαὶ
369 4373 424 4435 γάρ,
436 4384 504 4435 φησι,
518 4371 609 4429 βίβλοι,
617 4371 656 4420 nui
699 4371 863 4420 demetiens
874 4368 955 4430 λόγον
965 4369 1079 4428 λάθωμεν
1089 4371 1139 4417 reis
1147 4369 1227 4429 ζητσν

128 4440 294 4498 dromonem),
307 4440 346 4488 nni
355 4441 402 4487 teir
412 4440 520 4486 παλαιῶν
530 4439 657 4500 προφητόν
698 4434 776 4495 μένων
789 4436 836 4493 τὴν
848 4432 1052 4484 λύσινπ-Ἦιθοᾱ.
1065 4432 1133 4482 Htat
1146 4432 1227 4497 Enni]

127 4503 159 4553 sd
170 4504 329 4564 θεσπίσματα,
341 4503 424 4565 rupeis
441 4501 529 4562 inuisi
543 4503 591 4563 χρὴ
603 4501 656 4564 περὶ
699 4499 745 4548 lib.
758 4500 774 4548 i.
787 4513 841 4562 cap.
854 4499 877 4549 i.
892 4499 947 4562 [pp.
961 4499 1000 4557 26,
1012 4497 1066 4562 ii]
