2910 4926
460 305 641 355 morosus
663 307 844 356 nnsi‘onsro.
1137 293 1202 356 293

97 455 316 523 Tertullianus
330 460 497 542 abstinuit,
517 466 588 528 ‘De
604 465 746 528 velandis
762 463 960 547 virginibus,'
979 465 1112 546 cap.10.
1150 463 1200 525 Ab

96 561 151 623 illo
169 563 294 627 Vioorio
309 566 436 629 Domini
451 568 595 650 spirate.
644 570 779 647 Iterum,
797 569 869 632 ‘De
883 567 1200 651 praescriptionibus,'

96 685 164 748 cap.
177 668 230 730 28.
269 669 452 752 Negleuerit
466 673 600 756 officium
615 674 676 735 Dei
689 674 821 749 tillitus,
837 672 954 735 Christi
972 672 1116 734 Wcurius
1127 671 1199 752 Spi-

95 772 178 833 ritus
193 774 348 838 Sanctio.
394 776 467 839 Nec
482 784 530 839 est
549 776 679 840 habitus
694 784 804 839 tamen
820 776 988 854 ordinarie,
1005 774 1045 838 ab
1061 796 1098 838 ea
1111 796 1198 852 voce,

96 875 280 940 Hereticus.
319 879 383 944 Qui
399 880 440 941 ad
453 880 539 942 idem
555 880 746 963 exemplum,
757 887 870 942 contra
882 880 1047 953 Praxeam,
1057 875 1200 960 cap.24.¹‘

97 979 264 1044 Christum
279 981 392 1045 itidem
407 982 487 1046 dicit
508 982 667 1045 Vicorium
684 982 807 1046 Patris:
832 1002 891 1045 nce
907 981 1073 1046 Christum
1088 988 1199 1044 tamen

98 1084 204 1162 Patre,
220 1107 281 1148 nec
297 1085 453 1168 Spiritum
470 1087 599 1150 Christo
615 1087 810 1150 inferiorem.
857 1086 923 1149 Cur
938 1085 1073 1148 eandem
1088 1106 1198 1148 vocem

97 1208 252 1270 usurpare
269 1190 350 1272 Regi
367 1211 433 1253 non
451 1190 566 1253 licuit?
591 1189 652 1252 nisi
666 1191 735 1275 jam
758 1211 825 1253 non
840 1189 991 1252 Pontifex
1006 1188 1102 1266 solus,
1122 1189 1198 1251 Cor-

97 1292 218 1355 diuoles
233 1292 330 1356 etiam
352 1295 432 1375 (sine
451 1294 619 1374 Colledro)
638 1294 768 1356 heresin
783 1291 962 1357 excudendi
978 1292 1032 1375 jus
1048 1291 1197 1355 habeant.

96 1394 253 1459 Nondum
279 1395 403 1459 bimula
426 1404 536 1459 tamen
556 1397 694 1459 Heresis
719 1396 797 1473 haec,
822 1417 881 1460 nec
905 1395 964 1458 ulli
986 1401 1198 1478 praeterquam

97 1495 269 1575 cardinali,
287 1505 319 1560 θῖ
334 1498 533 1561 Jesuitostris
549 1498 752 1582 quibusdam,
769 1497 834 1581 qui,
851 1496 1002 1580 quiequid
1019 1496 1198 1559 Cardinalis

96 1608 250 1678 exscreat,
273 1601 364 1684 quasi
390 1602 455 1665 mel
479 1624 605 1665 merum
627 1602 680 1680 sit,
700 1602 869 1665 elambnnt
891 1601 1046 1684 protinus.
1093 1600 1198 1664 Jubeo

95 1723 171 1765 vero
185 1723 312 1767 securos
328 1725 397 1768 esse
413 1704 453 1768 de
471 1705 608 1784 Christo,
625 1705 810 1768 missionem
833 1726 923 1767 suam
944 1726 1010 1767 non
1026 1701 1196 1780 revocabit,

99 1807 197 1890 (quod
211 1809 288 1871 facit
305 1810 392 1892 Papa
409 1809 570 1892 subinde),
587 1832 647 1874 nec
670 1811 849 1894 periculum
868 1831 936 1873 esse
951 1809 1065 1886 ullum,
1080 1817 1118 1871 ut
1133 1809 1196 1892 pri-

95 1917 189 1972 vetur
212 1912 316 1975 officio
341 1912 491 1995 Spiritus.
538 1914 558 1976 J
561 1913 643 1977 uben
668 1913 781 1976 itidem
809 1934 938 1976 securos
966 1933 1050 1987 esse;
1075 1933 1141 1974 non
1163 1911 1198 1973 id

95 2013 211 2096 agitur,
227 2021 265 2076 ut
281 2014 478 2098 deprimatur
492 2016 559 2078 ulla
574 2038 613 2079 ex
628 2023 718 2099 parte
733 2013 880 2098 Spiritus,
898 2014 952 2098 qui
968 2014 1029 2077 etsi
1040 2013 1197 2077 aChristo

95 2117 222 2194 missus,
232 2117 293 2180 etsi
305 2139 324 2180 a
335 2117 464 2182 Christo
480 2119 647 2202 accipiens,
664 2140 729 2182 non
746 2119 926 2201 semetipsa,
944 2117 1072 2182 Christo
1086 2125 1197 2180 tamen

94 2240 153 2302 par
177 2241 405 2303 usquequaque
432 2229 490 2284 est.
534 2222 575 2285 Id
601 2222 717 2304 agitur,
745 2228 782 2283 ut
805 2221 912 2285 locum
936 2242 1029 2284 suum
1053 2228 1197 2303 capessat

98 2321 247 2405 Spiritus,
271 2324 445 2388 descendat
470 2326 637 2403 Pontifex3
662 2333 694 2389 et
717 2325 852 2388 titulum
879 2325 1065 2389 mendacem
1089 2331 1196 2402 exuat,

96 2446 193 2507 quem
216 2435 291 2490 ante
315 2450 416 2492 annos
440 2429 528 2493 mille
552 2429 806 2513 quadringentos
821 2429 1037 2493 Tertullianus
1062 2427 1197 2511 Spiritui

96 2528 228 2608 addixit,
245 2531 394 2594 Pontifici
409 2531 460 2594 vix
476 2532 566 2611 alius,
583 2554 678 2615 quam
694 2531 842 2595 Pontifex
857 2531 934 2615 ipse.
980 2531 1195 2615 Quamquam,

95 2631 186 2695 litem
207 2633 324 2715 (credo)
342 2635 541 2699 Tertulliano
564 2658 630 2699 non
652 2635 793 2699 movebit
816 2635 855 2698 de
877 2635 1040 2699 Vico-rictu
1058 2635 1195 2707 Cariath

96 2733 123 2795 si
139 2736 245 2816 (quem
263 2735 320 2798 diu
330 2737 398 2820 jum
416 2740 559 2820 prensat)
580 2739 743 2801 Veturiotu
755 2739 816 2800 Dei
830 2738 927 2820 potiri
942 2738 1036 2802 detur
1044 2763 1054 2817 3
1076 2743 1196 2800 utnon

94 2843 162 2899 tam
174 2838 327 2900 Ecclesiis
341 2839 424 2921 (quae
435 2841 543 2904 minus
555 2841 584 2904 ei
599 2842 694 2924 curae)
701 2891 710 2920 ,
725 2862 820 2924 quam
829 2841 984 2922 Imperiis,
1001 2840 1084 2923 (quae
1094 2839 1197 2923 magis

95 2940 193 3022 cordi)
211 2941 365 3004 dominari
388 2945 497 3025 possit.
544 2946 642 3023 Nam,
659 2954 692 3009 et
712 2945 753 3007 ad
773 2945 862 3009 illam
879 2945 1090 3007 celsitudinem
1104 2944 1197 3005 scole

95 3042 126 3106 ei
139 3043 209 3126 jam
224 3044 316 3123 fiunt,
333 3046 389 3108 sed
404 3067 463 3128 quo
478 3050 579 3132 mopis
601 3050 634 3111 iu
653 3050 752 3112 altum
772 3048 937 3123 attollitur,
950 3047 1092 3129 promoti
1107 3046 1197 3126 lapsu

94 3149 147 3224 (ut
163 3169 234 3231 spes
250 3149 309 3231 est)
328 3149 473 3214 ruituro¹.

128 3299 310 3365 Sic-[loquitur]
317 3301 341 3350 S.
350 3303 508 3366 Augustinus
513 3321 520 3364 3
534 3302 607 3352 ‘Post
618 3304 809 3366 promissionem
820 3302 938 3366 Spiritus,
944 3317 976 3351 ne
985 3302 1117 3365 quisquam
1126 3304 1196 3364 puta-

160 3386 206 3442 ret,
217 3383 283 3444 qnod
296 3384 332 3434 its
340 3383 406 3434 Eum
419 3385 542 3434 Dominus
554 3385 657 3433 daturus
669 3386 745 3435 tuerit
756 3385 826 3435 velut
839 3398 886 3449 pro
897 3385 987 3447 seipso,
998 3389 1028 3432 ut
1039 3398 1090 3433 non
1101 3388 1128 3431 ct
1139 3383 1197 3446 lpse

129 3629 135 3662 ¹
156 3630 253 3696 [“Cum
266 3638 396 3697 propterca
408 3634 565 3684 Paracletum
578 3635 625 3682 mi·
668 3633 782 3683 veritatis
789 3649 797 3692 ς
813 3632 954 3695 neglexerit
970 3631 1079 3680 officium
1091 3628 1140 3678 Dei
1152 3629 1196 3677 vil·

95 3696 157 3745 serit
177 3696 308 3752 Dominus,
328 3704 356 3747 ut
378 3700 497 3761 quonism
516 3698 625 3747 humans
668 3699 738 3756 licus,
763 3696 857 3747 Christi
886 3694 1137 3746 Viesrins.'’--Tert.
1164 3693 1195 3742 de

95 3760 257 3810 mediocritas
273 3763 451 3812 omniasemel
470 3777 557 3825 capere
575 3778 624 3811 non
669 3762 810 3826 Praescript.
835 3761 930 3812 Haeret.
953 3775 1006 3824 cap.
1026 3759 1115 3808 xxviii.
1139 3760 1195 3822 up,

95 3829 200 3888 poterat,
212 3827 334 3889 paulatim
348 3827 508 3890 dirigeretur,
520 3834 546 3876 et
561 3827 624 3876 ordi·
668 3843 693 3891 p.
703 3828 758 3875 212.
768 3825 810 3890 rt]

94 3895 205 3948 naretur,
217 3896 243 3939 et
255 3891 287 3940 nd
304 3893 440 3955 perfectum
451 3892 627 3956 perduceretur
701 3890 712 3922 ¹¹
731 3890 755 3956 [¹¹
764 3889 906 3940 Secundum
915 3889 969 3939 brec
980 3888 1195 3949 enimvioeaum
1294 3936 1300 3956 ,

95 3953 231 4017 disciplina
243 3956 333 4005 abillo
348 3957 447 4007 vicario
457 3957 561 4005 Domini
572 3956 626 4019 Spi·
669 3956 700 4005 Se
713 3956 796 4006 Patris
812 3953 962 4014 ostenderat,
974 3969 1019 4017 per
1030 3953 1109 4011 Quem
1122 3952 1196 4001 Pater

95 4017 147 4065 ritu
169 4020 394 4070 sancu.·’-rert.
421 4021 452 4070 de
479 4021 534 4070 Vel.
555 4021 625 4083 Virg.
669 4027 695 4070 et
712 4021 839 4070 videretur
853 4021 881 4068 in
895 4020 974 4078 factis,
985 4025 1011 4066 ct
1027 4018 1156 4068 audiretur
1167 4016 1195 4065 in

95 4097 148 4185 esp.
157 4083 173 4131 i.
191 4084 246 4147 Op,
258 4100 282 4148 p.
292 4086 346 4135 173.
355 4085 397 4150 A.]
668 4085 758 4142 verbis,
770 4090 796 4134 et
807 4089 995 4146 cognosceretur
1005 4084 1033 4131 in
1045 4082 1118 4138 Filio,
1129 4082 1195 4130 facts

158 4147 184 4211 [⁶¹
195 4148 251 4210 Age
273 4156 341 4209 tnnc,
363 4166 449 4200 omnes
471 4151 621 4207 errsvodnt;
667 4149 870 4199 etverbsPatris
879 4146 1194 4198 administrante.”-Tcrt

96 4211 215 4274 deceptus
223 4214 289 4263 sitet
296 4216 432 4278 Apostolus
441 4216 472 4265 de
479 4216 624 4265 testimonio
667 4215 723 4265 adv.
736 4214 808 4264 Prax.
817 4229 869 4277 cap.
881 4213 950 4261 xxiv.
968 4211 1023 4275 Op,
1034 4227 1058 4275 p.
1072 4210 1126 4260 514.
1138 4209 1181 4270 D.]

95 4275 237 4337 reddend0;
259 4279 355 4329 nullam
366 4281 503 4344 respexerit
515 4280 625 4344 Spiritus
699 4277 734 4344 ¹[
842 4283 857 4304 ‘⁸
867 4278 1000 4327 Tollantur
1011 4277 1039 4324 in
1049 4276 1138 4334 altum,

96 4340 211 4402 Sanctus,
222 4344 260 4392 nti
272 4358 326 4393 eam
344 4345 370 4392 in
382 4345 514 4394 veritatem
523 4344 625 4394 deduce
736 4342 771 4393 Ut
781 4343 853 4405 lapsu
864 4344 978 4405 gmriors
989 4339 1085 4388 ruant.'‘

95 4410 143 4464 ret,
154 4405 187 4455 ad
203 4407 249 4457 hoc
267 4409 359 4457 missus
374 4424 390 4459 a
406 4410 514 4469 Christo,
524 4408 557 4458 sd
575 4409 622 4458 boc
669 4407 799 4458 claudian.
812 4409 840 4456 in
852 4406 934 4456 Rufin.
947 4404 967 4454 l.
980 4403 1030 4467 22]

96 4471 237 4532 postulatus
255 4472 286 4522 ds
306 4473 387 4533 Patre,
406 4479 435 4523 ut
457 4478 522 4524 esset
538 4473 626 4524 doctor
