2910 4926
255 277 320 342 278
568 296 611 344 nn
632 295 824 344 annumeres
845 294 1046 345 amamur

254 447 412 513 veniunt?
435 457 492 514 aut
511 471 554 514 an
573 456 683 515 tutum
701 473 755 516 eas
776 452 894 536 populo
911 450 1138 515 committere?
1168 448 1226 534 qui
1246 454 1361 513 tamen

255 552 373 636 saepius
393 551 528 636 imagini
548 555 725 638 prosternit
751 576 794 634 se,
817 562 915 638 atque
940 554 1027 637 (audi
1049 553 1159 636 etiam)
1189 551 1360 636 supplicat,

256 676 353 737 quam
376 655 479 737 quivis
501 656 733 722 cardinalium.
778 659 875 723 Certe
895 657 1012 741 lepidae
1031 657 1105 721 ista
1121 654 1360 731 distinctiones,

255 759 413 840 imaginis,
443 767 540 842 atque
571 762 659 840 idoli,
696 761 892 826 adorationis
923 762 1065 843 proprie
1102 766 1136 824 et
1169 758 1360 856 inpropriis,

258 861 446 925 sanctitatis
465 863 611 927 absolute
631 871 664 929 et
678 866 827 944 relative,
847 865 962 948 (ausim
978 862 1096 945 dicere)
1113 861 1225 946 priscis
1239 860 1361 924 soeculu

255 963 420 1043 inauditae,
436 973 508 1048 post
523 987 625 1030 annos
639 989 722 1050 pene
737 968 929 1050 ocliuqeulos
943 966 1081 1030 exclusae
1097 970 1185 1030 sunt.

290 1090 354 1141 Hac
367 1094 454 1142 omnia
470 1129 477 1143 .
495 1130 501 1143 .
518 1095 631 1158 antiquis
647 1129 654 1145 .
672 1131 679 1147 .
695 1095 828 1145 notimima
838 1097 919 1154 erant,
934 1128 942 1144 .
958 1127 966 1143 .
982 1128 989 1142 .
1006 1097 1036 1142 ut
1047 1107 1099 1142 non
1110 1091 1212 1142 &mnas
1226 1089 1296 1141 funs
1306 1088 1362 1140 bac

322 1172 441 1223 Ecclesiae
452 1175 597 1237 obtruserit,
608 1176 652 1226 sed
663 1177 744 1240 pietas
755 1181 870 1226 veterum
881 1175 1073 1233 conservaverit,
1084 1177 1111 1223 et
1120 1172 1241 1237 impietas
1252 1170 1362 1221 Novato

323 1269 380 1303 rum
397 1257 523 1316 everterit,
534 1261 564 1305 nt
580 1258 666 1308 omnia
680 1261 845 1307 monuments
858 1256 949 1306 salutis
965 1255 1088 1305 oblivioni
1100 1254 1169 1318 apud
1186 1253 1362 1305 Christianum

322 1337 444 1400 populum
459 1337 739 1404 traderemus—[Bell.
750 1338 826 1404 Apol.
837 1353 882 1404 pro
899 1335 987 1401 Resp]
999 1350 1025 1400 p.
1037 1338 1092 1387 na
1105 1335 1172 1401 [0p,
1184 1339 1246 1386 tom.
1257 1335 1303 1385 vii.
1313 1332 1360 1385 col.

323 1416 379 1469 tos.
392 1417 420 1469 B.
434 1418 475 1485 (l.]

98 1522 235 1588 [Adrasto
301 1510 451 1592 Auliquis
480 1501 641 1574 mlissimd
671 1510 758 1589 dicit,
787 1530 848 1575 nee
878 1517 989 1573 tamen
1018 1530 1121 1603 unum
1159 1504 1292 1572 adducit
1320 1506 1362 1572 de

94 1590 238 1716 {ffiffssm
259 1614 407 1695 antiquis.
454 1614 534 1680 Quis
547 1617 666 1679 'eorum
688 1614 750 1679 hoc
763 1613 842 1678 iecit
864 1615 1032 1698 unquam?
1054 1613 1125 1697 quis
1145 1610 1226 1677 dixit
1240 1611 1362 1677 iacien-

94 1719 204 1783 is¹¹⁰tssi
260 1716 361 1781 dum?
408 1717 489 1782 Quis
511 1738 623 1782 eorum
644 1717 818 1800 imaginem
835 1718 915 1780 dixit
930 1717 1166 1780 simililudiuem
1186 1738 1254 1780 non
1268 1714 1361 1780 esse?

260 1822 327 1885 Lex
343 1828 452 1885 autem
464 1821 525 1886 Dei
540 1822 773 1885 similitudinem
788 1841 905 1884 omnen
918 1820 1100 1885 interdicit:
1124 1820 1166 1883 sit
1180 1820 1307 1899 idolum,
1319 1819 1362 1883 sit

258 1925 381 2006 imapo;
411 1924 438 1987 si
463 1924 633 1987 similitudo
657 1931 715 2003 est,
735 1923 807 2004 lege
829 1922 1002 1986 interdicta
1015 1929 1083 1989 est.
1127 1922 1179 1985 Ne
1201 1923 1360 2000 adoretur,

258 2027 427 2110 prohibet;
465 2048 526 2091 nec
553 2027 720 2110 restringit
746 2033 829 2110 post,
856 2027 906 2091 vel
930 2027 1112 2110 distinguit,
1137 2028 1205 2105 llos,
1229 2026 1281 2090 vel
1305 2026 1361 2089 illo

259 2130 358 2195 modo.
419 2118 554 2195 Cultum'
583 2131 778 2193 odorationis
816 2130 888 2194 Deo
923 2130 984 2193 soli
1016 2129 1178 2213 proprium
1208 2128 1360 2194 vindicat.

260 2233 474 2297 Sanctitatem
500 2234 580 2297 locis
604 2232 729 2312 tribuit,
756 2233 812 2296 ubi
837 2252 978 2317 praesens
1003 2234 1093 2297 Deus
1123 2254 1163 2298 ex
1191 2231 1362 2317 peculiaris

259 2334 394 2420 alicujus
416 2336 563 2400 beneficii
586 2336 729 2399 ratione:
752 2355 829 2414 non,
851 2335 908 2399 ubi
931 2334 1127 2414 Patriarcha‚
1147 2334 1198 2399 vel
1222 2336 1362 2399 Sanctus

258 2439 372 2521 aliquis
395 2445 653 2523 repraesentatus.
701 2438 775 2501 Nou
801 2439 948 2502 adorabis
974 2459 1092 2503 omnem
1114 2438 1361 2503 similitudinem.

147 2554 154 2565 '
258 2542 331 2605 Imo
347 2542 493 2604 adorabis
509 2543 647 2623 aliquam
666 2542 911 2619 simililudiusm,
928 2563 1037 2606 annon
1057 2563 1095 2605 ex
1112 2541 1270 2606 diametro
1285 2561 1362 2605 oon·

259 2644 381 2708 traria?
418 2644 577 2706 Adorubis
591 2664 675 2722 vero,
693 2645 769 2706 dum
791 2666 833 2708 ne
853 2645 934 2707 sicul
949 2646 1060 2708 Deum.
1108 2643 1363 2708 Similitudinem

258 2746 415 2826 adorabis,
439 2748 465 2809 si
494 2747 665 2809 similitudo
694 2752 824 2809 tanturn
854 2747 906 2825 sit,
934 2768 1001 2810 nou
1027 2747 1153 2810 idolum.
1201 2748 1275 2811 Imo
1300 2768 1364 2810 uon

258 2850 415 2928 adorabis,
432 2850 477 2913 ait
494 2850 669 2932 Gregorius
678 2858 700 2929 ',
717 2849 864 2933 quodque
881 2848 1028 2932 Gregorii
1046 2859 1117 2913 tum
1133 2849 1236 2934 pietas
1248 2851 1362 2929 vetuit,

258 2951 406 3016 ducentis
432 2974 514 3036 pene
537 2960 609 3036 post
640 2952 734 3015 annis
752 2951 873 3034 froude
898 2953 1025 3016 Saturae
1050 2952 1210 3016 obtinuit:
1250 2953 1295 3016 Et
1324 2961 1364 3018 ut

257 3056 439 3119 cohaereant
460 3057 539 3135 haec,
563 3056 690 3138 glutino
708 3078 788 3140 opus
812 3066 861 3120 est
884 3056 923 3120 de
943 3056 1104 3120 Scholis¹:
1136 3056 1222 3140 apud
1237 3055 1362 3132 Patres,

257 3181 325 3222 non
355 3159 502 3243 reperias.
558 3159 688 3243 Apertis
724 3168 834 3223 autern
869 3182 927 3243 per
957 3182 1017 3223 nos
1052 3161 1157 3223 Sacrae
1188 3159 1365 3243 Scripturae

258 3262 432 3340 codicibus,
449 3285 528 3346 quos
547 3263 666 3347 populo
685 3264 754 3347 jam
769 3262 881 3346 lingua
902 3262 1008 3346 legere
1027 3262 1113 3340 licet,
1130 3284 1226 3346 quam
1241 3260 1363 3326 intelli-

259 3373 351 3447 gunt,
368 3376 500 3429 cautum
515 3366 618 3449 magis
633 3374 693 3443 est,
709 3387 751 3429 ne
768 3366 914 3429 obliuioni
932 3367 1101 3428 traduntur
1121 3366 1234 3428 salutis
1255 3386 1363 3428 uwuu·

258 3475 371 3547 meula,
388 3491 483 3553 quam
503 3469 598 3553 pictis
613 3469 728 3532 vestris
749 3468 933 3553 parietibus,
951 3469 990 3532 de
1011 3468 1126 3552 quibus
1147 3468 1363 3551 Augustinus,

290 3603 300 3625 '
319 3595 515 3659 [“Oonvocandi
528 3598 598 3647 enim
609 3601 669 3646 sunt
680 3595 787 3659 dispersi
832 3596 860 3645 Si
879 3594 912 3646 sd
931 3596 997 3646 hanc
1014 3597 1216 3655 imtructionem,
1235 3595 1267 3645 sd
1286 3610 1363 3658 quam

258 3659 377 3709 Ecclesiae
390 3660 446 3719 filii,
457 3661 542 3722 eisque
558 3661 695 3724 Scriptura
712 3675 788 3709 sacras
831 3662 956 3724 imagines
967 3662 1108 3724 antiquitus
1116 3661 1262 3719 factaesuni,
1270 3659 1363 3710 habore

258 3728 298 3773 ast
324 3725 479 3773 testimoniis
508 3724 700 3783 ostendendum,
729 3726 789 3786 quia
832 3725 909 3774 vultis
919 3727 947 3774 in
959 3726 1077 3786 Ecclesia,
1088 3741 1129 3775 eas
1146 3726 1228 3775 modis
1244 3725 1365 3775 omnibns

259 3802 333 3837 omne
350 3788 521 3838 manufactum
532 3788 630 3839 adorari
648 3805 699 3838 non
714 3789 787 3849 licet;
831 3794 858 3838 et
878 3790 935 3840 fieri
959 3796 985 3839 et
1007 3790 1093 3840 baberi
1148 3791 1243 3839 rmitto.
1276 3790 1364 3852 Atque

277 3853 379 3901 uoniam
407 3854 530 3916 scriptum
558 3858 612 3906 est:
644 3853 788 3902 Dominum
831 3854 917 3905 indica
937 3855 1004 3917 qnod
1024 3870 1075 3904 non
1093 3856 1114 3903 ti
1133 3855 1143 3903 i
1160 3856 1215 3918 ipss
1232 3854 1296 3903 visio
1313 3853 1365 3903 his·

288 3932 346 3965 eum
373 3923 445 3966 tuum
472 3918 601 3976 arlorubis,
626 3925 649 3967 sl
670 3918 717 3967 Illi
740 3918 789 3968 soli
832 3921 913 3979 toriae,
926 3936 982 3982 quse
1000 3921 1099 3983 pictura
1116 3924 1178 3968 leste
1198 3919 1364 3982 pendebatur,

259 3975 359 4041 seruies,
374 3980 535 4045 (lauciufl.)
570 3985 608 4031 Ac
625 3983 716 4032 deinde
734 3983 789 4031 sub·
833 3983 1007 4048 displicuerit3
1033 3984 1077 4034 aed
1101 3984 1146 4033 ilia
1166 3983 1287 4042 adoratio,
1304 3999 1364 4045 quaa

256 4044 416 4108 jungendum
433 4048 493 4108 quia
509 4048 620 4109 picturas
639 4049 789 4110 imaginum,
832 4050 939 4112 picturis
962 4049 1043 4098 iuerat
1066 4049 1266 4111 incompetenter
1292 4047 1364 4098 exhi·

261 4125 317 4172 quae
329 4110 361 4159 ed
372 4109 566 4161 aedidcationem
577 4113 689 4175 imperiti
702 4113 788 4175 populi
832 4113 965 4162 bita''—S.
978 4114 1051 4175 Greg.
1072 4113 1107 4162 M.
1128 4114 1186 4178 lib]
1207 4114 1241 4161 ix.
1260 4112 1306 4175 Ep.
1325 4113 1363 4161 ix.

262 4174 360 4224 inerant
382 4176 462 4234 metae,
484 4181 513 4225 ut
534 4178 672 4226 nescientes
694 4178 788 4237 literas,
833 4179 961 4243 [secasti.
979 4178 1137 4227 nuiss—lib.
1150 4178 1185 4227 xi.
1201 4177 1257 4226 lnd.
1269 4176 1336 4227 iuli
1356 4213 1363 4226 .

262 4239 344 4302 ipsam
371 4239 503 4290 historiam
533 4240 700 4301 intendentes,
727 4241 788 4304 quid
832 4244 888 4291 xiii.
907 4243 1318 4308 Bcn.0p.‚tom.ii.ooii.1100.

262 4310 347 4354 actum
359 4305 393 4353 sit
407 4305 541 4365 discerent,
557 4306 617 4369 qnia
634 4307 751 4355 transisse
761 4307 789 4354 in
833 4310 903 4356 1101.
913 4309 958 4370 Α]

262 4368 435 4419 adorationem
462 4369 577 4428 videram
606 4371 699 4420 idcirco
726 4386 790 4420 com·
866 4380 876 4402 ¹
915 4373 984 4422 Oonl.
1007 4371 1032 4420 S.
1053 4372 1142 4421 Thom.
1172 4372 1265 4436 Aq'uin.
1289 4372 1362 4422 Sum.

263 4439 348 4483 motus
374 4448 409 4492 es,
432 4438 462 4483 ut
488 4450 529 4484 aaa
557 4436 681 4498 imagines
706 4435 790 4497 frangi
835 4436 921 4485 Theo.
936 4437 988 4486 Sec.
1002 4437 1054 4486 Scc.
1071 4436 1164 4496 Quaest.
1178 4437 1243 4487 xciv.
1262 4438 1319 4487 Art
1332 4438 1361 4487 ii.

262 4499 420 4563 praeciperes.
463 4501 549 4564 Atque
576 4502 612 4550 eis
639 4500 790 4561 dicendum
835 4501 891 4551 ‘Ad
903 4500 1039 4565 primum']
