2910 4926
460 287 641 336 ammona
664 286 846 334 associare.
1141 269 1206 331 285

106 460 204 524 perge
219 460 289 524 age,
304 442 412 520 adora,
430 450 588 525 quantum
603 441 697 506 voles.
744 443 839 504 Certe
855 447 973 517 autem,
990 457 1050 501 nec
1066 437 1211 500 Joannes

107 543 281 626 Angelum,
307 566 368 609 nee
394 546 547 610 Centurio
572 548 706 609 Petrum
730 567 788 628 pro
811 546 879 606 Deo
905 541 1041 620 habuit,
1056 540 1112 604 sed
1143 541 1212 623 (per

107 665 248 710 errorem
275 648 406 729 scilieet)
426 657 569 712 sanctam
592 669 721 712 omnem
737 656 770 713 et
787 647 969 730 religiosam
991 645 1211 708 adorationem

108 749 181 813 Deo
192 748 252 813 soli
266 772 330 813 non
347 751 505 834 putabant
521 751 700 814 convenire.
730 752 836 817 Quem
851 749 904 812 hie
920 769 1059 813 errorem
1075 745 1214 829 castigat

110 851 301 918 Cardinalis.

143 1019 172 1039 =
191 995 240 1045 Sed
252 1002 280 1046 ut
291 997 345 1060 ejus
353 996 455 1047 vineola
465 1011 525 1046 aum
537 998 686 1060 pretiosiora
699 998 870 1046 estimantur:
888 995 1053 1058 religioseque
1061 995 1090 1043 in
1099 993 1215 1043 universa

175 1078 285 1128 Ecclesia
307 1079 525 1129 colentum-Bell.
546 1080 620 1143 Apol.
642 1093 687 1143 pro
707 1078 793 1142 Ilesp.]
819 1094 842 1142 p.
856 1081 908 1128 118.
929 1078 998 1144 [ορ.,
1019 1082 1080 1126 tom.
1099 1077 1144 1125 vii.
1167 1075 1213 1124 col.

109 1188 113 1194 -
176 1160 281 1225 ηοω]

157 1271 209 1334 De
222 1271 329 1352 pretio
344 1279 453 1334 autern
475 1291 571 1333 nemo
594 1270 777 1348 contendet,
795 1271 913 1334 scimus
928 1269 1129 1333 vinculorum
1146 1287 1214 1330 sco-

110 1373 185 1437 bem
201 1373 350 1456 exiguam
367 1395 443 1437 auro
459 1395 525 1436 non
541 1375 657 1457 exiguo
671 1394 754 1456 saepe
769 1373 941 1450 venditam,
958 1380 991 1434 et
1008 1371 1119 1435 Crucis
1134 1370 1213 1433 item

111 1476 242 1554 assulas,
258 1477 356 1539 etiam
375 1476 488 1539 salsam
513 1474 651 1553 scobem,
675 1494 735 1537 nee
760 1495 851 1536 veras
873 1472 1013 1536 assulas:
1036 1493 1097 1534 nec
1121 1472 1215 1554 proin

111 1600 164 1643 rea
175 1579 263 1658 viles,
274 1579 329 1642 sed
341 1579 479 1656 venales,
492 1579 518 1642 si
530 1586 707 1661 emptorem
724 1577 885 1659 reperiant
900 1563 983 1639 bene
998 1582 1215 1651 nummatum,

111 1689 146 1745 et
165 1681 217 1745 eui
238 1682 323 1745 tanti
344 1681 463 1744 vitrum
488 1682 540 1760 sit,
556 1681 670 1763 quanti
690 1679 915 1762 Margaritum.
962 1678 1048 1744 Quid
1065 1677 1091 1740 si
1106 1684 1216 1739 autem

112 1805 179 1848 nou
195 1785 282 1862 viles,
299 1806 418 1868 ergone
434 1784 636 1848 adorandas?
681 1783 835 1865 Maleque
851 1781 969 1845 dieitur
983 1786 1120 1862 spretam
1138 1780 1217 1842 Cru-

112 1907 188 1951 cem.
232 1889 310 1951 Nou
326 1887 446 1970 speruit
459 1889 538 1966 Rex,
554 1908 613 1950 nec
629 1886 741 1950 adorat
751 1892 879 1948 tamen:
905 1883 969 1947 Sed
984 1904 1089 1967 neque
1102 1881 1215 1946 Cardi-

109 1989 196 2078 ¹nalis
210 1989 277 2072 ipse
292 1990 409 2068 omnia,
426 2011 498 2072 quae
512 2011 579 2053 nou
594 1991 723 2071 apomit,
740 1990 854 2051 adorat
870 1988 1026 2071 protinus.

146 2134 207 2185 Post
215 2150 313 2184 erucem
323 2135 427 2185 Domini
438 2142 556 2199 spretam,
568 2138 659 2186 transit
668 2134 744 2200 [Rex]
754 2133 787 2184 ad
794 2133 971 2195 Purgatorium
983 2128 1171 2196 [irridendum]
1179 2165 1216 2181 ...

180 2215 282 2265 Falsum
293 2219 339 2274 est,
350 2251 357 2265 .
370 2251 377 2264 .
389 2253 395 2264 .
406 2232 421 2266 a
434 2215 588 2266 Bellarmiuo
599 2217 698 2265 nullum
708 2215 901 2265 fundamentum
910 2214 1059 2276 Purgatorio
1071 2227 1102 2261 ax
1113 2213 1217 2275 scriptu·

179 2297 215 2347 ris
230 2297 310 2347 astrui
326 2298 444 2360 potuisse.
479 2297 609 2360 Siquidem
623 2333 646 2346 ..
660 2307 666 2346 ’.
681 2297 783 2359 viginti,
800 2296 936 2359 Scripturoe
950 2294 1051 2359 [merae]
1064 2292 1219 2343 testimoniis

180 2417 187 2430 .
200 2416 205 2427 .
218 2416 224 2429 .
236 2378 452 2429 astruxit—bell.
465 2381 540 2442 Apol.
553 2395 598 2443 pro
610 2379 697 2444 Besa]
715 2393 740 2443 p.
752 2380 805 2428 118.
825 2377 895 2441 [Op.,
913 2383 974 2427 tom.
986 2377 1030 2426 rii.
1048 2374 1105 2425 coll.
1118 2374 1173 2426 770.
1186 2372 1218 2422 D.

181 2461 237 2511 ⁷71.
249 2459 292 2524 A]

161 2560 234 2622 Jarn
259 2558 299 2622 ad
314 2560 499 2642 Paryatmii
522 2561 623 2643 ignem
646 2559 785 2624 calescit.
830 2560 929 2635 Nam,
954 2557 980 2621 si
1000 2556 1131 2639 frigeret
1153 2554 1217 2633 ille,
1232 2566 1367 2644 [purgato

114 2661 248 2745 frigeret
262 2669 295 2725 et
307 2662 388 2726 alius
402 2662 437 2726 in
452 2663 532 2741 loco,
543 2664 595 2726 eui
607 2663 663 2727 diu
674 2663 742 2746 jam
753 2661 937 2744 Purgatorii
952 2659 1060 2743 opinio
1075 2658 1220 2721 fomenta
1232 2646 1371 2758 gfflffi

116 2765 318 2828 ministravit.
364 2767 507 2830 Comasit
523 2766 661 2848 quidem,
684 2766 759 2828 hinc
781 2764 866 2843 inde,
884 2764 1055 2844 Scriptura
1071 2763 1149 2839 loco,
1164 2760 1221 2824 ubi
1232 2760 1381 2873 ddiiddhs-

115 2867 182 2930 ulla
203 2867 296 2949 ignia,
318 2868 386 2930 ulla
404 2869 566 2949 purgandi
591 2867 723 2947 mentio,
748 2867 846 2930 ctiam
869 2865 925 2929 ubi
951 2853 1109 2929 neutrius.
1156 2864 1220 2928 Sed
1232 2889 1276 2938 bet
1286 2887 1371 2937 funda

118 2990 189 3054 quae
204 2970 401 3033 Matthaeum
417 2971 553 3034 'Portum
568 2970 730 3048 decerent,
745 2969 792 3032 ita
814 2969 928 3032 misere
951 2967 1086 3043 detorta,
1102 2973 1221 3049 atquae
1232 2951 1365 3016 mentum]

116 3094 213 3136 nemo
226 3072 316 3156 legit,
333 3073 412 3156 quin
426 3074 578 3137 misereat
593 3095 667 3136 eum
683 3072 804 3150 statim,
817 3080 850 3134 et
862 3071 1050 3148 Cardinelis,
1064 3077 1096 3133 et
1106 3090 1219 3134 causae.

118 3175 248 3238 Nullum
269 3175 315 3239 ibi
330 3175 581 3257 fundumentum,
599 3177 714 3238 merito
736 3176 806 3238 Rex
827 3173 916 3236 dixit.
963 3173 1118 3254 Pleraque
1134 3172 1219 3234 enim

117 3285 267 3341 tam-non
282 3278 414 3361 liquida,
431 3288 467 3341 ut
481 3280 645 3361 iutegmm
661 3279 690 3341 ei
705 3288 802 3361 eaput
817 3277 1071 3341 consumendum
1088 3277 1140 3351 sit,
1157 3296 1220 3357 quo

119 3382 252 3463 affingat
268 3381 313 3444 eis
330 3382 469 3464 aliquam
485 3381 598 3444 saltem
614 3381 680 3444 veri
697 3379 952 3443 similitudinem.
984 3379 1096 3461 Ipsum
1112 3377 1137 3439 si
1153 3377 1220 3459 pla-

118 3491 179 3561 cet,
200 3483 319 3548 audite.
367 3484 447 3556 Quia
467 3483 567 3565 forle,
589 3493 645 3548 aut
671 3490 763 3561 certe,
788 3487 843 3546 out
866 3483 976 3545 saltem
1000 3480 1220 3543 eciatimobont

111 3607 205 3668 pocae
218 3584 327 3667 steria
377 3587 490 3650 Tamen
510 3587 656 3650 credibile
678 3593 724 3651 eat
735 3599 758 3649 ⁰.
806 3586 880 3648 Haec
893 3583 986 3647 verbo
1001 3583 1089 3645 varie
1109 3584 1221 3663 seponi

151 3763 163 3786 ¹²
181 3754 207 3820 [“
213 3753 255 3804 Ad
271 3756 388 3817 quintum
401 3755 465 3815 dieo,
477 3761 606 3818 peceatum
619 3757 647 3804 il·
691 3755 880 3806 Galaodaudita
889 3759 969 3804 morte
977 3753 1035 3804 Saul
1042 3753 1221 3866 jessunavmuut

119 3819 201 3869 lorum
219 3820 286 3883 (vide
305 3820 412 3869 artace.
432 3821 487 3882 xii.)
507 3825 551 3870 aut
574 3822 647 3869 fuisso
691 3826 787 3882 septem
799 3819 859 3869 dies
883 3819 1050 3881 dialogi.
1085 3817 1221 3868 avidflevit

118 3884 226 3943 veniale,
244 3885 304 3946 quia
331 3884 394 3934 sorte
416 3885 566 3946 ignorabant
584 3885 648 3947 legis
691 3889 717 3934 et
731 3885 858 3948 ‚jejunavit
875 3899 920 3948 pro
939 3884 1013 3934 Saule
1031 3889 1057 3933 et
1073 3882 1184 3932 Jonatha
1195 3887 1222 3932 et

138 3949 343 4006 inhibitionem„
358 3954 437 3998 ..aut
454 3948 647 3998 saltemJudum
690 3949 748 3998 aliis
771 3951 866 4006 occisis.
894 3948 962 4012 quod
989 3948 1059 3997 idem
1087 3948 1146 3996 lecit
1175 3962 1221 4009 pro

149 4012 286 4062 aehabeum
301 4014 338 4061 ita
353 4013 561 4062 existimasse...
574 4012 648 4062 Adde
691 4014 786 4072 Abucr,
800 4013 882 4075 tlteg.
895 4015 931 4062 iii.
957 4012 1077 4070 Quamvis
1086 4013 1154 4061 euim
1167 4012 1222 4060 haee

119 4077 211 4126 ultimo
228 4078 317 4126 saltem
333 4079 457 4126 incertum
468 4078 543 4127 luisse
555 4083 649 4126 statum
691 4077 842 4126 videbantur
852 4078 908 4126 fieri
925 4078 953 4126 iu
972 4079 1074 4140 siguum
1091 4076 1185 4125 doloris
1196 4079 1223 4124 et

120 4141 222 4189 illorum
242 4148 268 4191 et
287 4147 418 4205 propterea
435 4143 535 4191 licuisse
552 4157 597 4204 pro
614 4142 650 4191 eie
691 4142 905 4202 dimitteremur
916 4141 1037 4191 credibile
1048 4145 1086 4189 eat
1097 4141 1222 4203 precipue

120 4205 451 4269 orare.''-Bell.]daPurg.
479 4205 534 4270 lib]
546 4206 562 4255 i.
575 4205 650 4270 [ean]
693 4206 759 4255 lacta
781 4221 832 4256 esse
854 4206 887 4256 ad
910 4205 1036 4271 juvandas
1057 4205 1156 4253 animas
1183 4203 1223 4253 de

121 4272 143 4318 3.
165 4269 267 4335 [tl‘dd
291 4273 426 4332 quintum!
472 4269 527 4333 Op,
550 4270 650 4320 tomii.
694 4268 969 4334 functorum.”-Bell.]
986 4269 1017 4319 de
1035 4269 1108 4330 Purg.
1127 4266 1223 4332 [lib.]i.

121 4347 146 4397 p.
159 4337 215 4383 392.
229 4334 268 4399 B.]
696 4333 772 4400 [aaa]
795 4338 817 4384 3.
841 4339 853 4397 ἦ
879 4335 1008 4385 ‘Tertius'
1036 4332 1100 4397 [Op.,
1122 4339 1183 4380 tom.
1196 4332 1222 4381 ii.

194 4404 209 4426 ‘⁸
219 4399 319 4448 'tertius
335 4398 404 4448 loeus
420 4400 482 4448 eatl
497 4399 557 4461 Reg.
569 4399 652 4448 ultim.
696 4413 720 4463 p.
734 4402 790 4448 392.
802 4397 842 4462 a]

122 4407 167 4511 ubi
183 4398 303 4525 degimus,
325 4462 392 4525 quod
414 4462 654 4513 habitatores-lebes
