2910 4926
269 242 333 303 144
580 257 623 305 an
645 256 836 306 clamanus
858 258 1057 307 omninum

270 410 471 490 Cousiatorio,
487 411 601 495 religio
622 420 708 477 esset
729 415 949 478 cardinalibus
973 413 1092 497 (credo)
1111 412 1141 477 ei
1164 434 1232 476 non
1253 411 1370 494 euffro-

263 517 349 598 pcri.
394 516 473 580 Non
495 516 583 580 enim
599 522 637 580 ut
659 519 826 602 purpurati
848 518 1047 597 incederent,
1062 518 1127 581 vim
1142 516 1220 581 feeit
1236 516 1292 596 cis,
1308 535 1371 580 nec

272 619 413 703 perpulit
429 618 638 703 refragantes,
654 628 692 684 ut
705 622 809 685 mulas
824 621 1086 687 conscenderent.

299 771 389 836 Neque
400 788 427 823 se
438 772 549 836 Regibus
562 773 639 838 [ipsi]
653 779 814 837 componunt
848 772 909 823 Non
925 773 994 823 enim
1007 770 1150 823 cardinalis
1166 774 1227 833 erat,
1239 770 1284 834 qui
1295 770 1372 834 scrip

330 855 366 904 nit
383 854 528 905 Cardinalos
546 855 696 919 equiperari
714 855 941 922 Regibm.-[Bcll.
954 855 1029 919 Apol.
1041 869 1087 919 pro
1100 851 1186 917 Resp]
1203 867 1229 918 p.
1241 854 1281 902 41.
1300 851 1372 917 [Op.,

332 939 394 986 tom.
405 937 448 986 vii.
460 936 507 987 cci.
518 936 574 989 727.
586 937 632 1002 D.]

309 1044 501 1108 Verecunde
523 1053 642 1126 antem,
661 1047 706 1129 (et
722 1046 812 1129 quasi
828 1046 868 1111 de
884 1068 921 1110 eo
937 1046 1034 1124 dicas,
1049 1046 1192 1109 cubuit:
1216 1045 1304 1107 salva
1319 1063 1371 1106 res

267 1151 360 1234 eai”,)
378 1152 452 1214 Noa
459 1150 566 1233 suisne
583 1153 792 1231 Cardinalem,
808 1155 861 1236 qni
880 1154 1007 1235 scripsit
1027 1172 1078 1215 eoa
1093 1153 1211 1234 Rapum
1226 1151 1369 1233 oequalea.

270 1255 353 1320 Quis
368 1276 445 1338 ergo
460 1255 546 1319 fuit?
571 1257 748 1320 Canonista
762 1257 887 1339 uliquis,
904 1255 1085 1320 Cardinalis
1101 1255 1236 1338 alicujus
1250 1253 1371 1337 parasi-

268 1366 381 1423 taster.
428 1360 494 1423 Sed
508 1381 551 1423 an
566 1360 739 1424 excanduit
753 1368 823 1424 tum
840 1359 1085 1436 Consistorium,
1101 1366 1134 1422 et
1143 1360 1258 1440 procul
1270 1377 1373 1420 remo-

267 1463 335 1525 ueri
355 1462 520 1525 obauditu
539 1483 606 1540 aaa,
622 1470 655 1527 et
678 1462 776 1528 deleri
792 1463 831 1527 de
854 1463 973 1546 scripto
989 1483 1099 1526 vocem
1120 1462 1206 1525 hane
1225 1460 1370 1542 ωᾳιιὶροῐ-

269 1566 397 1628 lentie?
440 1565 519 1629 Non
542 1565 743 1629 estfactum.
789 1566 843 1629 Ne
864 1565 898 1628 id
921 1565 1052 1648 quidem
1072 1565 1142 1649 jam
1157 1562 1269 1627 volunt
1284 1562 1368 1626 ficri:

149 1669 213 1732 110
270 1666 328 1732 sed
358 1668 518 1750 quomodo
546 1668 686 1752 intelligi
715 1667 841 1746 debeat,
867 1667 1035 1732 commode
1064 1672 1217 1730 monent:
1252 1685 1371 1749 nempe

269 1771 355 1854 quod
379 1773 545 1853 Principes
570 1792 682 1835 omnes
697 1778 772 1853 posi
794 1792 827 1835 ae
848 1772 1021 1856 respiciant
1042 1793 1061 1835 a
1083 1778 1185 1853 tergo,
1206 1776 1304 1852 atque
1323 1769 1371 1832 ita

261 1874 339 1955 puri
354 1894 423 1937 cum
438 1874 573 1957 Rapidus
580 1895 681 1955 passa
696 1874 861 1938 ambulleat.

299 2010 415 2061 Primum
432 2011 512 2074 igitur
528 2026 601 2074 nego,
619 2011 748 2061 sublatum
764 2026 817 2061 ease
836 2010 940 2061 modum
960 2010 1070 2060 habendi
1091 2008 1205 2059 Concilio
1223 2007 1372 2068 Generalia5

331 2092 461 2154 negarim
473 2097 500 2142 et
510 2097 661 2156 potestatem
673 2108 760 2143 corum
771 2092 804 2143 ad
816 2092 963 2143 Cardinaiee
974 2096 1133 2155 pertractum.
1162 2089 1235 2152 Nego
1247 2091 1275 2139 in
1287 2089 1371 2139 Ponti·

331 2174 390 2224 ficio
408 2172 531 2247 Conclari
553 2189 605 2225 ease
627 2176 699 2238 quasi
720 2175 893 2237 monopolium
916 2175 1090 2224 constitutum.
1104 2172 1211 2223 —Bell.
1230 2172 1305 2235 Apol.
1323 2185 1371 2236 pro

331 2255 419 2320 Resp]
433 2272 457 2320 p.
467 2258 506 2306 41.
520 2256 589 2321 [Op.,
600 2261 661 2306 tom.
673 2257 716 2307 ri'a
728 2257 774 2307 col.
786 2256 843 2309 728.
855 2255 897 2319 2.]

105 2387 209 2452 [Modus
312 2364 400 2430 Quid
429 2372 537 2428 autem
568 2386 637 2428 non
669 2365 803 2448 negabit
840 2364 1031 2443 Cardinalis,
1062 2364 1088 2426 si
1125 2370 1222 2446 neget
1252 2362 1371 2427 Caesari

103 2454 228 2568 fflffl*
268 2465 455 2549 ademptum
468 2468 524 2550 jus
539 2474 572 2530 et
586 2467 732 2549 Rapidus,
745 2468 787 2530 ad
804 2468 944 2531 Concilio
962 2468 1129 2530 Generalia
1141 2465 1369 2530 convocanda?

18 2640 24 2649 ¹
104 2581 244 2632 bandorum
269 2569 355 2652 qnod
371 2576 478 2635 totum
488 2571 557 2654 jam
572 2592 670 2654 penes
685 2570 879 2652 Pontificem,
898 2572 1082 2634 Cardinalea
1096 2570 1147 2634 vel
1163 2572 1373 2634 Sacramento

103 2646 234 2711 munius]
268 2673 486 2750 contendent3
510 2681 557 2751 ut,
575 2672 639 2736 nisi
661 2673 691 2737 ei
712 2674 759 2737 ita
780 2675 893 2753 visum,
913 2675 959 2757 (id
982 2675 1068 2757 qnod
1091 2674 1257 2756 aegerrime
1271 2671 1373 2736 videri

269 2779 360 2861 solet)
388 2779 480 2842 nulla
497 2779 566 2863 jam
588 2778 779 2843 habeantur.
831 2780 901 2842 Vim
916 2780 1013 2843 etiam
1035 2779 1076 2842 ad
1092 2800 1145 2842 cos
1163 2783 1372 2859 peri-ruciam,

269 2905 343 2946 cum
360 2905 427 2947 non
441 2882 634 2967 praesideant
649 2883 683 2946 in
699 2883 745 2947 eis
760 2883 824 2946 nisi
842 2884 1026 2946 Cordi-aulea
1042 2881 1207 2961 Pontificio
1230 2880 1371 2944 nomine.

268 2987 399 3049 Modura
415 3007 550 3069 qnoque,
567 3006 641 3049 cum
656 2986 737 3049 nihil
755 2985 801 3049 ibi
816 2985 954 3068 proponi
969 2984 1075 3062 liceat,
1091 2985 1153 3047 nisi
1166 2982 1252 3065 quod
1271 2983 1371 3045 inter-

269 3096 420 3153 currente
444 3089 608 3153 vercdario
635 3088 673 3151 de
700 3090 804 3152 Roma
827 3089 979 3152 allatum:
1012 3088 1096 3151 nihil
1125 3086 1282 3164 concludi,
1309 3086 1373 3148 nisi

269 3193 356 3277 quod
384 3201 570 3258 recurrente
600 3193 711 3257 statim
741 3193 914 3271 veredario,
946 3194 1083 3257 Romam
1112 3192 1201 3275 prius
1232 3191 1372 3255 relatum

268 3298 375 3362 fuerit.
422 3299 567 3364 Concilio
582 3307 691 3361 autem
714 3305 869 3372 cessante,
885 3297 921 3359 in
943 3296 1040 3359 rebus
1056 3295 1187 3378 quidem
1203 3294 1371 3372 Ecclesiae,

268 3402 330 3464 nisi
356 3423 414 3484 per
440 3401 627 3466 cardinales
651 3400 734 3463 nihil
764 3401 821 3462 fit:
857 3399 944 3482 quod
968 3398 1047 3482 quid
1073 3397 1162 3460 aliud
1188 3405 1247 3475 est,
1274 3418 1372 3479 quam

273 3504 515 3584 Monopolium?

302 3636 433 3694 Quomodo
449 3638 518 3688 enim
535 3652 592 3688 vere
609 3637 660 3687 dici
677 3641 768 3702 potest,
779 3638 907 3689 sublatum
923 3653 976 3688 esso
995 3638 1099 3688 modum
1117 3637 1227 3688 habendi
1240 3636 1374 3687 Generalis

334 3718 454 3777 Concilio,
466 3733 523 3767 eum
535 3719 650 3768 Concilio
665 3719 827 3769 celeberrima
837 3724 863 3769 et
873 3720 983 3783 plurima
993 3720 1068 3784 paulo
1078 3724 1137 3769 ante
1149 3719 1195 3768 boe
1206 3718 1335 3774 naculum,
1346 3721 1374 3767 et

334 3797 381 3846 hac
398 3798 453 3861 ipsa
469 3803 544 3847 aetate
561 3804 647 3849 nostra
663 3800 716 3848 sint
732 3800 941 3865 habital-[Bell
956 3801 1031 3865 Apol.
1044 3816 1090 3865 pro
1107 3800 1198 3864 Resp]
1212 3814 1236 3864 p.
1252 3800 1290 3848 42.
1304 3797 1373 3862 [Op.,

333 3882 394 3928 tom.
407 3878 450 3927 vii.
463 3878 509 3927 col.
523 3878 579 3929 728.
592 3878 634 3941 Β.]

105 3998 235 4076 [eoncilia
312 3983 384 4048 Nec
406 3985 493 4047 enim
512 3985 649 4048 Concilio
664 3986 763 4065 locus,
779 3987 835 4051 ubi
858 3988 893 4052 in
916 4010 1072 4052 commone
1094 4010 1161 4052 non
1180 3987 1351 4051 conferunt
1361 4012 1370 4063 ;

103 4068 241 4127 mmm
268 4084 323 4149 sed
340 4106 379 4149 ex
399 4087 494 4149 unius
510 4087 668 4150 arbitratu
683 4097 840 4171 geruntur
855 4091 980 4156 omnia:
1005 4098 1038 4155 et
1053 4092 1163 4155 haberi
1182 4111 1273 4173 posse
1292 4090 1371 4151 Coa-

102 4142 150 4190 pro
159 4126 244 4177 Conci·

103 4191 237 4306 ffiffia
268 4190 343 4252 cilia
366 4189 612 4272 qualiacunque,
635 4192 705 4272 quis
735 4193 848 4271 nescit,
881 4194 951 4258 sine
980 4202 1064 4258 recto
1094 4202 1205 4258 tamen
1230 4192 1373 4256 habendi

102 4318 207 4383 meda]
268 4292 390 4356 modo?
435 4293 555 4355 Modus
579 4293 732 4372 habendi,
748 4296 856 4358 modas
878 4297 1075 4361 convocandi
1089 4305 1208 4375 rectus,
1225 4315 1372 4359 accessus

612 4470 624 4493 ¹¹
645 4462 758 4526 [Terent.
772 4462 881 4528 Adelph.
891 4463 936 4514 IV.
950 4467 971 4514 5.
982 4465 1019 4528 9.]

67 4576 119 4636 h.
