2910 4926
380 310 383 318 -
451 281 631 330 ,ιιοιοιιιιιι
655 279 836 329 aaseousro.
1129 263 1193 326 305

91 433 170 514 quid
185 455 357 500 commune
372 436 415 500 sit
428 436 502 514 illis,
519 436 596 520 quid
611 457 687 514 non,
704 435 732 499 ei
748 434 854 499 adhue
869 433 1077 517 exploratum.
1099 434 1196 497 ''Pan-

89 544 202 602 tamne
216 538 251 602 in
267 540 437 605 cardinale
451 540 646 604 vanitatem!

124 679 249 732 Preterea
262 697 312 732 uon
324 698 403 748 panos
414 698 508 739 eorum,
520 699 576 746 quaa
589 683 643 733 Rex
653 682 762 733 adduxit
773 681 828 747 [top.
836 679 959 746 adducit}
971 680 1114 730 invenimus
1125 680 1193 745 apud
1248 666 1310 730 221

156 762 218 813 ruo.
241 764 456 828 Brightrnannum
479 767 506 815 in
528 766 698 830 explicatione
721 762 1032 829 Apoealypsis'.—[Beil.
1051 763 1126 828 Apol.
1145 779 1192 828 pro

155 843 241 910 Resp]
254 861 279 911 p.
289 848 344 898 127.
358 847 427 912 [Op.,
439 852 500 898 torn.
512 849 555 898 rii.
568 848 614 898 ool.
626 848 682 900 770.
693 846 736 911 Δ.]
781 874 782 878 =

16 964 25 975 ⁴
131 951 207 1015 Jam
226 959 259 1016 et
274 952 531 1037 Brightmonnus
551 976 618 1019 nou
637 954 772 1019 dubium
795 954 874 1038 quin
890 953 972 1037 Regi
986 953 1090 1017 multa
1104 975 1191 1018 oom-
1204 966 1341 1082 haedum·

87 1053 236 1134 modarit,
255 1057 347 1140 eujus
361 1066 472 1121 tamen
486 1079 553 1122 nou
565 1057 628 1120 nisi
643 1065 716 1142 post
734 1057 854 1121 editam
864 1057 959 1139 Repio
968 1055 1192 1137 Proefotionem
1203 1033 1319 1163 ωἳξξζ]

88 1156 171 1221 liber
189 1158 255 1223 huo
280 1160 415 1243 appulit.
461 1162 540 1225 Tam
566 1183 691 1245 semper
714 1160 915 1243 temporibus
941 1159 1109 1224 commode
1133 1181 1193 1225 sua

88 1282 155 1324 non
180 1261 293 1326 dividit
303 1273 326 1326 ⁸.
374 1264 437 1327 Sed
462 1285 521 1328 ooo
539 1285 646 1346 pauco
668 1265 764 1347 Repis
784 1264 870 1345 opud
883 1284 950 1326 eom
966 1263 1092 1328 invenit.
1137 1264 1191 1327 Ne

88 1363 205 1428 elamet
225 1374 335 1429 tamen
358 1363 484 1452 sipoto.
530 1369 617 1431 Nam
640 1367 717 1451 quid
734 1367 877 1430 mirum?
924 1365 977 1428 Sic
991 1365 1102 1428 lucent
1116 1387 1192 1430 vera

88 1466 245 1550 quadam,
261 1477 298 1530 nt
313 1490 373 1533 uec
387 1469 492 1534 luscos
506 1469 643 1553 fugiant.
684 1469 757 1548 Sed,
771 1470 824 1552 (ne
839 1467 962 1532 neseiat
977 1469 1088 1551 quanti
1104 1468 1191 1551 apud

87 1591 147 1634 nos
161 1572 284 1635 Auctor
297 1573 364 1656 ille)
383 1574 481 1637 homo
495 1573 568 1653 fuit,
585 1574 662 1637 dum
680 1572 769 1651 vixit,
788 1572 935 1655 proclivis
951 1571 992 1633 ad
1007 1572 1188 1649 schismata,

88 1695 148 1738 neo
178 1675 233 1758 qui
262 1683 385 1757 saperet
415 1678 459 1739 od
481 1674 726 1740 sobrietatemh:
761 1696 862 1759 eoque
893 1675 1035 1751 nomine,
1062 1694 1101 1737 ex
1125 1695 1190 1757 quo

87 1778 226 1863 suscepit
246 1779 299 1843 hic
321 1781 472 1864 Regnum
494 1783 574 1860 Rex,
591 1788 624 1845 et
642 1780 676 1843 in
695 1780 731 1844 id
752 1801 855 1864 genus
878 1778 1047 1843 hominum
1071 1778 1190 1861 inquiri

83 1882 190 1968 jussit,
210 1883 276 1947 lata
298 1906 355 1968 pro
381 1885 542 1948 tribunali
565 1885 736 1962 sententio,
757 1891 873 1948 exutus
895 1889 946 1947 est
966 1903 1083 1965 eoquo
1100 1881 1189 1965 prius

87 1986 258 2070 gaudebat,
286 1989 481 2067 sacerdotio,
508 2011 545 2053 ae
570 1990 641 2053 loeo
664 1997 782 2067 motus,
809 1995 907 2072 atque
941 1987 1029 2051 omni
1053 1986 1190 2051 docendi

87 2111 238 2154 munere:
263 2112 322 2154 neo
343 2092 446 2155 multo
465 2102 537 2175 post
559 2092 644 2155 diem
667 2092 758 2156 obiit.
803 2092 874 2155 Nec
889 2090 1003 2155 excudi
1023 2090 1076 2154 hic
1098 2098 1188 2173 pote·

86 2201 161 2257 rant
190 2215 262 2277 quae
291 2194 428 2279 scripsit,
457 2217 531 2259 oum
561 2196 646 2279 apud
675 2202 749 2259 e'um
779 2217 846 2259 non
878 2196 974 2278 longe
1005 2194 1113 2259 absint
1146 2195 1187 2259 ab

86 2299 213 2380 ineptiis
241 2299 397 2382 quadam,
423 2300 569 2383 quaedam
599 2321 659 2363 neo
690 2299 730 2363 ab
756 2300 876 2362 teresi.
898 2327 901 2334 ¹
920 2300 1071 2362 Tantum
1086 2297 1187 2375 abest,

85 2410 123 2465 ut
137 2402 312 2468 illiusmodi
327 2405 459 2469 homine
472 2406 541 2468 Rex
556 2426 674 2468 usurus
688 2403 797 2480 fuerit,
814 2403 854 2466 ad
869 2401 1077 2486 Theologiom
1092 2402 1132 2466 ab
1148 2423 1187 2466 eo

86 2506 309 2570 mutuandum.
356 2510 412 2585 At,
433 2508 460 2571 si
481 2529 532 2570 me
555 2506 675 2584 audiat,
694 2513 802 2569 mutus
823 2506 865 2569 sit
885 2506 925 2569 de
945 2513 1059 2569 mutuo
1075 2504 1186 2570 Cardi-

85 2609 177 2688 nulis,
201 2611 293 2694 cujus
323 2612 447 2674 intorte
471 2612 605 2693 relinqui
629 2618 765 2695 possunt
793 2611 1022 2687 Controversia,
1048 2609 1085 2688 si,
1116 2630 1190 2693 quae

85 2720 189 2777 mutuo
204 2722 334 2799 sumpta
349 2724 435 2794 sunt,
452 2717 548 2778 tactio
564 2737 631 2778 uon
647 2716 699 2778 sit.
744 2715 806 2777 Tot
822 2713 908 2777 euim
923 2713 968 2777 ibi
988 2720 1104 2791 mutuo,
1121 2723 1154 2777 et
1168 2735 1190 2777 a

84 2823 145 2897 tot,
168 2825 206 2882 ut
232 2819 259 2883 si
281 2826 480 2902 reeoqnooeot
506 2819 586 2903 quis,
610 2826 642 2882 et
666 2840 760 2882 suum
784 2818 899 2902 cuique
919 2818 1042 2897 reddat,
1058 2840 1189 2883 versura

83 2921 233 2986 facienda
252 2922 295 2986 sit
319 2923 482 2987 Cardinali
491 2951 500 3003 ;
523 2930 556 2986 et
575 2922 862 2985 Controuersiarum
877 2943 1019 2985 erassum
1040 2943 1120 3005 opus
1136 2923 1187 2986 vix

84 3025 209 3091 ossibus
224 3026 396 3091 haesurum.
442 3028 573 3091 Parcius
587 3027 649 3090 ista
664 3048 740 3110 ergo
756 3026 874 3090 dehinc
889 3027 927 3090 de
941 3034 1055 3090 mutuo.

117 3178 232 3244 Denique
243 3180 271 3229 in
282 3178 328 3230 hoo
337 3181 507 3244 disputatione
519 3181 573 3231 Rex
584 3196 635 3231 non
643 3184 723 3231 certos
733 3179 966 3241 demonstrationes,
977 3178 1020 3229 sed
1031 3180 1186 3244 conjecturas

149 3275 212 3320 sues,
225 3261 264 3311 vel
275 3276 376 3310 sensum
388 3277 473 3312 suum.
486 3299 492 3312 .
505 3263 653 3326 proponit.
665 3296 672 3310 .
685 3296 691 3310 .
707 3261 809 3310 Poterat
819 3260 915 3322 igitur.
928 3296 935 3309 .
949 3297 954 3309 .
966 3260 1037 3310 faoile
1047 3263 1184 3325 praeterire.

149 3342 200 3392 Sed
211 3343 294 3393 voluit
304 3349 391 3393 tomen
405 3346 516 3395 breviter
526 3345 627 3407 singula
638 3344 761 3408 persequi,
772 3347 800 3393 et
810 3344 942 3393 sententiis
954 3343 1030 3405 Regis
1046 3344 1184 3394 sententias
1238 3382 1243 3389 .

148 3428 261 3474 veterum
275 3424 379 3474 Petrum
391 3425 632 3490 opponere—[Bell.
643 3424 717 3487 Apol.
729 3439 775 3486 pro
787 3421 870 3488 Resp]
881 3439 906 3487 p.
917 3423 972 3473 127.
990 3423 1056 3489 [Op.,
1066 3429 1126 3473 tom.
1139 3426 1183 3476 vii.

148 3504 194 3555 ool.
207 3504 263 3557 776.
274 3506 307 3554 A.
320 3504 360 3571 B.]

126 3614 236 3676 Potuit
250 3635 325 3678 vero
340 3617 438 3678 etiam
454 3616 628 3697 preterire,
650 3613 725 3697 quia
744 3615 835 3677 aottoe
856 3613 900 3676 ibi
921 3621 992 3677 sont
1016 3621 1107 3678 certe
1131 3615 1347 3690 ote-[lnnpool.

80 3719 335 3781 morostrotioues:
353 3719 408 3782 sed
423 3721 606 3802 conjectore
620 3719 719 3797 modo,
730 3725 759 3781 et
775 3721 852 3800 quid
861 3719 931 3782 Reor
941 3718 1078 3783 sortisti
1110 3721 1182 3786 Neo
1194 3691 1346 3806 {xiim

81 3820 161 3885 libet
184 3822 350 3886 cardinali
373 3823 488 3886 luctari
509 3845 583 3886 cum
606 3823 800 3904 conjectores.
845 3823 969 3886 Verum
991 3822 1051 3888 hoc
1073 3821 1333 3938 moder-3:222?non

82 3921 153 3986 stiae
168 3929 237 3986 erat
252 3922 293 3987 de
309 3945 342 3987 se
358 3930 391 3987 et
406 3925 471 3987 suis
491 3946 557 3988 non
578 3924 681 3987 multa
696 3924 864 4006 magnifice
887 3924 1010 3989 dicere:
1035 3947 1131 4008 quam
1147 3948 1181 3990 ιιι
1193 3954 1298 4014 possunt

83 4034 209 4111 portem
240 4049 305 4092 non
331 4029 435 4092 multa
455 4035 590 4111 peccant
615 4027 757 4107 Jesuitae,
783 4029 898 4112 quibus
920 4030 1018 4093 nullae
1044 4030 1181 4113 placent,
1193 4015 1330 4078 adhiberi]

81 4130 180 4196 nullae
201 4140 327 4209 sonant,
344 4132 405 4196 nisi
420 4133 664 4210 evidentissime,
680 4139 711 4195 et
726 4134 973 4197 tumotentiroimoe
990 4133 1181 4198 demontra-

114 4301 122 4333 ¹
137 4302 329 4368 [Brightmunni
338 4303 502 4366 Apoealypsis
517 4304 610 4367 Apoea-
686 4312 697 4342 ¹
739 4303 792 4353 'ide
803 4303 902 4354 Terent.
917 4302 1144 4368 nonantula]

80 4367 187 4430 lypseos,
199 4367 225 4416 id
237 4373 276 4416 est
287 4368 450 4432 Apoealypsis
463 4368 493 4417 D.
504 4367 611 4418 Jounnis
686 4366 697 4398 i
727 4368 797 4418 Rom.
808 4384 854 4418 ιιι
866 4369 900 4433 a]

81 4432 189 4494 Analysi
211 4436 237 4480 et
268 4431 375 4482 scholiis
403 4432 536 4482 illustrata
559 4434 611 4482 tto.
686 4431 692 4463 ¹
730 4432 794 4484 Vide
812 4432 1183 4498 Praer.u10nit.pp.ro,142.]

81 4496 247 4553 Franoofurti,
265 4496 350 4560 1000]

124 4592 366 4628 sunum-ntor.
910 4598 937 4646 x
