2910 4926
472 304 655 353 arotounur
679 302 859 352 anemurio.
1177 284 1216 344 21

111 454 260 537 (tyrillor,
283 460 338 541 qui
361 461 452 544 justo
468 461 707 525 Commentario
731 462 836 525 locum
857 459 1079 531 illustrarunt;
1104 464 1220 519 neuter

112 570 222 623 tamen
245 563 290 626 ibi
316 565 406 643 vidit,
430 567 513 649 quod
536 569 604 649 jam
621 565 801 632 Cardinalis
829 567 900 649 (nisi
928 571 1042 628 natent
1066 561 1096 625 ei
1118 562 1213 642 oculi)

112 665 239 729 videtur
250 668 310 731 sibi
325 669 442 750 ridere,
459 671 616 734 illustrem
635 671 777 754 (seilicet)
798 670 886 733 hune
898 668 971 732 fidei
984 666 1165 744 articulum,
1176 664 1217 728 de

112 770 254 833 Primatu
282 774 370 835 Petri
395 775 572 858 temporali,
603 796 644 838 ne
674 796 730 857 per
753 780 964 836 transennam
989 768 1128 853 quidem.
1175 766 1216 830 Id

110 881 240 937 tantum
257 876 375 956 rident,
388 899 448 941 nee
463 887 617 960 praeterea
632 879 718 962 quid,
732 878 817 945 Quia
831 899 897 941 non
913 875 1020 953 semel,
1037 873 1094 937 sed
1108 872 1215 949 tertio,

112 978 289 1042 Dominum
309 989 452 1063 negarat,
473 1004 539 1045 non
555 984 663 1061 semel,
687 982 744 1046 sed
758 981 854 1046 tertio
869 982 1104 1062 interrogatum
1118 976 1215 1040 fuisse

111 1081 152 1144 de
175 1105 300 1148 amore:
335 1094 430 1168 atque
454 1086 500 1149 ita
519 1107 594 1150 curn
618 1087 822 1168 negationem
842 1084 960 1147 trinam
982 1082 1070 1146 trina
1091 1079 1215 1144 confes-

112 1187 202 1251 sione
229 1189 376 1269 delesset,
401 1191 610 1273 Apostolatus
634 1192 714 1269 loeo,
742 1212 805 1274 quo
830 1189 1001 1264 exciderat,
1027 1185 1216 1251 restitutum

109 1311 191 1354 ease.
237 1294 325 1356 Nam
341 1293 381 1356 de
402 1294 547 1357 Primatu
573 1294 668 1378 plane
688 1294 784 1357 silent
793 1320 803 1372 ;
827 1293 990 1357 Primatus
1014 1298 1085 1355 tum
1105 1288 1214 1353 Chris-

110 1394 209 1457 tianae
229 1395 313 1458 forte
328 1396 504 1479 disciplinae
526 1418 600 1480 pars
621 1396 736 1480 aliqua,
759 1397 872 1459 Ordirri
898 1397 946 1478 (ut
962 1394 1125 1477 eleganter
1147 1392 1216 1454 Rex

110 1496 280 1579 imprimis)
301 1504 333 1560 et·
349 1497 552 1571 citramarini&
568 1498 760 1562 Christianae
780 1498 854 1561 fidei
869 1519 941 1581 para
956 1496 1055 1560 nulla.
1104 1494 1217 1557 Oratim

109 1600 219 1678 etiam,
236 1610 268 1664 et
283 1601 466 1680 discrimini,
482 1603 661 1666 etiamnum
679 1602 710 1666 ei
728 1604 828 1666 laeua.
876 1601 941 1665 Sed
966 1600 1020 1663 ille
1036 1597 1125 1663 vobis
1150 1618 1216 1661 nou

110 1703 204 1766 satis:
236 1704 361 1786 quibus,
392 1704 480 1768 uliud
509 1705 648 1789 primum
677 1704 712 1767 in
736 1705 882 1768 Primatu
908 1701 1072 1786 quaeritur,
1100 1700 1216 1784 quibus

114 1806 274 1868 Primatus
293 1806 422 1868 Ordinir
435 1827 501 1869 non
517 1807 642 1889 placet5
664 1827 724 1870 nec
740 1807 835 1885 ullus,
853 1805 916 1869 nisi
931 1805 986 1888 qui
1001 1811 1101 1882 entra,
1121 1803 1216 1886 (addo

109 1908 219 1987 etiam,
235 1916 348 1972 contra
363 1912 500 1992 quoque)
518 1909 664 1972 ordinem
685 1910 737 1973 sit.

110 2017 229 2068 Affirmat
241 2019 302 2080 Rex,
320 2034 344 2083 p.
358 2023 396 2069 56.
431 2020 501 2069 Rom.
516 2020 664 2071 Pontificem
676 2036 729 2072 ease
741 2021 929 2071 Antichristum
971 2021 1009 2070 At
1020 2019 1135 2070 Christus
1145 2018 1216 2069 ίαν.

144 2101 213 2149 dixit
228 2100 260 2150 ad
272 2101 289 2150 J
291 2102 384 2161 udaeor,
401 2105 416 2128 ‘⁴
425 2101 479 2165 Ego
491 2103 549 2152 reni
566 2102 592 2150 iu
607 2103 711 2152 nomine
724 2103 807 2152 Patris
818 2103 876 2161 mei.
892 2107 919 2152 et
929 2117 981 2152 non
993 2101 1123 2165 recepistis
1134 2116 1182 2161 me,
1194 2102 1216 2150 si

144 2183 210 2233 alius
218 2185 316 2233 venerit
323 2185 351 2232 in
362 2185 464 2234 nomine
472 2200 517 2234 ruo
525 2184 599 2233 illurn
609 2184 760 2248 accipietia’'
787 2183 826 2233 lix
837 2200 887 2247 quo
898 2184 952 2233 loco
964 2183 1089 2246 colligunt
1098 2183 1122 2232 S.
1130 2182 1217 2233 Patres

144 2303 150 2315 .
164 2302 170 2315 .
182 2302 188 2314 .
199 2267 386 2316 antichristum
398 2268 570 2331 recipiendum
578 2282 630 2318 esre
639 2266 935 2326 aJudaeisurMessiam
951 2265 1012 2316 natis
1020 2271 1106 2315 autern
1117 2269 1216 2316 conant

145 2346 292 2396 Pontificem
310 2348 432 2397 aJudaeiu
449 2364 578 2412 nunquam
599 2348 715 2398 habiturn
732 2364 785 2397 eara
801 2362 847 2411 pro
863 2347 962 2397 Mesala
996 2344 1107 2396 Proinde
1119 2362 1151 2396 ex
1162 2361 1216 2396 een·

143 2430 224 2479 tentia
240 2429 336 2479 Christi
354 2431 544 2480 Antichristum
560 2445 612 2482 non
630 2430 805 2493 esea-[Ball.
825 2429 900 2495 Apol.
920 2445 966 2494 pro
984 2427 1068 2493 Resp]
1080 2432 1134 2495 p.6.
1148 2428 1214 2495 [Op.,

143 2516 204 2562 tom.
217 2513 261 2561 vii.
272 2513 318 2561 col.
331 2514 386 2563 708.
399 2511 441 2576 A.]

154 2594 186 2656 3.
209 2594 338 2677 Excipit
363 2596 470 2674 tertio,
497 2596 586 2658 Fidei
615 2594 760 2677 deserum
785 2615 853 2659 esse
882 2616 947 2658 non
978 2601 1094 2678 potest,
1120 2596 1215 2657 Com·
1231 2619 1280 2680 μ),
1293 2622 1365 2669 Anu-

109 2696 212 2761 mittit
228 2699 315 2763 enim
333 2699 368 2762 in
388 2700 495 2777 fidem,
513 2701 567 2783 qui
584 2701 787 2779 Pontificem,
811 2699 847 2763 in
866 2701 947 2778 1000,
968 2700 1106 2763 affirmat
1122 2699 1214 2762 Arcti·
1229 2684 1370 2799 {3¹:32⁰oest

110 2803 270 2864 christum.
325 2803 360 2865 Is
391 2812 498 2866 autem
530 2804 750 2868 Antichristus
780 2825 847 2868 esse
877 2825 943 2867 non
973 2811 1088 2886 potest.
1143 2803 1216 2866 Νοιι
1229 2787 1330 2878 redita]

110 2909 192 2969 enim
207 2930 226 2970 a
241 2908 360 2971 radan
372 2930 434 2990 pro
444 2910 565 2973 Mareia
578 2931 633 2972 ςιιο
649 2911 782 2972 dubitas.
818 2910 1015 2973 Habendum
1031 2917 1141 2973 autern
1156 2931 1214 2993 pro

111 3010 232 3074 Messia
257 3012 486 3074 Aritiedriatum
513 3011 682 3075 aJudaeis.
743 3014 787 3076 Et
811 3012 887 3076 huie
908 3012 965 3091 rei,
991 3020 1083 3076 notat
1106 3013 1215 3076 neseio

110 3113 246 3197 quidde
267 3115 426 3178 Patribus.
471 3118 499 3179 E
516 3117 632 3199 quibus
652 3122 821 3200 postquam
842 3117 1049 3200 conjectanea
1068 3117 1213 3200 quredam

110 3256 211 3304 parcere
228 3241 383 3291 dominicum
407 3258 525 3305 gregem
548 3245 569 3291 ni
592 3244 641 3292 suit
683 3245 742 3306 ταεὺ
763 3244 902 3298 διετταίσθη
921 3244 961 3294 καί
980 3243 1090 3305 γέρονεν,
1112 3245 1215 3308 (θκριίτῳ

107 3307 346 3365 ,αἰωοτίαἰαόίοἱοιιι
358 3323 449 3370 negare
462 3309 641 3369 pastorem.”-
683 3310 730 3370 γὰρ
757 3310 850 3369 δείματι
874 3310 1037 3370 καταληφθείς
1059 3310 1214 3361 οθεσπίσιος

111 3370 136 3419 S.
145 3373 212 3432 Aug.
230 3373 257 3419 in
278 3371 352 3421 rlvan.
369 3373 442 3421 Joan.
459 3373 539 3421 Trart.
552 3374 639 3421 cxxiii.
684 3375 773 3436 Hirpos
782 3373 903 3435 ἠρνήσατο
915 3375 965 3437 τρίς
977 3376 1020 3423 τόν
1032 3371 1127 3437 Κόριον)
1147 3382 1212 3436 θερα-

110 3442 171 3485 ιθαί.
184 3439 205 3484 5.
218 3436 273 3498 Op,
287 3442 346 3485 tom.
361 3438 397 3485 iii.
411 3438 455 3485 col.
468 3440 539 3487 2462.
553 3438 582 3487 B.
597 3437 639 3500 cs]
684 3437 750 3487 πεόει
766 3440 795 3486 τό
812 3436 935 3496 πεπονθός,
953 3439 992 3487 καί
1008 3439 1150 3486 ἂνταπαιτεῖ
1162 3458 1213 3488 ποι·

37 3497 43 3508 ”
143 3508 152 3531 ¹
173 3500 275 3564 [Χρῆναι
296 3502 344 3564 γὰρ
367 3501 440 3552 όντως
458 3503 518 3563 φημί
538 3504 576 3551 καί
596 3507 641 3560 τὴν
684 3505 756 3553 πίλοις
773 3505 819 3562 τὴν
834 3503 866 3553 είς
885 3503 965 3565 τρίτον
983 3503 1123 3563 όμολοηίαν,
1153 3504 1205 3552 ἂντί

111 3565 273 3629 κεκρυμμένην
284 3568 309 3614 όν
326 3567 419 3616 τούτοις
437 3570 581 3631 διερευνῆσαι
596 3565 640 3616 διοί-
685 3574 790 3627 σταθμον
801 3569 880 3630 ὥσπερ
892 3567 974 3628 ὶκείνιρ
990 3570 1063 3616 τοῦτο
1076 3570 1154 3623 τιθείς,
1174 3573 1213 3617 καὶ

110 3645 184 3679 νοιαν·
204 3633 248 3679 οὐκ
265 3631 320 3688 εἰκῆ
340 3630 476 3693 γεγράφθαι
498 3634 537 3682 καί
557 3636 640 3689 ταῦτα,
685 3633 880 3693 ἀντίρροποντοῒς
888 3630 1035 3692 πταίσμασιν
1045 3631 1160 3695 ἔξαρτόων
1168 3636 1213 3690 τὴν

110 3694 189 3743 &tiva
199 3694 226 3744 δέ
237 3715 261 3744 τι
276 3695 349 3744 πάλιν
360 3698 373 3744 δ
384 3698 466 3757 λόγος,
480 3698 518 3746 καί
530 3697 576 3745 τῶν
588 3717 640 3761 προ·
685 3698 859 3761 ἐπανόρθωσιν.
873 3734 878 3746 ,
891 3735 896 3745 .
912 3699 1011 3746 ,οὐκοῦν
1023 3696 1060 3745 διὰ
1070 3696 1114 3756 μὲν
1125 3700 1168 3755 τῆς
1180 3699 1211 3748 εἰς

110 3760 225 3819 κειμένοιν
236 3763 249 3808 ό
260 3763 314 3810 νοῦς
326 3760 378 3820 ἔχει
395 3780 418 3809 τι
432 3761 524 3811 πόντως
540 3762 569 3809 τδ
581 3764 640 3811 ἐνδυ·
684 3763 902 3824 τρίτονόμολογίατ
911 3765 954 3811 τοῦ
962 3759 1213 3825 μακαρίονΠέτρουτο

109 3828 210 3886 μυχῶν
222 3825 341 3887 ἧγᾶρούκ
349 3828 440 3888 ἐρεΐτις
448 3825 641 3887 εόλόγως,μόνον
685 3830 711 3876 ἐν
722 3832 813 3891 τριπλῷ
825 3828 928 3889 γεγονός
940 3826 972 3877 εἷς
985 3826 1118 3890 ἀπαίρνησιν
1129 3846 1212 3890 κατηρ-

111 3892 189 3954 {pangi
206 3888 251 3938 τόν
268 3891 370 3951 Σίμωνα,
395 3890 472 3939 καίτοι
493 3893 541 3939 τῶν
559 3893 640 3940 ἄλλων
684 3894 746 3953 γήθη
757 3891 927 3954 πλημμέλημα·
941 3891 1015 3941 διὰδὲ
1029 3895 1073 3942 τοῦ
1104 3891 1156 3941 drea
1168 3894 1213 3940 τόν

109 3954 272 4015 ταρεστοότων
287 3958 404 4014 μαθητῶν,
421 3954 458 4004 διὰ
468 3956 537 4004 ποίαν
548 3956 640 4015 αίτίαν,
684 3956 775 4020 Κόριον,
789 3957 866 4007 Βόσκε
883 3957 914 4006 τό
933 3957 1000 4019 ἀρνία
1014 3977 1067 4016 μου,
1114 3960 1212 4006 ανέωσις

111 4019 136 4066 τί
150 4020 170 4067 δ’
185 4020 215 4068 δν
231 4019 343 4075 βούλοιτο
360 4023 447 4078 δηλοῦν
464 4020 501 4079 τό,
519 4020 596 4069 Βόσκε
608 4022 639 4070 τὰ
683 4026 761 4086 ὥσπερ
778 4042 815 4073 τις
826 4026 870 4080 τῆς
889 4025 934 4080 ἤδη
949 4022 1056 4082 δοθείσης
1071 4022 1210 4080 ἀποοτολῆς·

110 4083 180 4146 ἀρνία
193 4103 246 4143 μου,
258 4086 299 4134 καί
311 4085 343 4132 τὸ
356 4082 451 4134 τούτοις
462 4085 562 4147 ἀδελφά.
596 4094 640 4134 ‘ia-
683 4090 747 4148 αὐτῷ
761 4086 871 4148 γενέσθαι
883 4089 978 4145 νοεῖται,
989 4085 1032 4135 τὸν
1041 4089 1131 4148 μεταξι)
1143 4086 1210 4136 λόον·

111 4149 157 4205 alr
167 4146 216 4207 οὖν,
228 4151 265 4197 ὅτι
276 4147 461 4210 κεχειροτόνητο
472 4149 516 4209 μὲν
526 4153 571 4207 ἤδη
582 4150 640 4212 πρός
683 4171 715 4201 σα
729 4155 777 4200 τοδν
787 4150 944 4208 πταισμάτων
956 4153 1097 4212 ὀνειδισμὸν,
1115 4154 1153 4201 καί
1165 4153 1213 4212 τὴν

110 4214 157 4271 τὴν
171 4213 236 4262 θείαν
254 4213 393 4271 ιἰποστολὴν
408 4216 465 4273 όμοῦ
484 4217 535 4262 τοῖς
552 4214 640 4278 ἕτιίροις
682 4218 710 4265 ἐκ
718 4219 762 4273 τῆς
773 4215 915 4277 ἀνθρωπίνης
926 4215 1047 4265 ἀσθενείας
1053 4216 1212 4279 μικροψυχίαν

110 4281 227 4336 μαθηταῖς
238 4279 251 4326 ό
265 4277 389 4327 θεσπέσιος
401 4282 497 4341 Πέτρος·
509 4281 580 4329 αὐτδς
591 4281 638 4343 γὰρ
681 4281 921 4342 ε’ξαφανίζουσα.-ὃ.
929 4282 1005 4343 cyril.
1017 4281 1088 4329 Alex.
1100 4283 1126 4329 iu
1138 4281 1210 4329 Joan.

110 4342 197 4392 αὐτοὺς
207 4344 221 4391 θ
236 4341 319 4405 Κόριος
331 4343 395 4402 ἡμῶν
406 4344 497 4403 Ἰησοῦς
511 4345 524 4393 ὁ
535 4346 639 4408 Χριστὸς
681 4361 734 4408 cap.
743 4349 781 4393 21.
791 4346 932 4395 Commeat.
942 4346 1036 4395 linxit.
1045 4347 1100 4405 Op,
1109 4350 1168 4393 tom.
1178 4346 1210 4394 iv.

109 4406 261 4458 ἀποστόλους
278 4408 385 4461 ὠνόμασε
408 4408 471 4458 κατὰ
488 4416 517 4458 τὸ
533 4428 636 4470 ’γεγραμ-
680 4424 721 4474 pp.
736 4414 806 4459 1118.
819 4410 846 4465 ll,
865 4413 934 4457 1119.
948 4410 978 4457 A.
992 4410 1020 4469 B,
1034 4412 1104 4457 1120.
1118 4409 1212 4472 A.B.]‘,

109 4469 191 4531 μόνον·
208 4473 288 4532 ἐπειδὴ
307 4471 333 4521 δὲ
350 4475 482 4536 πραχθῆναι
498 4475 636 4534 συμβέβηκε
714 4480 720 4504 r
739 4476 825 4535 [l'rari'.
835 4474 940 4537 Meuia]
955 4490 977 4538 p.
989 4477 1027 4524 50.
1039 4473 1210 4537 [l'iderupra‚

109 4536 142 4586 τὰ
156 4539 200 4597 τῆς
213 4537 330 4587 Ἰουδαίων
343 4540 480 4597 ἐπιβουλῆς,
498 4538 537 4588 καί
554 4559 577 4588 τι
595 4560 635 4599 με·
681 4554 704 4603 p.
715 4544 752 4591 17.
767 4550 817 4589 nat.
830 4537 863 4603 '‘.]
