2910 4926
260 290 326 353 470
571 302 614 349 io
637 301 829 350 craumers
849 299 1048 350 emmaum

95 485 182 552 [Μ]
304 458 403 520 Ferre
416 478 479 520 ooo
493 455 612 539 confert
628 458 727 520 locum
741 459 832 534 tuoe,
847 477 917 521 com
928 458 950 519 J
951 479 1023 521 oau.
1039 478 1091 520 xx.
1115 456 1180 520 Hie
1194 457 1363 522 cardinali

261 582 387 644 appono
401 560 508 625 verba.
536 560 653 624 Lector
662 555 782 644 judica.
809 560 880 623 Tibi
895 560 1023 644 (iuquit)
1041 559 1130 624 dabo.
1163 559 1205 623 Io
1211 559 1364 642 satanan

257 665 423 746 pollicetar
450 665 569 728 scilicet
594 683 627 727 ce
650 664 797 726 dotorum
821 665 934 742 clover,
960 684 1022 726 ooo
1050 665 1108 727 tec
1138 665 1204 727 loco
1228 664 1362 748 [ΜΘ.

264 769 443 841 Qooeromuc
453 769 560 850 ipitar,
575 767 629 830 obi
641 769 741 831 claves
756 768 842 850 meas
855 768 976 831 dederit
991 769 1026 830 io
1034 769 1192 849 prasenti.
1239 769 1286 832 Et
1300 789 1363 832 oon

262 873 398 936 occurrit
412 873 494 935 otios
512 873 606 950 lectra
621 873 683 934 aiei
699 873 737 950 is,
754 873 806 954 qui
829 873 863 935 in
877 873 1008 949 Joonnc,
1024 871 1188 953 ‘Accipite
1204 872 1363 953 Spiritum

262 976 421 1039 Sanctum.
452 976 588 1048 motam
597 976 790 1053 remiseritis,
803 975 867 1061 tre!
893 975 1364 1058 CleocsipiturRepoicoelonoo

260 1086 332 1142 eant
348 1086 491 1161 potestas
513 1079 691 1144 rcrac‘ttcodi
714 1085 744 1141 ct
766 1080 922 1143 retinendi
940 1086 1085 1162 peccata,
1113 1081 1207 1162 idque
1233 1080 1312 1164 [leg.
1328 1081 1365 1143 id

260 1181 358 1266 qood]
372 1184 466 1245 ettam
477 1185 582 1246 eetoc
593 1183 828 1264 locoprobetar.
853 1183 1005 1247 Protinus
1015 1185 1095 1247 enim
1106 1184 1197 1247 addit
1206 1185 1362 1260 Christus,

260 1287 459 1369 proderetque
469 1287 598 1350 solveris
611 1286 686 1370 [leg.
698 1287 857 1370 ltpoocrie]
871 1293 1101 1368 superterram,
1112 1293 1180 1371 tra?
1195 1288 1274 1351 Non
1285 1308 1364 1370 ergo

259 1391 378 1453 citatur
392 1389 532 1471 fnestra.
577 1389 623 1453 At
639 1389 712 1453 Feri
727 1390 912 1454 testimonio
927 1390 1107 1455 Cardinalis
1128 1412 1190 1454 oon
1211 1397 1363 1454 movetur.

259 1495 330 1558 Nee
345 1495 427 1556 tanti
441 1500 499 1557 est.
544 1493 598 1557 Ne
613 1491 666 1571 sit,
681 1499 716 1556 at
730 1502 778 1557 est
794 1493 1002 1571 Catholieus3
1025 1501 1058 1557 et
1079 1494 1171 1557 illum
1186 1500 1225 1557 ut
1241 1493 1364 1558 Catho-

258 1596 357 1660 licum
372 1602 483 1661 tuetur
497 1595 632 1660 Medina
640 1608 665 1674 1¹,
680 1604 718 1660 ut
736 1596 834 1680 (quod
848 1597 1002 1660 mendacii
1017 1603 1113 1680 caput
1128 1596 1187 1679 est)
1206 1597 1366 1660 Catholici

260 1720 365 1790 omnes
377 1721 444 1763 nou
458 1698 492 1762 id
506 1697 583 1762 inde
598 1699 757 1782 collipaot.
776 1726 779 1733 ·

294 1833 414 1885 Halensis
425 1871 432 1884 .
444 1873 449 1885 .
463 1838 570 1885 .coatra
581 1833 652 1895 dicit,
665 1833 753 1884 claves
764 1832 835 1884 datas
848 1833 923 1883 fuisse
937 1833 1003 1897 (soli)
1016 1832 1097 1884 Petro.
1107 1832 1181 1884 Mart.
1193 1832 1366 1897 xvi-[Bell.

326 1916 401 1980 Apol.
413 1932 459 1981 pro
471 1915 556 1981 Resp]
568 1932 591 1980 p.
601 1918 656 1968 194.
667 1915 732 1982 [Op.,
743 1921 805 1967 tom.
814 1916 857 1965 vii.
870 1916 916 1966 col.
927 1917 983 1966 813.
995 1914 1034 1980 0.]

97 2014 184 2093 [Alex.
199 2013 250 2066 Ba
306 2009 396 2073 Dicit
420 2029 496 2073 vero
520 2009 682 2085 Halensis,
708 2008 758 2073 bis
781 2007 869 2086 dicit,
885 2012 1023 2091 utroque
1046 2008 1116 2071 loeo
1137 2006 1247 2084 citato,
1270 2006 1367 2070 dotas

94 2078 194 2145 ¹⁰⁰³¹⁸’]
256 2111 360 2194 foisse
380 2115 477 2175 Petro
492 2114 616 2176 clover:
640 2113 715 2175 aliis
735 2112 898 2192 Apostolis
913 2111 1059 2174 similiter
1085 2109 1176 2172 dotas
1195 2109 1291 2172 Joan.
1307 2130 1365 2173 cca.

262 2215 443 2279 Arriam.
456 2219 534 2298 §12
561 2216 686 2279 Iterum
701 2216 810 2278 Gletes
816 2212 921 2296 foisse
932 2214 1025 2277 dotas
1035 2213 1090 2292 iot,
1100 2212 1183 2275 ‘etti
1194 2212 1287 2291 dabo,
1301 2214 1365 2298 qe)

260 2320 346 2383 Aliis
358 2317 462 2400 sitisse
477 2302 570 2381 dotas
584 2320 688 2398 etiam,
704 2320 796 2401 idque
811 2338 953 2399 cepreeec
968 2317 1022 2396 tot,
1038 2317 1192 2398 ‘Accipite
1207 2317 1366 2397 Spiritum

261 2422 432 2499 Sanctum,'
443 2423 536 2485 Jooa.
546 2422 615 2486 oc?
636 2423 688 2487 De
696 2423 852 2503 promisco
863 2419 945 2485 forte
957 2420 1050 2484 aliter
1061 2419 1170 2496 sensit,
1180 2440 1279 2502 quam
1293 2418 1364 2497 alii3

260 2525 317 2588 sed
345 2526 453 2587 Clooee
482 2533 592 2588 tamen
621 2525 721 2588 sensit
750 2524 879 2588 easdem
904 2522 1074 2607 utrobique
1098 2523 1197 2586 datas.
1243 2523 1364 2605 Neque

260 2648 335 2690 vero
351 2629 445 2691 Petro
460 2628 520 2709 ipsi
537 2629 713 2711 (uteunque
724 2628 845 2709 Claves)
863 2628 1082 2691 beatitudinem
1097 2634 1206 2689 tamen
1221 2625 1364 2688 OEooium

260 2730 367 2791 dotem
375 2734 393 2807 2,
406 2731 592 2814 priusquam
605 2751 678 2793 eum
690 2732 819 2813 reliquie
829 2729 985 2814 Spiritum
998 2732 1153 2793 Sanctum
1165 2728 1342 2811 accepisset
1353 2754 1363 2806 3

262 2833 335 2897 Quo
362 2853 437 2895 sane
467 2854 534 2896 non
563 2842 702 2916 accepto,
738 2835 809 2916 (nee
835 2833 1006 2897 obstabant
1036 2834 1205 2916 quicquam
1233 2832 1359 2912 Claves)

260 2942 377 3017 negato
393 2943 443 2999 ter
459 2936 610 3015 Domino,
627 2937 765 3020 turpiter
780 2937 959 3021 impegisse.

138 3047 197 3109 34]
293 3053 318 3103 S.
330 3053 438 3103 'Phornas
450 3091 456 3104 .
469 3091 475 3104 .
489 3090 495 3104 .
506 3054 570 3104 dicit
580 3054 667 3105 datam
683 3070 736 3106 esse
747 3041 831 3120 primo
848 3056 895 3105 soli
911 3055 985 3105 Petro
1001 3056 1151 3118 potestatem
1168 3052 1267 3116 ligandi
1279 3058 1306 3103 ct
1317 3053 1363 3104 sol-

325 3136 408 3198 vendi,
419 3135 510 3186 deinde
530 3136 615 3187 datam
632 3152 684 3187 esse
703 3138 767 3199 aliis,
787 3142 816 3187 ut
830 3137 1002 3187 ostenderetur
1016 3136 1048 3187 ab
1060 3136 1104 3186 illo
1115 3141 1236 3198 tauquam
1251 3151 1268 3185 a
1279 3137 1362 3200 eapite

325 3215 473 3268 descendere
493 3218 582 3268 debere
599 3223 749 3282 potestatem
767 3219 795 3268 iu
814 3218 995 3281 alios—[Beli.
1013 3218 1088 3282 Apol.
1105 3232 1151 3281 pro
1162 3216 1247 3281 Resp]
1268 3233 1295 3281 p.
1307 3221 1361 3268 195.

328 3298 397 3362 [Op.,
409 3304 470 3349 tona
482 3300 525 3349 vii.
536 3300 581 3349 col.
594 3302 649 3350 813.
662 3300 708 3363 Ι).]

97 3386 136 3449 [s.
157 3387 250 3462 '‘rhom.
306 3382 426 3446 Nullus
449 3391 556 3446 autem
580 3381 619 3446 de
635 3383 759 3446 Thema
779 3384 894 3446 citatos
910 3405 930 3445 o
945 3384 1038 3465 Repe,
1054 3389 1182 3445 tantum
1198 3381 1361 3445 iudicatus

95 3451 201 3516 Aqua]
263 3491 311 3548 est
337 3488 430 3563 locres,
453 3508 517 3569 quo
540 3485 573 3548 id
598 3486 714 3568 agitur.
762 3486 813 3549 Ibi
835 3507 910 3549 vero
931 3486 997 3565 ille,
1021 3506 1089 3549 non
1111 3486 1147 3548 in
1169 3494 1362 3569 argumento

293 3613 304 3643 Ρ
331 3604 403 3653 Joau.
416 3605 473 3654 Feri
494 3604 630 3653 Commin
646 3605 719 3653 Matt.
732 3619 785 3669 cap.
829 3607 850 3653 1.
864 3604 954 3654 Venet.
964 3605 1048 3669 1575]

259 3669 311 3717 xvi.
334 3670 366 3717 ib.
379 3669 415 3717 iii.
428 3669 469 3718 fol.
481 3669 520 3719 at.
530 3669 553 3717 b.
567 3668 647 3731 bugd.
660 3670 745 3733 1609]
861 3679 870 3700 ¹
887 3670 913 3734 [“
924 3670 1076 3733 Respondeo,
1086 3668 1153 3732 quod
1164 3669 1246 3718 claves
1258 3670 1361 3719 fuerunt

292 3741 303 3772 t
322 3733 363 3795 [F.
376 3733 485 3783 Michael
503 3732 614 3790 Medius,
626 3735 733 3796 Apolog.
744 3732 786 3783 Jo
829 3733 896 3783 datae
914 3735 959 3791 ibi,
981 3734 1057 3783 ‘Tibi
1075 3735 1156 3798 dabo}
1175 3735 1219 3783 &a
1232 3768 1238 3781 .
1252 3771 1259 3782 .
1273 3770 1280 3782 .
1292 3734 1360 3783 Aliis

259 3799 333 3846 anuis
345 3798 410 3854 Feri,
428 3798 455 3846 in
466 3797 573 3847 dedicet.
588 3799 693 3862 praefixa
711 3801 744 3863 (p.
753 3802 785 3861 5.)
829 3798 931 3848 fuerunt
947 3799 1014 3849 datae
1031 3814 1145 3863 expresse
1163 3799 1208 3855 ibi,
1227 3800 1361 3863 ‘Accipite

260 3861 376 3922 Moguut.
389 3863 474 3926 1582]
830 3862 1258 3927 SanetumSpiritum,'&e”—Ibid.
1267 3864 1314 3912 eol.
1325 3862 1359 3928 4.]

293 3926 344 3990 ¹[“
353 3926 539 3988 Consequenter
552 3929 681 3989 quaeritur,
693 3927 786 3977 Utrum
862 3928 1060 3992 ‘[“Postquam
1079 3928 1210 3991 Apostolis
1229 3927 1305 3977 data
1338 3929 1360 3977 it

258 3990 325 4040 datae
336 3990 430 4039 suerint
442 3991 645 4055 elsvcstempore
657 3993 720 4054 legis
732 4008 786 4054 gra·
828 3993 953 4054 gratiead
964 3993 1047 4055 robur,
1058 3993 1178 4042 tuncfuit
1189 3993 1226 4041 eie
1233 3991 1295 4042 dara
1323 4008 1360 4042 asc

258 4056 311 4104 tiae.
344 4055 378 4103 Et
390 4056 472 4118 primo
488 4056 617 4118 quaeritur,
632 4063 692 4105 tune
704 4058 726 4105 si
737 4058 786 4106 sue
829 4056 968 4117 beatitudo,
988 4073 1038 4120 qua
1060 4057 1195 4108 utebantur
1216 4057 1287 4107 clarc
1304 4059 1360 4108 siue

258 4125 318 4169 runt
339 4118 413 4178 datae,
431 4121 538 4169 secundo
556 4121 607 4169 ubi.
649 4121 722 4171 Circa
737 4122 786 4185 pri·
828 4136 911 4170 errore
918 4139 925 4182 ;
942 4124 1001 4185 quia
1018 4128 1078 4171 tune
1094 4123 1131 4170 eis
1148 4123 1233 4184 gretia
1250 4122 1360 4172 dabatur

257 4199 328 4233 mum
347 4185 440 4233 dicitur
455 4186 628 4244 communiter,
640 4185 707 4247 qaod
719 4186 785 4235 datm
828 4185 861 4234 ad
883 4186 1074 4236 diseeruendom
1097 4188 1164 4235 inter
1184 4192 1317 4249 peecatum
1334 4192 1361 4236 et

257 4248 445 4306 fueruntPetrm
455 4255 480 4298 et
489 4249 722 4299 boevideturMett
733 4251 783 4298 xvi.
828 4256 966 4312 peceatum.
979 4289 984 4301 .
997 4289 1003 4300 .
1015 4288 1021 4300 .
1036 4251 1068 4300 Et
1079 4250 1278 4312 intelligendum
1290 4252 1358 4314 quod

256 4313 327 4363 'tibi
337 4314 401 4363 dsbo
410 4314 490 4363 eleves
497 4314 784 4375 reguieoelorum.'1tem
828 4317 903 4365 multi
916 4316 1009 4365 habent
1025 4317 1129 4374 elavem,
1141 4317 1185 4378 qui
1198 4330 1249 4365 nou
1264 4315 1360 4367 babent

255 4379 783 4441 aliisApostolissimiliter.”-Aiex.Aleus
827 4379 1011 4431 beatitudiuem
1038 4381 1245 4432 clavis'’-rilex.
1270 4382 1357 4432 Alana

256 4442 352 4491 Summ.
378 4442 463 4492 Theoi.
488 4444 541 4493 Par.
566 4445 597 4492 iv.
627 4444 718 4501 Quaeret
740 4460 782 4492 xx.
827 4445 904 4509 ibid.]

255 4508 311 4556 Art.
324 4507 371 4556 111.
391 4512 403 4567 t
416 4511 437 4556 1.
457 4509 511 4571 Op„
522 4512 581 4558 tom.
591 4509 623 4557 ir.
637 4524 660 4572 p.
670 4512 723 4559 tto.
737 4509 782 4558 cot.
