2910 4926
458 265 640 315 seomouu
662 260 845 316 naseousm.
1158 256 1201 319 97

99 388 249 508 carpere:
273 445 409 507 quorum
431 424 577 508 utrisque
599 431 713 508 parent
737 426 852 508 Reges,
873 424 940 507 (ubi
961 425 1009 489 ita
1029 446 1082 490 res
1104 426 1197 507 feret)

99 549 160 593 nec
180 529 339 612 tantisper
357 534 468 592 tamen
489 527 566 592 dum
588 535 713 610 parent,
743 528 909 611 inferiores
934 529 1076 594 habendi
1102 538 1199 596 sunt:

98 632 212 696 Nihilo
233 653 310 696 vero
333 631 446 716 magis,
468 631 669 696 Christianus
693 633 762 696 Rex
787 633 883 712 ullus,
910 633 1066 697 Pontifice
1092 634 1155 716 (vel
1172 634 1200 697 si

99 736 217 799 Pastor
231 736 324 817 esset)
355 742 438 799 esset
459 733 611 816 iqferior5
635 756 729 818 quam
754 737 859 820 Reges
874 736 950 800 olim
972 736 1110 814 Israelis,
1134 736 1199 819 qui,

97 838 160 901 etsi
179 858 268 902 sacra
294 838 403 902 omnia
423 838 625 923 perciperent
645 861 665 901 a
692 839 864 903 Sacerdote
883 860 1018 917 summo,
1042 847 1134 903 erant
1160 861 1199 904 ex

98 961 138 1005 eo
151 947 261 1005 tamen
278 941 450 1005 Sacerdote
465 940 566 1004 nihilo
581 939 756 1022 iqferr'ores

142 1044 317 1121 Postremo,
336 1045 444 1127 (supra
457 1044 580 1125 monui)
599 1044 728 1128 Reges
720 1044 779 1127 rpsi
800 1051 878 1126 past
878 1066 947 1108 ores
971 1051 1106 1124 suntet
1074 1066 1198 1110 error·
1211 1060 1302 1126 [Reges

95 1144 188 1228 μένει
213 1145 336 1224 mark,
361 1146 446 1231 apud
472 1147 595 1224 Gentes,
622 1148 757 1227 Jadoeos,
782 1147 986 1211 Christianos.
1033 1148 1151 1228 Quare,
1172 1125 1337 1255 siggffist
1422 1206 1425 1210 ,

91 1256 277 1331 pascuntur,
288 1249 385 1313 etiam
394 1255 540 1331 pascant.
587 1250 691 1327 Certe,
709 1250 848 1332 Gregem
863 1250 1002 1314 Pastoris
1017 1252 1114 1315 vestri
1128 1254 1199 1317 Fur

96 1354 194 1416 intret
208 1358 238 1416 et
253 1358 366 1416 mactet
374 1351 392 1430 ¹,
413 1353 520 1435 [zupus
534 1354 648 1431 veniat,
664 1358 695 1416 et
710 1353 894 1435 disparantm
897 1402 904 1430 ,
920 1375 980 1417 nec
1003 1375 1072 1417 oves
1090 1355 1197 1434 modo,

96 1455 154 1520 sed
168 1457 333 1518 Pastorem
347 1455 472 1539 ipsum:
503 1455 642 1537 (Gotthi,
664 1455 726 1518 nisi
750 1455 961 1531 Justinianus,
981 1456 1196 1541 Langobardi,

96 1558 158 1622 nisi
173 1558 330 1640 Carolus)
349 1558 411 1621 nisi
426 1559 576 1621 Pastores
596 1558 661 1636 isti,
677 1565 807 1623 strenue
830 1580 863 1622 sc
880 1567 1088 1643 opponerent.
1133 1561 1197 1624 Vel

29 1652 37 1667 ⁰
100 1661 248 1745 sicergo,
264 1662 299 1725 in
316 1661 493 1745 aequilibrio
508 1661 601 1725 nobis
618 1683 678 1740 res,
694 1670 731 1725 ut
747 1683 845 1744 pares
860 1663 974 1727 saltem
990 1663 1065 1727 sint.
1111 1666 1196 1729 Pon-

96 1765 198 1829 tifices
213 1766 298 1829 enim
314 1765 533 1849 ipsissima,
548 1765 604 1829 ubi
617 1767 721 1830 Cesar
736 1787 773 1830 ac
784 1767 884 1849 Reqes
895 1769 1065 1831 Pastores:
1089 1776 1196 1852 atque,

96 1888 135 1933 ea
150 1875 249 1952 parte,
266 1890 327 1932 non
340 1873 445 1950 potest
464 1889 497 1932 se
515 1889 576 1931 non
597 1866 776 1949 inferiorem
798 1870 863 1931 illis
875 1870 1024 1951 judicare
1047 1871 1196 1935 Pontifex

98 1971 152 2054 qui
170 1972 312 2054 pladiani
325 1977 501 2053 portantns
525 1970 587 2034 nisi
607 1971 690 2035 forte
708 1992 778 2034 ones
792 1972 927 2035 Pastore
946 1971 1110 2054 inferiores
1132 1993 1197 2037 esse

96 2076 365 2156 neyareaolaertt.

142 2177 225 2241 Utar
239 2198 313 2241 vero
327 2178 479 2260 superior,
496 2179 575 2256 Rex,
592 2201 633 2241 an
644 2177 806 2258 Pontifex,
822 2200 876 2261 qur
867 2179 1002 2243 funem
1016 2179 1104 2243 hunc
1119 2178 1196 2243 velit
1208 2192 1273 2258 [Rex
1285 2194 1347 2245 Pon-

96 2279 223 2358 ducere,
238 2279 341 2344 discat
356 2301 374 2344 e
390 2281 485 2344 sacris
500 2281 610 2359 literis,
627 2282 726 2346 ubi
703 2304 748 2347 src
763 2282 913 2346 Pontifex
930 2283 1051 2365 Regem
1067 2282 1193 2346 affatur.
1207 2258 1338 2390 gffiior]

96 2382 217 2446 Praesto
245 2403 313 2445 sam
340 2383 488 2447 Domine.
533 2384 627 2448 Absit
650 2386 708 2448 troc
731 2407 750 2447 a
774 2406 831 2465 me,
862 2392 896 2449 nt
922 2387 1095 2468 mspicetar
1125 2386 1195 2449 Rea

96 2485 246 2548 αᾰιιενιιιι
279 2507 405 2549 servum
434 2509 527 2550 suum
559 2508 624 2550 rem
658 2489 842 2570 hujusmodi.
898 2489 971 2552 Non
1000 2489 1081 2552 enim
1103 2489 1195 2552 seivit

96 2608 204 2653 servus
226 2596 302 2653 tuus
321 2590 484 2671 quicquam
505 2611 599 2672 saper
613 2592 670 2655 toa
691 2593 839 2674 narona.
885 2593 938 2657 Ne
953 2612 1028 2656 vero
1046 2599 1195 2656 causetur

96 2691 176 2775 quis,
194 2691 235 2756 ab
249 2692 479 2757 Achimelecho
499 2693 586 2758 dicta
606 2694 686 2773 haec,
703 2716 818 2778 parum
833 2695 965 2759 cordato
979 2694 1145 2773 Pontifioc,
1160 2701 1194 2760 et
1260 2695 1304 2760 76

96 2793 138 2858 ad
151 2794 280 2858 Saulem
288 2796 493 2879 Tyrannum:
511 2797 620 2860 audiat
635 2798 762 2861 eosdem
777 2798 932 2861 terminos
947 2798 1101 2863 aDavide
1114 2798 1194 2882 ipsc,

96 2897 263 2962 Zadokum
278 2898 479 2977 Pontificem,
490 2907 523 2963 ct
538 2899 673 2964 Nathan
689 2900 895 2985 Prophetam,
910 2901 957 2964 ita
971 2901 1194 2984 compellante,

99 3001 210 3078 Tollite
223 3001 377 3065 aabncnm
392 3022 498 3066 servos
509 3003 642 3067 Domini
653 3005 779 3067 vestris.
814 3005 910 3068 Certe
921 3004 1019 3083 enim,
1035 3004 1195 3089 siRegem

95 3104 262 3167 Dominam
276 3104 425 3168 Pontifex
446 3107 594 3190 appellet,
611 3129 644 3171 se
665 3127 807 3171 ιειυιιιιιι
831 3107 857 3171 si
876 3109 945 3172 Rex
966 3107 1033 3192 ipse
1056 3131 1089 3174 se
1111 3110 1194 3172 Pon·

96 3205 190 3289 tiliois
213 3208 399 3271 Dominam:
426 3230 488 3273 non
502 3215 607 3291 potest
628 3231 662 3273 se
685 3208 835 3291 Pontifex
855 3231 917 3274 non
938 3209 1116 3292 iqferforem
1141 3212 1187 3274 aa

87 3310 246 3391 judicare,
271 3332 358 3393 quern
377 3312 544 3375 Dominam
570 3315 719 3395 aqnoscit,
741 3314 804 3375 nisi
817 3311 906 3394 sorte
927 3334 1048 3376 sennam
1062 3314 1195 3377 Domino

94 3411 275 3494 inferiorari
300 3435 365 3477 esse
388 3417 555 3498 repararit.
602 3416 713 3480 Discat
735 3416 787 3479 vel
808 3414 849 3480 ab
864 3417 1019 3500 Apostolo
1033 3416 1112 3500 ipso,
1129 3417 1194 3500 qui,

95 3538 191 3600 quem
215 3519 360 3581 honorem
386 3519 483 3581 tribui
504 3519 584 3601 Repi
603 3519 682 3597 vult,
706 3520 775 3583 vult
798 3525 946 3602 tanquam
970 3518 1162 3607 ὑπερέχοντι
1170 3530 1193 3599 q,

95 3619 247 3704 adeoque,
259 3622 348 3704 quasi
362 3621 462 3705 ipsius
474 3624 688 3704 praecellentia
700 3623 840 3688 nomine.
864 3623 976 3688 Discat
991 3644 1009 3688 e
1025 3623 1192 3689 Patribus=

95 3745 114 3788 a
128 3725 336 3803 'Pertrrllianq
355 3725 507 3789 Caesarem
527 3746 547 3787 a
563 3727 630 3790 Deo
647 3728 795 3808 primam,
808 3734 884 3810 post
898 3729 999 3792 Deam
1016 3729 1193 3808 secundam,

94 3828 158 3889 salo
168 3828 235 3891 Deo
250 3829 423 3892 minorem&
448 3829 526 3893 Non
538 3850 614 3911 ergo
626 3830 807 3914 Zephyrino
819 3831 917 3895 etiam
928 3832 1020 3915 Papa
1035 3833 1193 3896 minorem.

95 3929 147 3993 Ab
164 3929 294 4014 Optato,
311 3931 413 4012 Super
427 3932 649 4013 Irnperatorern
670 3953 731 3995 non
746 3954 821 4011 asse,
843 3936 906 3997 nisa
898 3935 1020 4032 Deam
1042 3956 1096 4017 qur
1088 3933 1195 4016 serit

127 4070 138 4103 ¹
169 4071 242 4124 Hom.
255 4073 324 4124 llil.
332 4073 383 4138 85]
696 4076 753 4140 ¹[“
760 4075 873 4127 Colimus
891 4093 950 4141 ergo
971 4082 997 4128 et
1012 4078 1193 4143 Imperatorem

126 4134 132 4167 ¹
164 4137 271 4188 toanx
284 4138 335 4204 lu]
663 4141 699 4190 sic
700 4141 1039 4204 ,quomodoetnobislioet
1053 4143 1140 4206 etipsl
1153 4158 1194 4194 ex-

126 4201 233 4252 ·Joan
244 4138 335 4252 alh]
663 4179 742 4269 pedit,
755 4211 784 4255 ut
803 4206 933 4257 hominem
948 4207 1030 4258 aDeo
1047 4207 1192 4269 secundum,

127 4266 242 4317 ¹.Rom
255 4267 339 4318 rilint
664 4275 690 4320 et
711 4270 832 4335 quioquid
855 4276 894 4322 est
914 4287 929 4322 a
948 4272 1001 4322 Deo
1024 4276 1192 4330 consecutum,

126 4331 248 4383 “Istrn
271 4334 302 4383 al.
316 4336 328 4382 1
397 4333 538 4398 .]xxii.12,
549 4338 586 4388 15.
664 4340 690 4385 et
717 4336 769 4386 solo
797 4337 850 4387 Deo
871 4338 995 4387 minorem
1005 4336 1130 4400 ’'-l'ort.]
1159 4310 1193 4388 sd

126 4396 257 4524 :ffi’lth
271 4398 370 4528 ΒῙι33Ἰί.
364 4402 419 4449 ,32
665 4399 735 4464 Scap.
748 4400 811 4466 [cap.
822 4402 846 4451 ii.
861 4402 916 4466 Op,
927 4418 952 4466 p.
964 4406 1002 4451 69.
1014 4401 1052 4465 C]

215 4476 229 4512 e
260 4463 279 4511 1i

138 4558 307 4594 incasura.—
280 4561 378 4596 -Μ
911 4565 935 4612 ss
