2910 4926
380 336 384 343 ,
449 282 632 332 naumann
654 284 836 335 nnsronsro.
1131 277 1195 337 455

91 437 185 500 ritae.
229 437 351 500 Audite
366 458 442 520 ergo
457 438 553 516 huno,
569 440 699 504 Stellam
722 440 805 504 hano
821 441 984 505 Ιιιιιιιιαιιι.
1032 444 1195 507 ‘Serenia-

92 539 164 600 simi
185 540 299 622 Reges,
316 542 487 625 scripturas
507 564 600 626 parce
623 544 791 626 attingite;
816 545 945 609 aliunde
968 566 1051 624 vero,
1068 567 1134 609 non
1155 568 1194 610 ex

90 641 163 719 illis,
180 642 329 706 credendi
351 665 498 708 normam
511 645 621 728 petite.
668 646 758 710 Fidei
773 655 885 712 vestrae
900 648 1112 711 fundamenta
1129 649 1192 712 col-

90 745 191 808 locate
206 768 299 828 snper
310 746 445 810 aliorum
459 748 590 812 incertis
600 749 790 829 rumoribus,
800 771 868 813 non
883 773 977 835 super
991 760 1079 814 certa
1088 761 1193 815 vestra

90 847 233 911 scientia.
280 850 367 913 Nam
383 850 422 914 de
437 851 516 914 Fide
530 859 635 915 vestra
655 852 735 916 certi
750 874 807 916 cur
821 854 913 917 sitis?
938 854 1017 918 Fide
1033 854 1110 917 salvi
1125 875 1191 917 uon

90 950 199 1013 eritis’
244 952 322 1015 Post
336 952 404 1016 haec
417 955 495 1037 jam,
512 955 710 1018 Monitorem
724 955 812 1018 huno
826 955 862 1019 in
876 957 979 1040 pretio
994 956 1119 1034 habete,
1136 957 1191 1040 qui

88 1052 178 1116 vobis
189 1053 251 1118 ista
265 1055 377 1119 suadet
391 1064 459 1120 tam
474 1057 619 1121 salubria.

122 1203 152 1252 Iu
171 1209 284 1256 extrema
300 1222 345 1257 sua
361 1207 538 1258 adhortatione
556 1246 561 1257 .
579 1246 584 1257 .
602 1246 607 1257 .
626 1210 683 1258 Rex
702 1209 764 1258 satis
782 1209 968 1272 apertardooat,
985 1225 1190 1275 unumquemque

152 1287 242 1336 debore
253 1304 305 1338 esse
314 1289 446 1352 judicem·
439 1304 467 1339 ιιι
482 1291 556 1340 rebus
567 1289 626 1339 fidoi
628 1305 742 1353 ,suoque
755 1290 854 1354 judicio
865 1291 958 1354 potius,
969 1306 1046 1353 quam
1062 1291 1189 1352 motata,

152 1370 193 1419 vel
204 1370 375 1420 (iouoiliorum
385 1375 430 1420 ant
440 1373 534 1421 summi
543 1371 675 1421 Pontificio
683 1373 847 1436 acquiescere.
850 1372 957 1436 -.[Boll
965 1373 1040 1435 ApoL
1049 1387 1095 1436 pro
1104 1373 1189 1438 Resp]

152 1453 244 1514 p..]86
256 1452 325 1516 [Op.,
336 1457 396 1501 torn
409 1453 453 1502 rii.
465 1453 511 1502 ool.
524 1455 579 1503 809
591 1453 634 1516 A.]

131 1559 219 1621 Nam
240 1559 317 1641 quid
339 1560 417 1622 illi
408 1581 443 1622 m
457 1568 532 1623 voto
547 1561 654 1623 minus
668 1560 849 1643 probatur?
883 1562 973 1633 Quod
988 1564 1069 1623 sotis
1083 1567 1172 1642 apert
1173 1582 1190 1624 e
1202 1571 1289 1635 [Haud

87 1663 195 1725 doceat
196 1683 459 1744 ,unumquemque
479 1663 587 1725 debere
601 1684 667 1726 esse
677 1663 854 1744 judicems
843 1685 877 1736 m
897 1664 988 1726 retes
995 1662 1095 1744 fidei:
1119 1685 1190 1727 uto-
1200 1638 1349 1767 ζξζζὲξξῗ

87 1785 145 1845 que
157 1766 280 1846 judicto
289 1767 407 1847 potius,
423 1786 514 1848 paam
529 1766 687 1844 Ecclesia,
703 1767 752 1828 vel
769 1767 985 1844 Uocontiorum,
1002 1773 1057 1829 aut
1077 1769 1188 1830 summi

87 1868 251 1948 Pontifices
271 1870 473 1950 acquiescere.
518 1868 583 1931 Vix
603 1869 664 1932 hoc
681 1877 792 1932 tamen
811 1870 892 1931 sutis
906 1875 1022 1950 operte.
1068 1868 1185 1952 Siquis,

87 1972 143 2054 qui
157 1993 197 2034 ea
203 1971 271 2053 fide
290 1993 347 2035 aaa
362 1973 448 2050 vivit,
463 1971 498 2034 id
513 1979 598 2054 agat,
613 1981 651 2035 ut
666 1978 769 2037 certus
784 1972 826 2035 ιιι
841 1973 881 2036 de
901 1994 969 2050 sua,
985 1973 1066 2035 uode
1080 1974 1185 2046 vivut;

86 2096 152 2137 non
167 2097 293 2140 necesse
308 2084 366 2154 est,
382 2083 419 2138 ut
434 2076 461 2138 is
467 2077 606 2158 judicem
627 2077 736 2139 statim
751 2098 784 2139 se
804 2084 924 2138 statuat
941 2078 974 2137 ιη
988 2076 1079 2138 redas
1085 2074 1185 2156 fidei5

86 2199 152 2241 non
171 2180 283 2261 magis,
303 2201 398 2261 quam
418 2179 445 2241 si
467 2187 556 2242 curet
576 2179 647 2262 quis
665 2200 735 2242 rem
755 2201 855 2257 suam,
876 2179 903 2241 si
926 2179 1046 2262 praedia
1067 2202 1133 2258 sua,
1148 2186 1186 2242 ut
1241 2184 1306 2246 330

86 2289 174 2344 certo
195 2281 255 2345 sibi
285 2282 360 2357 sint,
382 2283 462 2344 satas
483 2287 590 2362 operte
611 2281 763 2363 sequitur,
785 2289 822 2343 ut
844 2281 1017 2345 Praefectus
1037 2281 1187 2365 praetorio

86 2384 137 2462 sit,
154 2393 187 2448 et
201 2385 306 2447 Judecc
321 2383 428 2448 sedeat
443 2384 552 2447 statim
566 2404 624 2466 pro
639 2383 814 2459 Tribunali,
831 2383 870 2446 de
886 2382 1021 2446 aliorum
1036 2404 1186 2466 quorum-

86 2507 212 2571 cunque
237 2507 273 2550 re
294 2486 505 2550 haereditaria.
552 2487 623 2568 Ego
644 2507 719 2549 vero
743 2485 861 2549 curabo
883 2486 969 2569 quod
989 2507 1098 2549 meum
1120 2494 1186 2564 est3

86 2599 252 2674 postquam
273 2590 307 2653 id
329 2590 411 2652 mihi
434 2611 518 2653 curae
544 2589 617 2666 fuit,
639 2588 722 2651 nulli
747 2597 902 2672 praeterea
922 2590 977 2671 jus
1002 2589 1083 2667 dico,
1106 2589 1187 2652 nulli

76 2693 217 2773 judicem
244 2715 296 2756 me
325 2693 495 2756 constituo.
541 2691 676 2775 Iniquus
702 2691 753 2770 sit,
781 2690 837 2774 qui
862 2691 946 2753 hanc
971 2691 1052 2754 mihi
1077 2713 1187 2755 curam

84 2794 263 2874 interdicat,
279 2816 351 2858 mea
364 2816 406 2858 ne
420 2815 538 2872 curem,
550 2802 588 2856 ut
602 2793 683 2856 mihi
698 2801 786 2857 certa
800 2793 873 2855 sint
921 2792 1044 2858 Quodsi
1057 2814 1134 2871 non,
1149 2802 1187 2856 ut

85 2919 197 2979 agrum
213 2904 245 2961 et
262 2898 393 2961 domum
401 2924 410 2975 ς
434 2897 625 2974 animumne,
637 2903 674 2958 ut
690 2897 758 2979 ejus
773 2916 823 2958 res
837 2896 873 2958 in
887 2895 1010 2959 incerto
1025 2896 1185 2979 pendeat?

84 3003 196 3084 Apage
217 3022 300 3064 vero.
345 3001 416 3084 Ego
437 3001 471 3062 ιιι
492 3000 583 3062 rebus
598 2998 678 3078 fidei
699 2999 805 3061 ludet
827 3020 893 3060 uon
912 3020 1001 3074 sum;
1024 2998 1059 3060 id
1076 3007 1186 3061 tamen

85 3105 186 3186 agam,
202 3113 240 3166 ut
257 3105 365 3187 (quam
379 3111 483 3186 potest
498 3091 643 3165 constare
659 3101 757 3183 certo)
771 3108 839 3163 tam
853 3100 934 3163 mihi
949 3109 1035 3164 certo
1051 3108 1184 3180 constet,

85 3206 124 3269 de
146 3205 209 3268 fide
225 3227 307 3282 mea,
324 3205 409 3287 quod
429 3214 517 3268 certa
538 3203 589 3280 sit,
606 3203 691 3285 quod
712 3202 796 3266 bene
817 3202 961 3280 fundata,
977 3210 1010 3265 et
1031 3203 1066 3265 in
1088 3209 1184 3265 certo.

85 3308 197 3371 Latius
211 3315 323 3390 patent
337 3328 388 3370 res
402 3306 486 3385 fidei,
504 3327 600 3388 quam
621 3304 661 3367 ad
678 3325 784 3368 meam
804 3304 1048 3367 certitudinem:
1072 3303 1186 3366 Latius

84 3419 132 3473 est
149 3410 289 3492 judicem
312 3430 380 3473 esse
407 3410 446 3473 de
470 3408 567 3487 omni,
593 3430 689 3492 quam
714 3407 796 3471 mihi
820 3406 903 3471 bene
929 3406 1091 3470 conscium
1118 3427 1185 3469 esse

83 3515 124 3579 de
138 3536 220 3579 mea.

117 3650 179 3707 Qua
190 3650 305 3699 doctriua
315 3663 366 3698 non
377 3655 432 3698 att.
445 3685 451 3697 .
465 3648 542 3712 Regis
554 3649 663 3712 propria,
675 3648 719 3698 aed
731 3648 873 3698 communis
885 3647 945 3707 illis,
956 3646 1001 3709 qui
1012 3682 1018 3694 .
1031 3682 1037 3695 .
1049 3646 1078 3694 in
1089 3645 1186 3707 Anglia

148 3744 202 3779 rem
217 3730 394 3794 analogiam
411 3734 528 3780 tractant.
562 3730 604 3779 Sic
620 3730 690 3779 onim
702 3730 785 3779 verbis
804 3728 951 3778 clarioribus
966 3726 1014 3777 hoc
1024 3725 1093 3776 idem
1105 3726 1185 3775 tradit

148 3812 316 3862 Whitakerus.
328 3849 334 3862 .
346 3849 353 3861 .
366 3852 372 3864 .
384 3811 577 3875 ‘Unusquisque
587 3812 636 3861 sibi
647 3811 728 3875 judex
739 3826 792 3861 csse
803 3811 886 3871 debet,
898 3810 969 3860 etc.⁸'
986 3846 991 3857 .
1004 3808 1063 3869 ,Et
1080 3845 1086 3857 .
1103 3845 1109 3857 .
1122 3807 1184 3858 Cou-

147 3895 214 3956 cilia,
231 3895 324 3954 Patres,
336 3894 419 3958 Papae,
428 3895 544 3944 hominos
557 3896 625 3953 sunt,
640 3897 665 3942 ot
677 3891 808 3956 Scriptura
818 3895 926 3942 testatur
941 3905 1042 3940 omnem
1053 3890 1183 3940 hominem

146 3976 293 4027 mandacem
300 3991 366 4027 ease:
385 3975 515 4033 Quomodo
526 3989 585 4039 argo
592 3975 694 4024 illorum
705 3974 839 4024 sententia
850 3973 1006 4037 acquiescam
1013 3979 1021 4003 ¹
1028 3973 1047 4021 t·
1059 4008 1065 4020 .
1078 4008 1084 4021 .
1097 4006 1103 4020 .
1112 3970 1184 4028 Quod

147 4060 277 4122 ..dogma
292 4094 298 4107 .
316 4094 322 4107 .
339 4094 346 4107 .
364 4058 479 4108 omnium
496 4057 619 4107 haeresum
631 4056 828 4122 janua-[Bell.
839 4056 914 4120 Apol.
926 4069 972 4119 pro
988 4052 1072 4118 Resp]
1091 4068 1116 4117 p.
1128 4055 1182 4102 186.

149 4140 219 4204 [Op.,
230 4144 290 4190 tom.
303 4141 347 4189 vii.
358 4139 406 4189 ool.
417 4141 471 4188 809.
483 4139 515 4187 A.
528 4137 572 4200 Β.]
1239 4139 1247 4155 ·

115 4322 224 4386 ¹[Vide
242 4322 381 4373 Whitaker.
399 4323 469 4386 Disp.
490 4322 521 4371 de
541 4321 608 4370 Sacr.
653 4320 761 4432 wiod'

84 4386 176 4451 Soript
188 4387 325 4438 controv.
318 4404 334 4437 ι.
346 4388 440 4445 Quasi.
451 4403 474 4436 v.
490 4401 543 4449 cap.
555 4386 622 4435 viii.
686 4384 788 4448 ·[oid
800 4398 853 4447 cap.
865 4383 919 4433 viii.
934 4396 958 4445 p.
971 4382 1026 4431 856.
1039 4379 1084 4428 ool.
1097 4378 1131 4443 1]

83 4452 139 4515 Op,
157 4456 218 4502 tom.
237 4453 254 4501 i.
274 4467 298 4516 p.
321 4455 376 4503 869.
396 4452 483 4502 coil.
503 4450 612 4500 Genava
