<?xml version="1.0" encoding="UTF-8"?>
<!DOCTYPE html PUBLIC "-//W3C//DTD XHTML 1.0 Transitional//EN"
    "http://www.w3.org/TR/xhtml1/DTD/xhtml1-transitional.dtd">
<html xmlns="http://www.w3.org/1999/xhtml" xml:lang="en" lang="en">
 <head>
  <title>
</title>
<meta http-equiv="Content-Type" content="text/html;charset=utf-8" />
  <meta name='ocr-system' content='tesseract 3.04.00' />
  <meta name='ocr-capabilities' content='ocr_page ocr_carea ocr_par ocr_line ocrx_word'/>
</head>
<body>
  <div class='ocr_page' id='page_1' title='image "./responsioadapol00andrgoog_0463.png"; bbox 0 0 2910 4926; ppageno 0'>
   <div class='ocr_carea' id='block_1_1' title="bbox 249 280 1041 342">
    <p class='ocr_par' dir='ltr' id='par_1_1' title="bbox 249 280 1041 342">
     <span class='ocr_line' id='line_1_1' title="bbox 249 280 1041 342; baseline -0.008 0"><span class='ocrx_word' id='word_1_1' title='bbox 249 280 315 342; x_wconf 79' lang='lat'>420</span> <span class='ocrx_word' id='word_1_2' title='bbox 564 292 606 340; x_wconf 85' lang='lat' dir='ltr'>sn</span> <span class='ocrx_word' id='word_1_3' title='bbox 629 291 820 340; x_wconf 75' lang='lat' dir='ltr'>casurusne</span> <span class='ocrx_word' id='word_1_4' title='bbox 840 289 1041 339; x_wconf 74' lang='lat' dir='ltr'>amrinum</span> 
     </span>
    </p>
   </div>
   <div class='ocr_carea' id='block_1_2' title="bbox 252 444 1398 856">
    <p class='ocr_par' dir='ltr' id='par_1_2' title="bbox 252 444 1362 530">
     <span class='ocr_line' id='line_1_2' title="bbox 252 444 1362 530; baseline -0.005 -18"><span class='ocrx_word' id='word_1_5' title='bbox 252 471 313 514; x_wconf 81' lang='lat' dir='ltr'>oon</span> <span class='ocrx_word' id='word_1_6' title='bbox 328 470 393 512; x_wconf 84' lang='lat' dir='ltr'>esee</span> <span class='ocrx_word' id='word_1_7' title='bbox 412 449 496 530; x_wconf 82' lang='lat' dir='ltr'>paud</span> <span class='ocrx_word' id='word_1_8' title='bbox 513 449 632 511; x_wconf 73' lang='lat' dir='ltr'>toleret.</span> <span class='ocrx_word' id='word_1_9' title='bbox 677 450 767 512; x_wconf 85' lang='lat' dir='ltr'>Esto.</span> <span class='ocrx_word' id='word_1_10' title='bbox 814 447 879 511; x_wconf 85' lang='lat' dir='ltr'>Sed</span> <span class='ocrx_word' id='word_1_11' title='bbox 896 467 971 512; x_wconf 91' lang='lat' dir='ltr'>eum</span> <span class='ocrx_word' id='word_1_12' title='bbox 985 446 1038 524; x_wconf 91' lang='lat' dir='ltr'>sit,</span> <span class='ocrx_word' id='word_1_13' title='bbox 1054 465 1122 508; x_wconf 91' lang='lat' dir='ltr'>non</span> <span class='ocrx_word' id='word_1_14' title='bbox 1137 444 1263 523; x_wconf 79' lang='lat' dir='ltr'>tolerat,</span> <span class='ocrx_word' id='word_1_15' title='bbox 1280 444 1362 508; x_wconf 82' lang='lat' dir='ltr'>velit</span> 
     </span>
    </p>

    <p class='ocr_par' dir='ltr' id='par_1_3' title="bbox 252 548 1363 634">
     <span class='ocr_line' id='line_1_3' title="bbox 252 548 1363 634; baseline -0.006 -18"><span class='ocrx_word' id='word_1_16' title='bbox 252 553 344 630; x_wconf 91' lang='lat' dir='ltr'>nolit,</span> <span class='ocrx_word' id='word_1_17' title='bbox 372 551 428 616; x_wconf 91' lang='lat' dir='ltr'>sed</span> <span class='ocrx_word' id='word_1_18' title='bbox 454 557 549 631; x_wconf 74' lang='lat' dir='ltr'>acuet,</span> <span class='ocrx_word' id='word_1_19' title='bbox 567 559 601 615; x_wconf 86' lang='lat' dir='ltr'>et</span> <span class='ocrx_word' id='word_1_20' title='bbox 621 551 744 614; x_wconf 81' lang='lat' dir='ltr'>mavult</span> <span class='ocrx_word' id='word_1_21' title='bbox 764 558 797 612; x_wconf 89' lang='lat' dir='ltr'>et</span> <span class='ocrx_word' id='word_1_22' title='bbox 817 550 937 634; x_wconf 88' lang='lat' dir='ltr'>gaudet</span> <span class='ocrx_word' id='word_1_23' title='bbox 960 550 1105 627; x_wconf 80' lang='lat' dir='ltr'>tolerare,</span> <span class='ocrx_word' id='word_1_24' title='bbox 1129 567 1198 626; x_wconf 91' lang='lat' dir='ltr'>nec,</span> <span class='ocrx_word' id='word_1_25' title='bbox 1222 549 1250 610; x_wconf 81' lang='lat' dir='ltr'>si</span> <span class='ocrx_word' id='word_1_26' title='bbox 1275 548 1363 610; x_wconf 80' lang='lat' dir='ltr'>vires</span> 
     </span>
    </p>

    <p class='ocr_par' dir='ltr' id='par_1_4' title="bbox 254 644 1398 856">
     <span class='ocr_line' id='line_1_4' title="bbox 254 644 1398 737; baseline -0.009 -17"><span class='ocrx_word' id='word_1_27' title='bbox 254 653 419 733; x_wconf 76' lang='lat' dir='ltr'>edessentl,</span> <span class='ocrx_word' id='word_1_28' title='bbox 435 654 545 718; x_wconf 82' lang='lat' dir='ltr'>mullet</span> <span class='ocrx_word' id='word_1_29' title='bbox 559 654 671 718; x_wconf 92' lang='lat' dir='ltr'>tollere</span> <span class='ocrx_word' id='word_1_30' title='bbox 687 674 766 737; x_wconf 90' lang='lat' dir='ltr'>quos</span> <span class='ocrx_word' id='word_1_31' title='bbox 781 653 904 731; x_wconf 73' lang='lat' dir='ltr'>tolerat,</span> <span class='ocrx_word' id='word_1_32' title='bbox 920 673 1016 736; x_wconf 86' lang='lat' dir='ltr'>quam</span> <span class='ocrx_word' id='word_1_33' title='bbox 1031 651 1173 714; x_wconf 73' lang='lat' dir='ltr'>tolerare.</span> <span class='ocrx_word' id='word_1_34' title='bbox 1383 644 1398 669; x_wconf 79' lang='lat'><em>⁰</em></span> 
     </span>
     <span class='ocr_line' id='line_1_5' title="bbox 288 783 1363 856; baseline -0.008 -14"><span class='ocrx_word' id='word_1_35' title='bbox 288 792 372 842; x_wconf 74' lang='lat' dir='ltr'>(litavi</span> <span class='ocrx_word' id='word_1_36' title='bbox 383 791 517 856; x_wconf 76' lang='lat' dir='ltr'>Epistolas,</span> <span class='ocrx_word' id='word_1_37' title='bbox 528 791 605 840; x_wconf 81' lang='lat' dir='ltr'>citari</span> <span class='ocrx_word' id='word_1_38' title='bbox 617 788 806 839; x_wconf 73' lang='lat' dir='ltr'>commentaria</span> <span class='ocrx_word' id='word_1_39' title='bbox 817 790 845 838; x_wconf 88' lang='lat' dir='ltr'>ln</span> <span class='ocrx_word' id='word_1_40' title='bbox 859 788 973 838; x_wconf 87' lang='lat' dir='ltr'>Psalmos</span> <span class='ocrx_word' id='word_1_41' title='bbox 985 784 1211 852; x_wconf 58' lang='lat' dir='ltr'>[poenitentialesl</span> <span class='ocrx_word' id='word_1_42' title='bbox 1222 784 1268 834; x_wconf 90' lang='lat' dir='ltr'>ubi</span> <span class='ocrx_word' id='word_1_43' title='bbox 1285 783 1363 834; x_wconf 76' lang='lat' dir='ltr'>Mau-</span> 
     </span>
    </p>
   </div>
   <div class='ocr_carea' id='block_1_3' title="bbox 320 866 1364 1019">
    <p class='ocr_par' dir='ltr' id='par_1_5' title="bbox 320 866 1364 1019">
     <span class='ocr_line' id='line_1_6' title="bbox 320 866 1364 934; baseline -0.009 -11"><span class='ocrx_word' id='word_1_44' title='bbox 320 875 409 923; x_wconf 90' lang='lat' dir='ltr'>ritium</span> <span class='ocrx_word' id='word_1_45' title='bbox 421 908 427 921; x_wconf 93' lang='lat'><strong><em>.</em></strong></span> <span class='ocrx_word' id='word_1_46' title='bbox 440 909 464 922; x_wconf 89' lang='lat'>..</span> <span class='ocrx_word' id='word_1_47' title='bbox 476 871 611 934; x_wconf 77' lang='lat' dir='ltr'>Gregorius</span> <span class='ocrx_word' id='word_1_48' title='bbox 622 871 720 921; x_wconf 86' lang='lat' dir='ltr'>Neroni</span> <span class='ocrx_word' id='word_1_49' title='bbox 730 874 757 921; x_wconf 84' lang='lat' dir='ltr'>et</span> <span class='ocrx_word' id='word_1_50' title='bbox 767 871 926 921; x_wconf 85' lang='lat' dir='ltr'>Diocletiano</span> <span class='ocrx_word' id='word_1_51' title='bbox 942 872 1079 933; x_wconf 85' lang='lat' dir='ltr'>comparat,</span> <span class='ocrx_word' id='word_1_52' title='bbox 1091 882 1199 931; x_wconf 89' lang='lat' dir='ltr'>eumque</span> <span class='ocrx_word' id='word_1_53' title='bbox 1208 866 1364 929; x_wconf 81' lang='lat' dir='ltr'>gravissime</span> 
     </span>
     <span class='ocr_line' id='line_1_7' title="bbox 321 947 1351 1019; baseline -0.008 -14"><span class='ocrx_word' id='word_1_54' title='bbox 321 952 604 1019; x_wconf 80' lang='lat' dir='ltr'>reprehendit-[Bell</span> <span class='ocrx_word' id='word_1_55' title='bbox 615 953 690 1017; x_wconf 82' lang='lat' dir='ltr'>Apol.</span> <span class='ocrx_word' id='word_1_56' title='bbox 702 967 749 1017; x_wconf 91' lang='lat' dir='ltr'>pro</span> <span class='ocrx_word' id='word_1_57' title='bbox 761 951 848 1016; x_wconf 84' lang='lat' dir='ltr'>Resp]</span> <span class='ocrx_word' id='word_1_58' title='bbox 861 967 885 1015; x_wconf 93' lang='lat' dir='ltr'>p.</span> <span class='ocrx_word' id='word_1_59' title='bbox 895 955 951 1003; x_wconf 83' lang='grc'><strong>168.</strong></span> <span class='ocrx_word' id='word_1_60' title='bbox 964 952 1033 1016; x_wconf 92' lang='lat' dir='ltr'>[0p.,</span> <span class='ocrx_word' id='word_1_61' title='bbox 1044 955 1106 1001; x_wconf 83' lang='lat' dir='ltr'>torn.</span> <span class='ocrx_word' id='word_1_62' title='bbox 1119 950 1162 998; x_wconf 87' lang='lat' dir='ltr'>rii.</span> <span class='ocrx_word' id='word_1_63' title='bbox 1176 949 1222 998; x_wconf 87' lang='lat' dir='ltr'>col.</span> <span class='ocrx_word' id='word_1_64' title='bbox 1234 950 1293 1001; x_wconf 79' lang='grc'>799.</span> <span class='ocrx_word' id='word_1_65' title='bbox 1304 947 1351 1011; x_wconf 76' lang='lat' dir='ltr'>R]</span> 
     </span>
    </p>
   </div>
   <div class='ocr_carea' id='block_1_4' title="bbox 94 1048 1369 2591">
    <p class='ocr_par' dir='ltr' id='par_1_6' title="bbox 94 1048 1366 1134">
     <span class='ocr_line' id='line_1_8' title="bbox 94 1048 1366 1134; baseline -0.005 -18"><span class='ocrx_word' id='word_1_66' title='bbox 94 1066 143 1132; x_wconf 80' lang='lat' dir='ltr'>[De</span> <span class='ocrx_word' id='word_1_67' title='bbox 154 1065 238 1116; x_wconf 73' lang='lat' dir='ltr'>movi·</span> <span class='ocrx_word' id='word_1_68' title='bbox 299 1053 371 1116; x_wconf 92' lang='lat' dir='ltr'>Nec</span> <span class='ocrx_word' id='word_1_69' title='bbox 393 1052 421 1115; x_wconf 92' lang='lat' dir='ltr'>si</span> <span class='ocrx_word' id='word_1_70' title='bbox 443 1051 545 1115; x_wconf 91' lang='lat' dir='ltr'>libera</span> <span class='ocrx_word' id='word_1_71' title='bbox 565 1071 641 1115; x_wconf 88' lang='lat' dir='ltr'>voce</span> <span class='ocrx_word' id='word_1_72' title='bbox 663 1072 740 1114; x_wconf 90' lang='lat' dir='ltr'>usus</span> <span class='ocrx_word' id='word_1_73' title='bbox 762 1050 846 1134; x_wconf 87' lang='lat' dir='ltr'>apud</span> <span class='ocrx_word' id='word_1_74' title='bbox 870 1052 1028 1115; x_wconf 69' lang='lat' dir='ltr'>Cesaram</span> <span class='ocrx_word' id='word_1_75' title='bbox 1051 1048 1236 1132; x_wconf 84' lang='lat' dir='ltr'>Gregorius,</span> <span class='ocrx_word' id='word_1_76' title='bbox 1252 1068 1366 1130; x_wconf 89' lang='lat' dir='ltr'>repre-</span> 
     </span>
    </p>

    <p class='ocr_par' dir='ltr' id='par_1_7' title="bbox 94 1130 1364 1258">
     <span class='ocr_line' id='line_1_9' title="bbox 94 1130 1364 1258; baseline -0.008 -37"><span class='ocrx_word' id='word_1_77' title='bbox 94 1130 219 1258; x_wconf 54' lang='lat' dir='ltr'>},figgp</span> <span class='ocrx_word' id='word_1_78' title='bbox 257 1155 378 1220; x_wconf 71' lang='lat' dir='ltr'>ueneat</span> <span class='ocrx_word' id='word_1_79' title='bbox 391 1154 426 1217; x_wconf 75' lang='lat' dir='ltr'>ia</span> <span class='ocrx_word' id='word_1_80' title='bbox 441 1153 608 1237; x_wconf 82' lang='lat' dir='ltr'>quispiam,</span> <span class='ocrx_word' id='word_1_81' title='bbox 625 1154 653 1218; x_wconf 69' lang='lat' dir='ltr'>si</span> <span class='ocrx_word' id='word_1_82' title='bbox 667 1153 701 1216; x_wconf 77' lang='lat' dir='ltr'>sa</span> <span class='ocrx_word' id='word_1_83' title='bbox 720 1162 815 1236; x_wconf 83' lang='lat' dir='ltr'>prout</span> <span class='ocrx_word' id='word_1_84' title='bbox 831 1153 947 1233; x_wconf 65' lang='lat' dir='ltr'>remit,</span> <span class='ocrx_word' id='word_1_85' title='bbox 963 1160 997 1217; x_wconf 77' lang='lat' dir='ltr'>et</span> <span class='ocrx_word' id='word_1_86' title='bbox 1010 1173 1068 1236; x_wconf 68' lang='lat' dir='ltr'>par</span> <span class='ocrx_word' id='word_1_87' title='bbox 1082 1159 1161 1230; x_wconf 72' lang='lat' dir='ltr'>erat,</span> <span class='ocrx_word' id='word_1_88' title='bbox 1177 1151 1205 1214; x_wconf 71' lang='lat' dir='ltr'>si</span> <span class='ocrx_word' id='word_1_89' title='bbox 1219 1150 1254 1212; x_wconf 78' lang='lat' dir='ltr'>u</span> <span class='ocrx_word' id='word_1_90' title='bbox 1274 1149 1364 1233; x_wconf 75' lang='lat' dir='ltr'>apuu</span> 
     </span>
    </p>

    <p class='ocr_par' dir='ltr' id='par_1_8' title="bbox 137 1251 1367 1341">
     <span class='ocr_line' id='line_1_10' title="bbox 137 1251 1367 1341; baseline -0.008 -16"><span class='ocrx_word' id='word_1_91' title='bbox 137 1263 202 1325; x_wconf 84' lang='lat'>303</span> <span class='ocrx_word' id='word_1_92' title='bbox 258 1259 363 1341; x_wconf 90' lang='lat' dir='ltr'>ipsum</span> <span class='ocrx_word' id='word_1_93' title='bbox 383 1259 551 1321; x_wconf 78' lang='lat' dir='ltr'>Caesarem.</span> <span class='ocrx_word' id='word_1_94' title='bbox 598 1256 663 1320; x_wconf 88' lang='lat' dir='ltr'>Sed</span> <span class='ocrx_word' id='word_1_95' title='bbox 685 1256 764 1318; x_wconf 89' lang='lat' dir='ltr'>illud</span> <span class='ocrx_word' id='word_1_96' title='bbox 785 1257 940 1339; x_wconf 84' lang='lat' dir='ltr'>Gregorio</span> <span class='ocrx_word' id='word_1_97' title='bbox 956 1255 1137 1338; x_wconf 91' lang='lat' dir='ltr'>indignum,</span> <span class='ocrx_word' id='word_1_98' title='bbox 1152 1254 1188 1316; x_wconf 91' lang='lat' dir='ltr'>in</span> <span class='ocrx_word' id='word_1_99' title='bbox 1206 1251 1367 1335; x_wconf 80' lang='lat' dir='ltr'>Epistolis</span> 
     </span>
    </p>

    <p class='ocr_par' dir='ltr' id='par_1_9' title="bbox 95 1344 1369 1445">
     <span class='ocr_line' id='line_1_11' title="bbox 95 1344 1369 1445; baseline -0.005 -21"><span class='ocrx_word' id='word_1_100' title='bbox 95 1344 214 1410; x_wconf 75' lang='lat' dir='ltr'>islep]</span> <span class='ocrx_word' id='word_1_101' title='bbox 257 1363 394 1445; x_wconf 85' lang='lat' dir='ltr'>palpare,</span> <span class='ocrx_word' id='word_1_102' title='bbox 413 1360 516 1442; x_wconf 89' lang='lat' dir='ltr'>(illum</span> <span class='ocrx_word' id='word_1_103' title='bbox 536 1361 712 1438; x_wconf 80' lang='lat' dir='ltr'>Dominum,</span> <span class='ocrx_word' id='word_1_104' title='bbox 728 1380 762 1423; x_wconf 86' lang='lat' dir='ltr'>sc</span> <span class='ocrx_word' id='word_1_105' title='bbox 781 1380 911 1438; x_wconf 68' lang='lat' dir='ltr'>smne,</span> <span class='ocrx_word' id='word_1_106' title='bbox 927 1380 984 1443; x_wconf 92' lang='lat' dir='ltr'>per</span> <span class='ocrx_word' id='word_1_107' title='bbox 1002 1378 1160 1421; x_wconf 85' lang='lat' dir='ltr'>summam</span> <span class='ocrx_word' id='word_1_108' title='bbox 1175 1355 1369 1420; x_wconf 88' lang='lat' dir='ltr'>submissio-</span> 
     </span>
    </p>

    <p class='ocr_par' dir='ltr' id='par_1_10' title="bbox 258 1461 1367 1546">
     <span class='ocr_line' id='line_1_12' title="bbox 258 1461 1367 1546; baseline -0.005 -20"><span class='ocrx_word' id='word_1_109' title='bbox 258 1485 333 1527; x_wconf 85' lang='lat' dir='ltr'>nem</span> <span class='ocrx_word' id='word_1_110' title='bbox 348 1463 453 1527; x_wconf 86' lang='lat' dir='ltr'>dicere</span> <span class='ocrx_word' id='word_1_111' title='bbox 464 1461 488 1546; x_wconf 90' lang='lat'>:)</span> <span class='ocrx_word' id='word_1_112' title='bbox 503 1463 538 1525; x_wconf 91' lang='lat' dir='ltr'>in</span> <span class='ocrx_word' id='word_1_113' title='bbox 549 1462 701 1527; x_wconf 88' lang='lat' dir='ltr'>Homiliis</span> <span class='ocrx_word' id='word_1_114' title='bbox 717 1462 877 1545; x_wconf 89' lang='lat' dir='ltr'>sugillare,</span> <span class='ocrx_word' id='word_1_115' title='bbox 887 1470 920 1526; x_wconf 91' lang='lat' dir='ltr'>et</span> <span class='ocrx_word' id='word_1_116' title='bbox 934 1462 1018 1546; x_wconf 88' lang='lat' dir='ltr'>apud</span> <span class='ocrx_word' id='word_1_117' title='bbox 1032 1461 1194 1545; x_wconf 81' lang='lat' dir='ltr'>poprdum,</span> <span class='ocrx_word' id='word_1_118' title='bbox 1206 1467 1367 1542; x_wconf 88' lang='lat' dir='ltr'>tanquam</span> 
     </span>
    </p>

    <p class='ocr_par' dir='ltr' id='par_1_11' title="bbox 257 1561 1367 1645">
     <span class='ocr_line' id='line_1_13' title="bbox 257 1561 1367 1645; baseline -0.005 -15"><span class='ocrx_word' id='word_1_119' title='bbox 257 1567 423 1631; x_wconf 88' lang='lat' dir='ltr'>Neronem</span> <span class='ocrx_word' id='word_1_120' title='bbox 444 1566 495 1629; x_wconf 89' lang='lat' dir='ltr'>vel</span> <span class='ocrx_word' id='word_1_121' title='bbox 517 1565 755 1629; x_wconf 80' lang='lat' dir='ltr'>Diocletianum</span> <span class='ocrx_word' id='word_1_122' title='bbox 776 1565 977 1628; x_wconf 67' lang='lat' dir='ltr'>seducerem.</span> <span class='ocrx_word' id='word_1_123' title='bbox 1024 1566 1095 1628; x_wconf 90' lang='lat' dir='ltr'>Nec</span> <span class='ocrx_word' id='word_1_124' title='bbox 1110 1563 1286 1645; x_wconf 80' lang='lat' dir='ltr'>Gregorius</span> <span class='ocrx_word' id='word_1_125' title='bbox 1301 1561 1367 1625; x_wconf 90' lang='lat' dir='ltr'>hoc</span> 
     </span>
    </p>

    <p class='ocr_par' dir='ltr' id='par_1_12' title="bbox 257 1666 1367 1754">
     <span class='ocr_line' id='line_1_14' title="bbox 257 1666 1367 1754; baseline -0.005 -21"><span class='ocrx_word' id='word_1_126' title='bbox 257 1669 376 1734; x_wconf 84' lang='lat' dir='ltr'>faceret</span> <span class='ocrx_word' id='word_1_127' title='bbox 389 1691 542 1754; x_wconf 90' lang='lat' dir='ltr'>unquam.</span> <span class='ocrx_word' id='word_1_128' title='bbox 589 1669 759 1733; x_wconf 88' lang='lat' dir='ltr'>Calumnia</span> <span class='ocrx_word' id='word_1_129' title='bbox 778 1690 816 1732; x_wconf 92' lang='lat' dir='ltr'>ea</span> <span class='ocrx_word' id='word_1_130' title='bbox 829 1676 936 1731; x_wconf 85' lang='lat' dir='ltr'>vestra</span> <span class='ocrx_word' id='word_1_131' title='bbox 954 1675 1013 1746; x_wconf 90' lang='lat' dir='ltr'>est,</span> <span class='ocrx_word' id='word_1_132' title='bbox 1030 1666 1185 1750; x_wconf 89' lang='lat' dir='ltr'>Gregorio</span> <span class='ocrx_word' id='word_1_133' title='bbox 1200 1666 1367 1748; x_wconf 90' lang='lat' dir='ltr'>imposita.</span> 
     </span>
    </p>

    <p class='ocr_par' dir='ltr' id='par_1_13' title="bbox 258 1770 1369 1854">
     <span class='ocr_line' id='line_1_15' title="bbox 258 1770 1369 1854; baseline -0.005 -18"><span class='ocrx_word' id='word_1_134' title='bbox 258 1772 374 1836; x_wconf 91' lang='lat' dir='ltr'>Verior</span> <span class='ocrx_word' id='word_1_135' title='bbox 390 1772 476 1835; x_wconf 91' lang='lat' dir='ltr'>enim</span> <span class='ocrx_word' id='word_1_136' title='bbox 494 1770 588 1853; x_wconf 90' lang='lat' dir='ltr'>(eddo</span> <span class='ocrx_word' id='word_1_137' title='bbox 606 1779 639 1834; x_wconf 91' lang='lat' dir='ltr'>et</span> <span class='ocrx_word' id='word_1_138' title='bbox 655 1772 811 1854; x_wconf 88' lang='lat' dir='ltr'>Gregorio</span> <span class='ocrx_word' id='word_1_139' title='bbox 826 1771 962 1854; x_wconf 84' lang='lat' dir='ltr'>dignior)</span> <span class='ocrx_word' id='word_1_140' title='bbox 983 1771 1099 1854; x_wconf 90' lang='lat' dir='ltr'>opinio,</span> <span class='ocrx_word' id='word_1_141' title='bbox 1116 1791 1189 1833; x_wconf 87' lang='lat' dir='ltr'>curn</span> <span class='ocrx_word' id='word_1_142' title='bbox 1203 1790 1369 1852; x_wconf 83' lang='lat' dir='ltr'>nusquam</span> 
     </span>
    </p>

    <p class='ocr_par' dir='ltr' id='par_1_14' title="bbox 258 1855 1366 1957">
     <span class='ocr_line' id='line_1_16' title="bbox 258 1855 1366 1957; baseline -0.003 -20"><span class='ocrx_word' id='word_1_143' title='bbox 258 1873 305 1938; x_wconf 94' lang='lat' dir='ltr'>ibi</span> <span class='ocrx_word' id='word_1_144' title='bbox 320 1894 439 1937; x_wconf 92' lang='lat' dir='ltr'>nomen</span> <span class='ocrx_word' id='word_1_145' title='bbox 451 1855 658 1956; x_wconf 82' lang='lat' dir='ltr'>Imperatoris</span> <span class='ocrx_word' id='word_1_146' title='bbox 669 1874 721 1952; x_wconf 91' lang='lat' dir='ltr'>sit,</span> <span class='ocrx_word' id='word_1_147' title='bbox 734 1894 806 1957; x_wconf 83' lang='lat' dir='ltr'>quae</span> <span class='ocrx_word' id='word_1_148' title='bbox 817 1874 856 1937; x_wconf 92' lang='lat' dir='ltr'>de</span> <span class='ocrx_word' id='word_1_149' title='bbox 868 1875 999 1938; x_wconf 87' lang='lat' dir='ltr'>Nerone</span> <span class='ocrx_word' id='word_1_150' title='bbox 1015 1873 1095 1936; x_wconf 80' lang='lat' dir='ltr'>dixit</span> <span class='ocrx_word' id='word_1_151' title='bbox 1106 1880 1139 1937; x_wconf 90' lang='lat' dir='ltr'>et</span> <span class='ocrx_word' id='word_1_152' title='bbox 1148 1871 1366 1949; x_wconf 88' lang='lat' dir='ltr'>Diocletiano,</span> 
     </span>
    </p>

    <p class='ocr_par' dir='ltr' id='par_1_15' title="bbox 258 1973 1366 2060">
     <span class='ocr_line' id='line_1_17' title="bbox 258 1973 1366 2060; baseline -0.002 -20"><span class='ocrx_word' id='word_1_153' title='bbox 258 1975 381 2041; x_wconf 92' lang='lat' dir='ltr'>nonde</span> <span class='ocrx_word' id='word_1_154' title='bbox 397 1975 554 2039; x_wconf 90' lang='lat' dir='ltr'>Mauritio</span> <span class='ocrx_word' id='word_1_155' title='bbox 570 1976 712 2040; x_wconf 92' lang='lat' dir='ltr'>Domino</span> <span class='ocrx_word' id='word_1_156' title='bbox 732 1997 800 2055; x_wconf 88' lang='lat' dir='ltr'>suo,</span> <span class='ocrx_word' id='word_1_157' title='bbox 816 1976 872 2040; x_wconf 91' lang='lat' dir='ltr'>sed</span> <span class='ocrx_word' id='word_1_158' title='bbox 891 1977 930 2040; x_wconf 91' lang='lat' dir='ltr'>de</span> <span class='ocrx_word' id='word_1_159' title='bbox 946 1976 1121 2060; x_wconf 87' lang='lat' dir='ltr'>Agilulpho</span> <span class='ocrx_word' id='word_1_160' title='bbox 1135 1973 1366 2058; x_wconf 87' lang='lat' dir='ltr'>Longoburdo,</span> 
     </span>
    </p>

    <p class='ocr_par' dir='ltr' id='par_1_16' title="bbox 258 2077 1368 2162">
     <span class='ocr_line' id='line_1_18' title="bbox 258 2077 1368 2162; baseline -0.003 -20"><span class='ocrx_word' id='word_1_161' title='bbox 258 2078 348 2142; x_wconf 88' lang='lat' dir='ltr'>miris</span> <span class='ocrx_word' id='word_1_162' title='bbox 374 2085 446 2141; x_wconf 91' lang='lat' dir='ltr'>tum</span> <span class='ocrx_word' id='word_1_163' title='bbox 471 2077 575 2143; x_wconf 89' lang='lat' dir='ltr'>modis</span> <span class='ocrx_word' id='word_1_164' title='bbox 600 2077 636 2140; x_wconf 92' lang='lat' dir='ltr'>in</span> <span class='ocrx_word' id='word_1_165' title='bbox 662 2079 840 2143; x_wconf 84' lang='lat' dir='ltr'>Ecclesiam</span> <span class='ocrx_word' id='word_1_166' title='bbox 865 2087 1039 2162; x_wconf 81' lang='lat' dir='ltr'>grassante,</span> <span class='ocrx_word' id='word_1_167' title='bbox 1065 2077 1291 2160; x_wconf 87' lang='lat' dir='ltr'>intelligenda:</span> <span class='ocrx_word' id='word_1_168' title='bbox 1327 2086 1368 2140; x_wconf 89' lang='lat' dir='ltr'>ut</span> 
     </span>
    </p>

    <p class='ocr_par' dir='ltr' id='par_1_17' title="bbox 257 2181 1368 2265">
     <span class='ocr_line' id='line_1_19' title="bbox 257 2181 1368 2265; baseline -0.001 -20"><span class='ocrx_word' id='word_1_169' title='bbox 257 2182 338 2246; x_wconf 88' lang='lat' dir='ltr'>falso</span> <span class='ocrx_word' id='word_1_170' title='bbox 353 2181 452 2244; x_wconf 88' lang='lat' dir='ltr'>citata</span> <span class='ocrx_word' id='word_1_171' title='bbox 466 2181 532 2244; x_wconf 90' lang='lat' dir='ltr'>sint</span> <span class='ocrx_word' id='word_1_172' title='bbox 547 2203 567 2245; x_wconf 89' lang='lat' dir='ltr'>a</span> <span class='ocrx_word' id='word_1_173' title='bbox 582 2181 761 2260; x_wconf 88' lang='lat' dir='ltr'>Cardinale,</span> <span class='ocrx_word' id='word_1_174' title='bbox 778 2190 811 2246; x_wconf 92' lang='lat' dir='ltr'>et</span> <span class='ocrx_word' id='word_1_175' title='bbox 829 2190 945 2265; x_wconf 77' lang='lat' dir='ltr'>praeter</span> <span class='ocrx_word' id='word_1_176' title='bbox 958 2190 1100 2246; x_wconf 81' lang='lat' dir='ltr'>mentem</span> <span class='ocrx_word' id='word_1_177' title='bbox 1117 2181 1275 2263; x_wconf 85' lang='lat' dir='ltr'>Gregorii,</span> <span class='ocrx_word' id='word_1_178' title='bbox 1292 2202 1368 2262; x_wconf 86' lang='lat' dir='ltr'>quse</span> 
     </span>
    </p>

    <p class='ocr_par' dir='ltr' id='par_1_18' title="bbox 257 2283 1365 2453">
     <span class='ocr_line' id='line_1_20' title="bbox 257 2283 1365 2369; baseline 0.001 -22"><span class='ocrx_word' id='word_1_179' title='bbox 257 2283 303 2348; x_wconf 91' lang='lat' dir='ltr'>ibi</span> <span class='ocrx_word' id='word_1_180' title='bbox 333 2284 493 2369; x_wconf 87' lang='lat' dir='ltr'>congessit</span> <span class='ocrx_word' id='word_1_181' title='bbox 517 2305 557 2348; x_wconf 81' lang='lat' dir='ltr'>ex</span> <span class='ocrx_word' id='word_1_182' title='bbox 582 2305 629 2362; x_wconf 92' lang='lat' dir='ltr'>eo,</span> <span class='ocrx_word' id='word_1_183' title='bbox 655 2285 695 2348; x_wconf 87' lang='lat' dir='ltr'>ad</span> <span class='ocrx_word' id='word_1_184' title='bbox 721 2285 921 2349; x_wconf 88' lang='lat' dir='ltr'>subditorum</span> <span class='ocrx_word' id='word_1_185' title='bbox 947 2286 1083 2368; x_wconf 84' lang='lat' dir='ltr'>linguas,</span> <span class='ocrx_word' id='word_1_186' title='bbox 1108 2285 1177 2368; x_wconf 88' lang='lat' dir='ltr'>pari</span> <span class='ocrx_word' id='word_1_187' title='bbox 1206 2284 1365 2367; x_wconf 83' lang='lat' dir='ltr'>exemplo,</span> 
     </span>
     <span class='ocr_line' id='line_1_21' title="bbox 257 2387 644 2453; baseline 0.003 -3"><span class='ocrx_word' id='word_1_188' title='bbox 257 2387 410 2452; x_wconf 80' lang='lat' dir='ltr'>laxandus</span> <span class='ocrx_word' id='word_1_189' title='bbox 426 2388 461 2452; x_wconf 94' lang='lat' dir='ltr'>in</span> <span class='ocrx_word' id='word_1_190' title='bbox 476 2388 644 2453; x_wconf 82' lang='lat' dir='ltr'>Gaesarem.</span> 
     </span>
    </p>

    <p class='ocr_par' dir='ltr' id='par_1_19' title="bbox 291 2525 1366 2591">
     <span class='ocr_line' id='line_1_22' title="bbox 291 2525 1366 2591; baseline -0.001 -16"><span class='ocrx_word' id='word_1_191' title='bbox 291 2525 368 2583; x_wconf 83' lang='lat' dir='ltr'>Quasi</span> <span class='ocrx_word' id='word_1_192' title='bbox 381 2525 505 2589; x_wconf 83' lang='lat' dir='ltr'>Martyres</span> <span class='ocrx_word' id='word_1_193' title='bbox 524 2561 530 2575; x_wconf 91' lang='lat'><em>.</em></span> <span class='ocrx_word' id='word_1_194' title='bbox 552 2563 558 2575; x_wconf 91' lang='lat'>.</span> <span class='ocrx_word' id='word_1_195' title='bbox 575 2529 663 2577; x_wconf 86' lang='lat' dir='ltr'>contra</span> <span class='ocrx_word' id='word_1_196' title='bbox 675 2531 803 2590; x_wconf 81' lang='lat' dir='ltr'>praecepta</span> <span class='ocrx_word' id='word_1_197' title='bbox 814 2526 992 2591; x_wconf 85' lang='lat' dir='ltr'>Apostolorum</span> <span class='ocrx_word' id='word_1_198' title='bbox 1004 2527 1121 2587; x_wconf 80' lang='lat' dir='ltr'>facerent,</span> <span class='ocrx_word' id='word_1_199' title='bbox 1138 2525 1238 2589; x_wconf 80' lang='lat' dir='ltr'>quando</span> <span class='ocrx_word' id='word_1_200' title='bbox 1254 2528 1366 2574; x_wconf 85' lang='lat' dir='ltr'>contern-</span> 
     </span>
    </p>
   </div>
   <div class='ocr_carea' id='block_1_5' title="bbox 323 2607 1366 2671">
    <p class='ocr_par' dir='ltr' id='par_1_20' title="bbox 323 2607 1366 2671">
     <span class='ocr_line' id='line_1_23' title="bbox 323 2607 1366 2671; baseline 0 -16"><span class='ocrx_word' id='word_1_201' title='bbox 323 2611 412 2657; x_wconf 89' lang='lat' dir='ltr'>nentes</span> <span class='ocrx_word' id='word_1_202' title='bbox 424 2607 496 2669; x_wconf 86' lang='lat' dir='ltr'>jussu</span> <span class='ocrx_word' id='word_1_203' title='bbox 507 2607 651 2669; x_wconf 85' lang='lat' dir='ltr'>principum</span> <span class='ocrx_word' id='word_1_204' title='bbox 663 2608 793 2658; x_wconf 82' lang='lat' dir='ltr'>malebant</span> <span class='ocrx_word' id='word_1_205' title='bbox 804 2609 878 2669; x_wconf 88' lang='lat' dir='ltr'>mori,</span> <span class='ocrx_word' id='word_1_206' title='bbox 894 2623 969 2671; x_wconf 88' lang='lat' dir='ltr'>quam</span> <span class='ocrx_word' id='word_1_207' title='bbox 982 2623 1068 2658; x_wconf 89' lang='lat' dir='ltr'>eorum</span> <span class='ocrx_word' id='word_1_208' title='bbox 1082 2607 1181 2670; x_wconf 80' lang='lat' dir='ltr'>legibus</span> <span class='ocrx_word' id='word_1_209' title='bbox 1192 2644 1198 2656; x_wconf 89' lang='lat'><strong>.</strong></span> <span class='ocrx_word' id='word_1_210' title='bbox 1210 2642 1217 2656; x_wconf 91' lang='lat'><em>.</em></span> <span class='ocrx_word' id='word_1_211' title='bbox 1229 2643 1235 2656; x_wconf 95' lang='lat'><strong><em>.</em></strong></span> <span class='ocrx_word' id='word_1_212' title='bbox 1250 2621 1366 2670; x_wconf 84' lang='lat' dir='ltr'>.parere,</span> 
     </span>
    </p>
   </div>
   <div class='ocr_carea' id='block_1_6' title="bbox 323 2687 1366 2836">
    <p class='ocr_par' dir='ltr' id='par_1_21' title="bbox 323 2687 1366 2836">
     <span class='ocr_line' id='line_1_24' title="bbox 323 2687 1366 2756; baseline 0.001 -20"><span class='ocrx_word' id='word_1_213' title='bbox 323 2689 416 2751; x_wconf 88' lang='lat' dir='ltr'>quibus</span> <span class='ocrx_word' id='word_1_214' title='bbox 439 2688 569 2737; x_wconf 84' lang='lat' dir='ltr'>Christum</span> <span class='ocrx_word' id='word_1_215' title='bbox 591 2689 716 2751; x_wconf 84' lang='lat' dir='ltr'>abnegare</span> <span class='ocrx_word' id='word_1_216' title='bbox 734 2690 1083 2756; x_wconf 87' lang='lat' dir='ltr'>....jubebantur.—[Bell.</span> <span class='ocrx_word' id='word_1_217' title='bbox 1106 2690 1181 2753; x_wconf 82' lang='lat' dir='ltr'>Apol.</span> <span class='ocrx_word' id='word_1_218' title='bbox 1207 2703 1254 2752; x_wconf 91' lang='lat' dir='ltr'>pro</span> <span class='ocrx_word' id='word_1_219' title='bbox 1277 2687 1366 2752; x_wconf 87' lang='lat' dir='ltr'>Resp]</span> 
     </span>
     <span class='ocr_line' id='line_1_25' title="bbox 323 2769 1048 2836; baseline 0.007 -19"><span class='ocrx_word' id='word_1_220' title='bbox 323 2782 348 2831; x_wconf 90' lang='lat' dir='ltr'>p.</span> <span class='ocrx_word' id='word_1_221' title='bbox 359 2770 411 2819; x_wconf 79' lang='lat'>170.</span> <span class='ocrx_word' id='word_1_222' title='bbox 431 2769 500 2832; x_wconf 92' lang='lat' dir='ltr'>[Op.,</span> <span class='ocrx_word' id='word_1_223' title='bbox 513 2773 575 2818; x_wconf 91' lang='lat' dir='ltr'>tom.</span> <span class='ocrx_word' id='word_1_224' title='bbox 585 2770 627 2818; x_wconf 83' lang='lat' dir='ltr'>vii.</span> <span class='ocrx_word' id='word_1_225' title='bbox 646 2771 691 2819; x_wconf 90' lang='lat' dir='ltr'>col.</span> <span class='ocrx_word' id='word_1_226' title='bbox 705 2774 759 2821; x_wconf 81' lang='lat'><strong>800.</strong></span> <span class='ocrx_word' id='word_1_227' title='bbox 771 2771 810 2836; x_wconf 86' lang='lat' dir='ltr'>B.]</span> <span class='ocrx_word' id='word_1_228' title='bbox 1042 2769 1048 2780; x_wconf 88' lang='lat'>&#39;</span> 
     </span>
    </p>
   </div>
   <div class='ocr_carea' id='block_1_7' title="bbox 91 2866 1366 3157">
    <p class='ocr_par' dir='ltr' id='par_1_22' title="bbox 91 2866 1366 3157">
     <span class='ocr_line' id='line_1_26' title="bbox 97 2866 1366 2988; baseline 0.004 -64"><span class='ocrx_word' id='word_1_229' title='bbox 97 2874 232 2988; x_wconf 51' lang='grc' dir='ltr'>Ψήρα</span> <span class='ocrx_word' id='word_1_230' title='bbox 302 2866 361 2929; x_wconf 89' lang='lat' dir='ltr'>Uti</span> <span class='ocrx_word' id='word_1_231' title='bbox 389 2875 421 2931; x_wconf 87' lang='lat' dir='ltr'>et</span> <span class='ocrx_word' id='word_1_232' title='bbox 450 2867 532 2930; x_wconf 89' lang='lat' dir='ltr'>illud</span> <span class='ocrx_word' id='word_1_233' title='bbox 559 2890 684 2951; x_wconf 91' lang='lat' dir='ltr'>quoque</span> <span class='ocrx_word' id='word_1_234' title='bbox 715 2878 930 2933; x_wconf 84' lang='lat' dir='ltr'>transversum</span> <span class='ocrx_word' id='word_1_235' title='bbox 953 2871 1037 2952; x_wconf 90' lang='lat' dir='ltr'>rapit</span> <span class='ocrx_word' id='word_1_236' title='bbox 1067 2869 1106 2931; x_wconf 90' lang='lat' dir='ltr'>ad</span> <span class='ocrx_word' id='word_1_237' title='bbox 1130 2870 1304 2950; x_wconf 78' lang='lat' dir='ltr'>Martyres,</span> <span class='ocrx_word' id='word_1_238' title='bbox 1332 2876 1366 2931; x_wconf 90' lang='lat' dir='ltr'>et</span> 
     </span>
     <span class='ocr_line' id='line_1_27' title="bbox 91 2954 1364 3067; baseline 0.002 -38"><span class='ocrx_word' id='word_1_239' title='bbox 91 2954 368 3067; x_wconf 51' lang='lat' dir='ltr'>juffffieorum</span> <span class='ocrx_word' id='word_1_240' title='bbox 389 2971 588 3050; x_wconf 79' lang='lat' dir='ltr'>patientiam,</span> <span class='ocrx_word' id='word_1_241' title='bbox 614 2992 685 3053; x_wconf 85' lang='lat' dir='ltr'>quae</span> <span class='ocrx_word' id='word_1_242' title='bbox 710 2971 749 3033; x_wconf 89' lang='lat' dir='ltr'>ad</span> <span class='ocrx_word' id='word_1_243' title='bbox 774 2972 922 3055; x_wconf 88' lang='lat' dir='ltr'>Gregorii</span> <span class='ocrx_word' id='word_1_244' title='bbox 948 2973 1123 3054; x_wconf 71' lang='lat' dir='ltr'>obsequium</span> <span class='ocrx_word' id='word_1_245' title='bbox 1148 2973 1216 3035; x_wconf 81' lang='lat' dir='ltr'>Rex</span> <span class='ocrx_word' id='word_1_246' title='bbox 1239 2970 1364 3034; x_wconf 87' lang='lat' dir='ltr'>retulit.</span> 
     </span>
     <span class='ocr_line' id='line_1_28' title="bbox 95 3071 1365 3157; baseline 0.003 -26"><span class='ocrx_word' id='word_1_247' title='bbox 95 3072 222 3132; x_wconf 76' lang='lat' dir='ltr'>contemp</span> <span class='ocrx_word' id='word_1_248' title='bbox 259 3071 380 3148; x_wconf 87' lang='lat' dir='ltr'>Paruit,</span> <span class='ocrx_word' id='word_1_249' title='bbox 397 3072 544 3135; x_wconf 89' lang='lat' dir='ltr'>Mauritii</span> <span class='ocrx_word' id='word_1_250' title='bbox 562 3073 689 3156; x_wconf 89' lang='lat' dir='ltr'>jussum</span> <span class='ocrx_word' id='word_1_251' title='bbox 709 3082 858 3137; x_wconf 83' lang='lat' dir='ltr'>executus</span> <span class='ocrx_word' id='word_1_252' title='bbox 873 3082 930 3152; x_wconf 86' lang='lat' dir='ltr'>cst,</span> <span class='ocrx_word' id='word_1_253' title='bbox 947 3075 1050 3157; x_wconf 88' lang='lat' dir='ltr'>legem</span> <span class='ocrx_word' id='word_1_254' title='bbox 1065 3075 1273 3137; x_wconf 68' lang='lat' dir='ltr'>transmisitfl:</span> <span class='ocrx_word' id='word_1_255' title='bbox 1294 3074 1365 3155; x_wconf 91' lang='lat' dir='ltr'>jam</span> 
     </span>
    </p>
   </div>
   <div class='ocr_carea' id='block_1_8' title="bbox 96 3134 1364 3259">
    <p class='ocr_par' dir='ltr' id='par_1_23' title="bbox 96 3134 1364 3259">
     <span class='ocr_line' id='line_1_29' title="bbox 96 3134 1364 3259; baseline 0.01 -33"><span class='ocrx_word' id='word_1_256' title='bbox 96 3134 204 3196; x_wconf 77' lang='lat' dir='ltr'>serunt]</span> <span class='ocrx_word' id='word_1_257' title='bbox 259 3171 286 3233; x_wconf 89' lang='lat' dir='ltr'>si</span> <span class='ocrx_word' id='word_1_258' title='bbox 303 3174 418 3255; x_wconf 88' lang='lat' dir='ltr'>paruit,</span> <span class='ocrx_word' id='word_1_259' title='bbox 433 3181 566 3256; x_wconf 80' lang='lat' dir='ltr'>propter</span> <span class='ocrx_word' id='word_1_260' title='bbox 586 3177 813 3254; x_wconf 74' lang='lat' dir='ltr'>conscientiam,</span> <span class='ocrx_word' id='word_1_261' title='bbox 829 3198 896 3239; x_wconf 91' lang='lat' dir='ltr'>non</span> <span class='ocrx_word' id='word_1_262' title='bbox 911 3183 1044 3259; x_wconf 81' lang='lat' dir='ltr'>propter</span> <span class='ocrx_word' id='word_1_263' title='bbox 1063 3178 1171 3254; x_wconf 59' lang='lat' dir='ltr'>trama</span> <span class='ocrx_word' id='word_1_264' title='bbox 1189 3177 1280 3238; x_wconf 77' lang='lat' dir='ltr'>iroeoe</span> <span class='ocrx_word' id='word_1_265' title='bbox 1298 3197 1364 3238; x_wconf 90' lang='lat' dir='ltr'>me·</span> 
     </span>
    </p>
   </div>
   <div class='ocr_carea' id='block_1_9' title="bbox 258 3277 1366 3774">
    <p class='ocr_par' dir='ltr' id='par_1_24' title="bbox 258 3277 1366 3774">
     <span class='ocr_line' id='line_1_30' title="bbox 258 3277 1365 3363; baseline 0.002 -26"><span class='ocrx_word' id='word_1_266' title='bbox 258 3282 339 3353; x_wconf 88' lang='lat' dir='ltr'>tum,</span> <span class='ocrx_word' id='word_1_267' title='bbox 356 3277 531 3358; x_wconf 90' lang='lat' dir='ltr'>parendum</span> <span class='ocrx_word' id='word_1_268' title='bbox 547 3279 576 3341; x_wconf 89' lang='lat' dir='ltr'>ci</span> <span class='ocrx_word' id='word_1_269' title='bbox 592 3279 663 3357; x_wconf 86' lang='lat' dir='ltr'>fuit,</span> <span class='ocrx_word' id='word_1_270' title='bbox 680 3278 816 3362; x_wconf 86' lang='lat' dir='ltr'>jubente</span> <span class='ocrx_word' id='word_1_271' title='bbox 835 3279 869 3341; x_wconf 92' lang='lat' dir='ltr'>id</span> <span class='ocrx_word' id='word_1_272' title='bbox 889 3279 935 3342; x_wconf 88' lang='lat' dir='ltr'>ita</span> <span class='ocrx_word' id='word_1_273' title='bbox 948 3280 1111 3363; x_wconf 88' lang='lat' dir='ltr'>Apostolo.</span> <span class='ocrx_word' id='word_1_274' title='bbox 1158 3279 1266 3341; x_wconf 88' lang='lat' dir='ltr'>Etiam</span> <span class='ocrx_word' id='word_1_275' title='bbox 1289 3299 1365 3340; x_wconf 90' lang='lat' dir='ltr'>cum</span> 
     </span>
     <span class='ocr_line' id='line_1_31' title="bbox 259 3384 1366 3465; baseline 0.001 -22"><span class='ocrx_word' id='word_1_276' title='bbox 259 3402 300 3443; x_wconf 91' lang='lat' dir='ltr'>ne</span> <span class='ocrx_word' id='word_1_277' title='bbox 321 3388 429 3444; x_wconf 82' lang='lat' dir='ltr'>eontra</span> <span class='ocrx_word' id='word_1_278' title='bbox 450 3384 667 3445; x_wconf 64' lang='lat' dir='ltr'>scindentium</span> <span class='ocrx_word' id='word_1_279' title='bbox 687 3390 844 3465; x_wconf 87' lang='lat' dir='ltr'>parerent,</span> <span class='ocrx_word' id='word_1_280' title='bbox 862 3391 994 3465; x_wconf 81' lang='lat' dir='ltr'>prepter</span> <span class='ocrx_word' id='word_1_281' title='bbox 1014 3385 1231 3447; x_wconf 65' lang='lat' dir='ltr'>conedralium</span> <span class='ocrx_word' id='word_1_282' title='bbox 1253 3390 1366 3446; x_wconf 88' lang='lat' dir='ltr'>tamen</span> 
     </span>
     <span class='ocr_line' id='line_1_32' title="bbox 260 3485 1366 3571; baseline 0.004 -26"><span class='ocrx_word' id='word_1_283' title='bbox 260 3492 435 3566; x_wconf 87' lang='lat' dir='ltr'>paruerunt</span> <span class='ocrx_word' id='word_1_284' title='bbox 458 3486 620 3568; x_wconf 87' lang='lat' dir='ltr'>Martyres</span> <span class='ocrx_word' id='word_1_285' title='bbox 630 3513 638 3563; x_wconf 78' lang='lat'><em>3</em></span> <span class='ocrx_word' id='word_1_286' title='bbox 663 3485 718 3548; x_wconf 90' lang='lat' dir='ltr'>nbi</span> <span class='ocrx_word' id='word_1_287' title='bbox 741 3485 870 3564; x_wconf 88' lang='lat' dir='ltr'>subditi,</span> <span class='ocrx_word' id='word_1_288' title='bbox 887 3495 919 3549; x_wconf 88' lang='lat' dir='ltr'>et</span> <span class='ocrx_word' id='word_1_289' title='bbox 938 3488 974 3549; x_wconf 90' lang='lat' dir='ltr'>in</span> <span class='ocrx_word' id='word_1_290' title='bbox 997 3488 1121 3570; x_wconf 90' lang='lat' dir='ltr'>quibus,</span> <span class='ocrx_word' id='word_1_291' title='bbox 1138 3495 1267 3571; x_wconf 89' lang='lat' dir='ltr'>propter</span> <span class='ocrx_word' id='word_1_292' title='bbox 1287 3508 1366 3550; x_wconf 92' lang='lat' dir='ltr'>con·</span> 
     </span>
     <span class='ocr_line' id='line_1_33' title="bbox 261 3588 1363 3674; baseline 0.001 -23"><span class='ocrx_word' id='word_1_293' title='bbox 261 3588 426 3651; x_wconf 86' lang='lat' dir='ltr'>scientiam</span> <span class='ocrx_word' id='word_1_294' title='bbox 442 3588 570 3665; x_wconf 88' lang='lat' dir='ltr'>subditi,</span> <span class='ocrx_word' id='word_1_295' title='bbox 584 3589 642 3651; x_wconf 86' lang='lat' dir='ltr'>etsi</span> <span class='ocrx_word' id='word_1_296' title='bbox 658 3611 723 3652; x_wconf 93' lang='lat' dir='ltr'>non</span> <span class='ocrx_word' id='word_1_297' title='bbox 740 3591 800 3671; x_wconf 79' lang='lat' dir='ltr'>lepi</span> <span class='ocrx_word' id='word_1_298' title='bbox 815 3592 897 3673; x_wconf 84' lang='lat' dir='ltr'>(quae</span> <span class='ocrx_word' id='word_1_299' title='bbox 911 3591 1022 3674; x_wconf 85' lang='lat' dir='ltr'>iniqua</span> <span class='ocrx_word' id='word_1_300' title='bbox 1036 3592 1127 3673; x_wconf 86' lang='lat' dir='ltr'>forie)</span> <span class='ocrx_word' id='word_1_301' title='bbox 1134 3640 1143 3669; x_wconf 93' lang='lat'>,</span> <span class='ocrx_word' id='word_1_302' title='bbox 1156 3601 1189 3653; x_wconf 89' lang='lat' dir='ltr'>at</span> <span class='ocrx_word' id='word_1_303' title='bbox 1197 3593 1363 3672; x_wconf 76' lang='lat' dir='ltr'>potestati,</span> 
     </span>
     <span class='ocr_line' id='line_1_34' title="bbox 261 3692 1365 3774; baseline 0.005 -24"><span class='ocrx_word' id='word_1_304' title='bbox 261 3710 327 3769; x_wconf 79' lang='lat' dir='ltr'>quoe</span> <span class='ocrx_word' id='word_1_305' title='bbox 347 3712 366 3751; x_wconf 83' lang='lat' dir='ltr'>a</span> <span class='ocrx_word' id='word_1_306' title='bbox 381 3692 471 3753; x_wconf 82' lang='lat' dir='ltr'>Deep</span> <span class='ocrx_word' id='word_1_307' title='bbox 481 3719 491 3763; x_wconf 89' lang='lat'>,·</span> <span class='ocrx_word' id='word_1_308' title='bbox 515 3692 563 3754; x_wconf 86' lang='lat' dir='ltr'>vel</span> <span class='ocrx_word' id='word_1_309' title='bbox 586 3701 666 3769; x_wconf 88' lang='lat' dir='ltr'>tum,</span> <span class='ocrx_word' id='word_1_310' title='bbox 683 3713 757 3755; x_wconf 91' lang='lat' dir='ltr'>eum</span> <span class='ocrx_word' id='word_1_311' title='bbox 778 3693 882 3774; x_wconf 86' lang='lat' dir='ltr'>gladio</span> <span class='ocrx_word' id='word_1_312' title='bbox 903 3702 1012 3757; x_wconf 88' lang='lat' dir='ltr'>tamen</span> <span class='ocrx_word' id='word_1_313' title='bbox 1033 3695 1082 3757; x_wconf 83' lang='lat' dir='ltr'>vel</span> <span class='ocrx_word' id='word_1_314' title='bbox 1103 3695 1205 3756; x_wconf 87' lang='lat' dir='ltr'>securi</span> <span class='ocrx_word' id='word_1_315' title='bbox 1226 3694 1365 3756; x_wconf 87' lang='lat' dir='ltr'>cervices</span> 
     </span>
    </p>
   </div>
   <div class='ocr_carea' id='block_1_10' title="bbox 261 3841 1364 4549">
    <p class='ocr_par' dir='ltr' id='par_1_25' title="bbox 261 3841 1364 4549">
     <span class='ocr_line' id='line_1_35' title="bbox 261 3841 1364 3910; baseline 0.005 -20"><span class='ocrx_word' id='word_1_316' title='bbox 261 3841 428 3890; x_wconf 71' lang='lat' dir='ltr'>binii...de</span> <span class='ocrx_word' id='word_1_317' title='bbox 440 3842 560 3892; x_wconf 88' lang='lat' dir='ltr'>Romanis</span> <span class='ocrx_word' id='word_1_318' title='bbox 578 3844 637 3904; x_wconf 89' lang='lat' dir='ltr'>(nisi</span> <span class='ocrx_word' id='word_1_319' title='bbox 653 3844 744 3906; x_wconf 79' lang='lat' dir='ltr'>fallor),</span> <span class='ocrx_word' id='word_1_320' title='bbox 760 3845 787 3894; x_wconf 91' lang='lat' dir='ltr'>id</span> <span class='ocrx_word' id='word_1_321' title='bbox 832 3848 923 3906; x_wconf 88' lang='lat' dir='ltr'>tianus,</span> <span class='ocrx_word' id='word_1_322' title='bbox 947 3847 1008 3910; x_wconf 91' lang='lat' dir='ltr'>quid</span> <span class='ocrx_word' id='word_1_323' title='bbox 1030 3846 1138 3909; x_wconf 89' lang='lat' dir='ltr'>denique</span> <span class='ocrx_word' id='word_1_324' title='bbox 1166 3846 1221 3905; x_wconf 83' lang='lat' dir='ltr'>iste,</span> <span class='ocrx_word' id='word_1_325' title='bbox 1245 3847 1289 3908; x_wconf 90' lang='lat' dir='ltr'>qui</span> <span class='ocrx_word' id='word_1_326' title='bbox 1315 3846 1364 3896; x_wconf 90' lang='lat' dir='ltr'>hoc</span> 
     </span>
     <span class='ocr_line' id='line_1_36' title="bbox 261 3905 1364 3973; baseline 0.005 -19"><span class='ocrx_word' id='word_1_327' title='bbox 261 3911 299 3954; x_wconf 87' lang='lat' dir='ltr'>est</span> <span class='ocrx_word' id='word_1_328' title='bbox 316 3905 347 3954; x_wconf 93' lang='lat' dir='ltr'>de</span> <span class='ocrx_word' id='word_1_329' title='bbox 362 3920 412 3954; x_wconf 93' lang='lat' dir='ltr'>non</span> <span class='ocrx_word' id='word_1_330' title='bbox 426 3906 696 3957; x_wconf 77' lang='lat' dir='ltr'>Christianis.&#39;&#39;—&#39;l&#39;crt.</span> <span class='ocrx_word' id='word_1_331' title='bbox 713 3909 786 3971; x_wconf 82' lang='lat' dir='ltr'>Apol.</span> <span class='ocrx_word' id='word_1_332' title='bbox 833 3916 883 3959; x_wconf 87' lang='lat' dir='ltr'>tem</span> <span class='ocrx_word' id='word_1_333' title='bbox 904 3927 944 3961; x_wconf 89' lang='lat' dir='ltr'>ore</span> <span class='ocrx_word' id='word_1_334' title='bbox 963 3912 1098 3960; x_wconf 79' lang='lat' dir='ltr'>Ecclesiam</span> <span class='ocrx_word' id='word_1_335' title='bbox 1115 3912 1280 3973; x_wconf 84' lang='lat' dir='ltr'>persequitur,</span> <span class='ocrx_word' id='word_1_336' title='bbox 1291 3925 1364 3960; x_wconf 88' lang='lat' dir='ltr'>nurn-</span> 
     </span>
     <span class='ocr_line' id='line_1_37' title="bbox 262 3971 1363 4087; baseline 0.006 -69"><span class='ocrx_word' id='word_1_337' title='bbox 262 3985 312 4031; x_wconf 84' lang='lat' dir='ltr'>eap.</span> <span class='ocrx_word' id='word_1_338' title='bbox 327 3985 401 4045; x_wconf 66' lang='lat' dir='ltr'>sxxv.</span> <span class='ocrx_word' id='word_1_339' title='bbox 415 3971 595 4047; x_wconf 66' lang='lat' dir='ltr'>Gp.,p.29.B,</span> <span class='ocrx_word' id='word_1_340' title='bbox 832 3976 876 4087; x_wconf 54' lang='lat' dir='ltr'>gni</span> <span class='ocrx_word' id='word_1_341' title='bbox 915 3991 965 4024; x_wconf 91' lang='lat' dir='ltr'>non</span> <span class='ocrx_word' id='word_1_342' title='bbox 990 3990 1076 4024; x_wconf 90' lang='lat' dir='ltr'>omncs</span> <span class='ocrx_word' id='word_1_343' title='bbox 1103 3980 1183 4038; x_wconf 77' lang='lat' dir='ltr'>portae</span> <span class='ocrx_word' id='word_1_344' title='bbox 1206 3976 1363 4025; x_wconf 80' lang='lat' dir='ltr'>inscri.”—S.</span> 
     </span>
     <span class='ocr_line' id='line_1_38' title="bbox 294 4035 1362 4102; baseline 0.007 -20"><span class='ocrx_word' id='word_1_345' title='bbox 294 4035 358 4083; x_wconf 78' lang='lat' dir='ltr'>“Sic</span> <span class='ocrx_word' id='word_1_346' title='bbox 377 4040 403 4082; x_wconf 89' lang='lat' dir='ltr'>et</span> <span class='ocrx_word' id='word_1_347' title='bbox 418 4049 484 4084; x_wconf 79' lang='lat' dir='ltr'>cirea</span> <span class='ocrx_word' id='word_1_348' title='bbox 501 4037 658 4098; x_wconf 83' lang='lat' dir='ltr'>majestatem</span> <span class='ocrx_word' id='word_1_349' title='bbox 682 4037 788 4100; x_wconf 88' lang='lat' dir='ltr'>impera·</span> <span class='ocrx_word' id='word_1_350' title='bbox 857 4055 906 4101; x_wconf 85' lang='lat' dir='ltr'>reg.</span> <span class='ocrx_word' id='word_1_351' title='bbox 921 4040 955 4088; x_wconf 81' lang='lat' dir='ltr'>M.</span> <span class='ocrx_word' id='word_1_352' title='bbox 966 4041 993 4088; x_wconf 86' lang='lat' dir='ltr'>in</span> <span class='ocrx_word' id='word_1_353' title='bbox 1004 4040 1042 4087; x_wconf 89' lang='lat' dir='ltr'>Ps.</span> <span class='ocrx_word' id='word_1_354' title='bbox 1052 4041 1082 4088; x_wconf 90' lang='lat' dir='ltr'>ci.</span> <span class='ocrx_word' id='word_1_355' title='bbox 1096 4042 1156 4098; x_wconf 73' lang='grc'>526.</span> <span class='ocrx_word' id='word_1_356' title='bbox 1175 4039 1231 4102; x_wconf 77' lang='lat' dir='ltr'>Op,</span> <span class='ocrx_word' id='word_1_357' title='bbox 1248 4043 1310 4088; x_wconf 87' lang='lat' dir='ltr'>tom.</span> <span class='ocrx_word' id='word_1_358' title='bbox 1324 4041 1362 4089; x_wconf 84' lang='lat' dir='ltr'>iii.</span> 
     </span>
     <span class='ocr_line' id='line_1_39' title="bbox 261 4098 1106 4167; baseline 0.006 -21"><span class='ocrx_word' id='word_1_359' title='bbox 261 4098 323 4146; x_wconf 87' lang='lat' dir='ltr'>toris</span> <span class='ocrx_word' id='word_1_360' title='bbox 334 4099 492 4155; x_wconf 78' lang='lat' dir='ltr'>infamamur,</span> <span class='ocrx_word' id='word_1_361' title='bbox 504 4104 590 4149; x_wconf 88' lang='lat' dir='ltr'>tamen</span> <span class='ocrx_word' id='word_1_362' title='bbox 604 4115 733 4163; x_wconf 87' lang='lat' dir='ltr'>nunquam</span> <span class='ocrx_word' id='word_1_363' title='bbox 747 4102 788 4150; x_wconf 85' lang='lat' dir='ltr'>Al·</span> <span class='ocrx_word' id='word_1_364' title='bbox 833 4118 884 4167; x_wconf 89' lang='lat' dir='ltr'>par.</span> <span class='ocrx_word' id='word_1_365' title='bbox 897 4105 923 4152; x_wconf 92' lang='lat' dir='ltr'>ii.</span> <span class='ocrx_word' id='word_1_366' title='bbox 937 4105 982 4152; x_wconf 90' lang='lat' dir='ltr'>eol.</span> <span class='ocrx_word' id='word_1_367' title='bbox 995 4107 1048 4153; x_wconf 78' lang='lat'>532.</span> <span class='ocrx_word' id='word_1_368' title='bbox 1063 4103 1106 4166; x_wconf 87' lang='lat' dir='ltr'>B.]</span> 
     </span>
     <span class='ocr_line' id='line_1_40' title="bbox 261 4163 1363 4232; baseline 0.007 -22"><span class='ocrx_word' id='word_1_369' title='bbox 261 4163 367 4221; x_wconf 86' lang='lat' dir='ltr'>biniani,</span> <span class='ocrx_word' id='word_1_370' title='bbox 390 4177 435 4210; x_wconf 91' lang='lat' dir='ltr'>nec</span> <span class='ocrx_word' id='word_1_371' title='bbox 459 4163 586 4225; x_wconf 83' lang='lat' dir='ltr'>Nigriani,</span> <span class='ocrx_word' id='word_1_372' title='bbox 609 4166 648 4214; x_wconf 83' lang='lat' dir='ltr'>vel</span> <span class='ocrx_word' id='word_1_373' title='bbox 676 4166 788 4216; x_wconf 85' lang='lat' dir='ltr'>Cassiani</span> <span class='ocrx_word' id='word_1_374' title='bbox 864 4176 876 4198; x_wconf 79' lang='lat'>⁸¹</span> <span class='ocrx_word' id='word_1_375' title='bbox 902 4168 936 4232; x_wconf 90' lang='lat' dir='ltr'>[S.</span> <span class='ocrx_word' id='word_1_376' title='bbox 949 4168 1022 4229; x_wconf 88' lang='lat' dir='ltr'>Greg.</span> <span class='ocrx_word' id='word_1_377' title='bbox 1042 4168 1108 4230; x_wconf 84' lang='lat' dir='ltr'>Meg.</span> <span class='ocrx_word' id='word_1_378' title='bbox 1133 4167 1176 4216; x_wconf 90' lang='lat' dir='ltr'>lib.</span> <span class='ocrx_word' id='word_1_379' title='bbox 1193 4168 1229 4217; x_wconf 90' lang='lat' dir='ltr'>iii.</span> <span class='ocrx_word' id='word_1_380' title='bbox 1251 4169 1307 4217; x_wconf 91' lang='lat' dir='ltr'>lnd.</span> <span class='ocrx_word' id='word_1_381' title='bbox 1328 4171 1363 4219; x_wconf 89' lang='lat' dir='ltr'>xi.</span> 
     </span>
     <span class='ocr_line' id='line_1_41' title="bbox 261 4227 1364 4297; baseline 0.008 -22"><span class='ocrx_word' id='word_1_382' title='bbox 261 4227 515 4289; x_wconf 74' lang='lat' dir='ltr'>inveniripctueraut</span> <span class='ocrx_word' id='word_1_383' title='bbox 529 4229 788 4279; x_wconf 74' lang='lat' dir='ltr'>Christiani.’&#39;-&#39;l&#39;ert.</span> <span class='ocrx_word' id='word_1_384' title='bbox 834 4231 879 4294; x_wconf 80' lang='lat' dir='ltr'>Ep.</span> <span class='ocrx_word' id='word_1_385' title='bbox 899 4233 948 4280; x_wconf 79' lang='lat' dir='ltr'>lxv.</span> <span class='ocrx_word' id='word_1_386' title='bbox 973 4232 1014 4292; x_wconf 74' lang='lat' dir='ltr'>lad</span> <span class='ocrx_word' id='word_1_387' title='bbox 1038 4232 1132 4280; x_wconf 83' lang='lat' dir='ltr'>Maurit</span> <span class='ocrx_word' id='word_1_388' title='bbox 1162 4233 1285 4297; x_wconf 83' lang='lat' dir='ltr'>August.)</span> <span class='ocrx_word' id='word_1_389' title='bbox 1306 4233 1364 4297; x_wconf 82' lang='lat' dir='ltr'>Op,</span> 
     </span>
     <span class='ocr_line' id='line_1_42' title="bbox 261 4291 1157 4359; baseline 0.007 -19"><span class='ocrx_word' id='word_1_390' title='bbox 261 4291 293 4340; x_wconf 89' lang='lat' dir='ltr'>ed</span> <span class='ocrx_word' id='word_1_391' title='bbox 302 4292 372 4354; x_wconf 86' lang='lat' dir='ltr'>Scap.</span> <span class='ocrx_word' id='word_1_392' title='bbox 384 4306 437 4353; x_wconf 88' lang='lat' dir='ltr'>cap.</span> <span class='ocrx_word' id='word_1_393' title='bbox 448 4293 473 4340; x_wconf 82' lang='lat' dir='ltr'>ii.</span> <span class='ocrx_word' id='word_1_394' title='bbox 487 4292 541 4355; x_wconf 74' lang='lat' dir='ltr'>Op,</span> <span class='ocrx_word' id='word_1_395' title='bbox 551 4309 575 4355; x_wconf 89' lang='lat' dir='ltr'>p.</span> <span class='ocrx_word' id='word_1_396' title='bbox 588 4298 625 4343; x_wconf 87' lang='grc'>69.</span> <span class='ocrx_word' id='word_1_397' title='bbox 641 4293 683 4355; x_wconf 90' lang='lat' dir='ltr'>B.]</span> <span class='ocrx_word' id='word_1_398' title='bbox 834 4301 894 4345; x_wconf 85' lang='lat' dir='ltr'>tom.</span> <span class='ocrx_word' id='word_1_399' title='bbox 908 4297 933 4344; x_wconf 86' lang='lat' dir='ltr'>ii.</span> <span class='ocrx_word' id='word_1_400' title='bbox 946 4297 993 4345; x_wconf 89' lang='lat' dir='ltr'>coi.</span> <span class='ocrx_word' id='word_1_401' title='bbox 1005 4297 1060 4346; x_wconf 82' lang='grc'><strong>677,</strong></span> <span class='ocrx_word' id='word_1_402' title='bbox 1075 4296 1102 4344; x_wconf 88' lang='grc' dir='ltr'>Β.</span> <span class='ocrx_word' id='word_1_403' title='bbox 1115 4297 1157 4359; x_wconf 79' lang='lat' dir='ltr'>G]</span> 
     </span>
     <span class='ocr_line' id='line_1_43' title="bbox 292 4353 1094 4423; baseline 0.002 -17"><span class='ocrx_word' id='word_1_404' title='bbox 292 4353 437 4419; x_wconf 88' lang='lat' dir='ltr'>¹[Bell.de</span> <span class='ocrx_word' id='word_1_405' title='bbox 456 4356 525 4405; x_wconf 86' lang='lat' dir='ltr'>Rom.</span> <span class='ocrx_word' id='word_1_406' title='bbox 544 4357 616 4407; x_wconf 80' lang='lat' dir='ltr'>Pont</span> <span class='ocrx_word' id='word_1_407' title='bbox 634 4358 679 4407; x_wconf 87' lang='lat' dir='ltr'>lib.</span> <span class='ocrx_word' id='word_1_408' title='bbox 698 4374 788 4422; x_wconf 74' lang='lat' dir='ltr'>ueap.</span> <span class='ocrx_word' id='word_1_409' title='bbox 866 4369 877 4392; x_wconf 85' lang='lat'><strong>⁰</strong></span> <span class='ocrx_word' id='word_1_410' title='bbox 905 4360 1094 4423; x_wconf 78' lang='lat' dir='ltr'>Rom.xiii.5.]</span> 
     </span>
     <span class='ocr_line' id='line_1_44' title="bbox 261 4361 1087 4549; baseline 0.01 -18"><span class='ocrx_word' id='word_1_411' title='bbox 261 4419 428 4547; x_wconf 47' lang='grc' dir='ltr'>7.ρῖκὸουῖῒί</span> <span class='ocrx_word' id='word_1_412' title='bbox 437 4420 675 4549; x_wconf 52' lang='lat' dir='ltr'>iedinichNquuid</span> <span class='ocrx_word' id='word_1_413' title='bbox 693 4486 789 4538; x_wconf 81' lang='lat' dir='ltr'>Diocle</span> <span class='ocrx_word' id='word_1_414' title='bbox 865 4433 876 4464; x_wconf 80' lang='lat'>¹²</span> <span class='ocrx_word' id='word_1_415' title='bbox 893 4361 975 4488; x_wconf 44' lang='lat' dir='ltr'>{Rom</span> <span class='ocrx_word' id='word_1_416' title='bbox 987 4426 1042 4475; x_wconf 41' lang='lat' dir='ltr'>xm·</span> <span class='ocrx_word' id='word_1_417' title='bbox 1056 4426 1087 4488; x_wconf 89' lang='lat' dir='ltr'>i.]</span> 
     </span>
     <span class='ocr_line' id='line_1_45' title="bbox 596 4523 604 4547; baseline 0 0"><span class='ocrx_word' id='word_1_418' title='bbox 596 4523 604 4547; x_wconf 77' lang='grc'><strong><em>1</em></strong></span> 
     </span>
    </p>
   </div>
   <div class='ocr_carea' id='block_1_11' title="bbox 0 0 1466 4926">
    <p class='ocr_par' dir='ltr' id='par_1_26' title="bbox 0 0 1466 4926">
     <span class='ocr_line' id='line_1_46' title="bbox 0 0 1466 4926; baseline 0 0"><span class='ocrx_word' id='word_1_419' title='bbox 0 0 1466 4926; x_wconf 95' lang='lat' dir='ltr'> </span> 
     </span>
    </p>
   </div>
  </div>
 </body>
</html>
