2910 4926
445 272 625 320 emmanu
647 270 829 319 nassonem.
1128 255 1194 319 209

86 424 140 490 Ad
160 445 194 488 os
216 447 384 520 rmumnres
397 425 491 490 redit.
541 426 665 489 Certum
678 424 920 506 fundamentum
943 424 1192 509 Scripturarum,

85 529 120 592 in
135 550 188 593 ore
199 529 372 611 Pontificiu,
389 550 473 613 saepe
484 530 620 612 impur0,
636 528 799 593 interdum
815 536 848 592 et
863 528 1060 612 blasphemo.
1107 530 1191 593 Con-

85 632 160 695 cilia
172 632 243 716 ipsa
257 633 462 716 quantumvis
477 633 629 715 legitima,
653 633 801 696 Pastores
815 631 913 695 vestri
930 631 1038 709 medii,
1066 653 1193 695 summo

84 735 222 819 proximi
250 735 449 817 (cardinales
475 737 538 820 ipsi
563 736 710 816 scilicet),
735 756 841 799 errare
861 742 1008 818 possunt,
1033 741 1191 813 errarunt,

85 838 205 924 absque
234 840 296 903 hoc
326 861 381 903 ore
411 841 454 903 sit
480 841 621 903 Pastoris
651 840 778 916 summi,
806 860 977 903 arenosum
1003 859 1116 903 omues
1145 839 1190 919 hi,

84 942 244 1007 incertum
252 941 503 1023 fundamentum.
550 944 682 1007 Certum
698 948 856 1006 autemst
876 942 1017 1019 firmum,
1037 962 1140 1005 unum
1156 964 1191 1006 os

83 1044 174 1122 illud,
191 1046 243 1108 cui
258 1046 313 1128 qui
328 1068 395 1110 non
410 1046 522 1123 credit,
537 1047 604 1108 siue
620 1051 703 1108 certo
712 1044 921 1125 fundamento
937 1045 1046 1107 credit.
1078 1045 1189 1108 Dixin’

83 1147 183 1222 vobis,
196 1157 311 1213 caetera
325 1148 380 1212 illa
399 1150 482 1212 nihil
497 1170 574 1226 esse,
590 1149 751 1212 labascere
767 1147 888 1224 statim,
905 1147 974 1210 sine
982 1146 1190 1226 fundamento

83 1250 145 1314 hoc
169 1258 252 1315 certo
278 1255 408 1335 proprio
434 1253 518 1331 fidei,
545 1274 608 1336 qua
631 1253 767 1315 credunt
794 1253 842 1313 ori
865 1252 1056 1332 Pontifici-s?
1101 1253 1188 1315 Nam

83 1354 286 1437 Augustinus
300 1357 401 1418 minus
415 1355 468 1419 hic
483 1362 573 1418 caute
588 1356 709 1418 locutos
724 1360 770 1417 est
782 1367 804 1432 ⁰,
821 1353 911 1430 dixit,
928 1353 1002 1415 Nisi
1016 1374 1064 1416 me
1078 1355 1189 1417 Eccle·
1222 1373 1227 1385 ·

82 1458 137 1520 rire
161 1465 361 1521 commoveret
383 1461 597 1531 arctatus·
621 1458 815 1535 addendum,
833 1478 894 1538 per
911 1458 1022 1519 summi
1042 1458 1189 1522 Pastoris

82 1581 118 1623 os
143 1563 314 1644 loquentis,·
338 1563 423 1646 quod
450 1565 548 1627 miror
571 1562 611 1626 ab
637 1562 821 1644 Augustino
846 1561 1105 1644 praetermissum,
1131 1563 1188 1625 sed

83 1665 243 1747 supplevit
269 1666 323 1728 hic
350 1667 538 1730 Cardinalis.
585 1666 649 1729 Sed
673 1686 779 1748 neque
806 1664 952 1729 Ecclesia
973 1664 1037 1742 illa,
1062 1665 1102 1729 dc
1125 1688 1188 1750 qua

81 1767 294 1850 Augustinus,
320 1768 463 1832 Ecclesia
487 1777 594 1832 vestra
610 1769 678 1852 jam
700 1774 748 1831 cst
760 1793 769 1843 ς
792 1788 914 1846 verum,
936 1787 1007 1850 quae
1029 1767 1091 1830 fuit
1109 1768 1186 1832 olim

83 1877 311 1959 Apostolorum
324 1885 478 1960 tempore.
523 1879 567 1940 Et
581 1877 753 1940 auctoritas
765 1897 979 1954 commovens,
996 1875 1185 1956 fundamen-

84 1987 149 2043 tum
163 2001 230 2043 non
246 1990 313 2045 est:
336 1983 380 2045 Et
396 1981 458 2044 alia
472 1982 603 2044 Ettuici
617 1981 710 2058 ratio,
726 1979 823 2043 etiam
840 1980 879 2043 de
896 1980 1069 2063 Scripturis
1085 1981 1184 2059 dubii,

83 2083 145 2146 alia
168 2084 280 2161 nostri,
303 2085 358 2167 qui
383 2085 418 2147 in
440 2084 583 2148 Ecclesia
608 2083 687 2162 nati,
711 2083 920 2165 anticipatum
947 2082 987 2146 (le
1012 2083 1186 2165 Scripturis

83 2186 250 2250 notionem
275 2186 443 2251 habemus.
493 2190 536 2251 Et
552 2208 622 2271 quae
642 2187 688 2251 ibi
703 2186 781 2249 dicit
796 2185 1009 2271 Augustinus,
1026 2186 1066 2249 de
1081 2187 1185 2270 scipso

83 2288 172 2368 dicit,
196 2311 270 2353 cum
297 2291 336 2353 de
363 2291 553 2354 Maniclraeis
572 2292 640 2375 jam
663 2291 832 2354 transisset
855 2290 904 2369 ad,
921 2290 1116 2354 Ecclesiam:
1151 2289 1184 2353 id

82 2400 191 2456 autem
206 2415 272 2456 non
288 2393 375 2471 dicit,
392 2416 558 2477 nunquam
574 2395 704 2472 diceret,
722 2393 787 2460 Qui
804 2393 977 2476 Scripturis
992 2393 1062 2457 sine
1072 2394 1183 2457 Eccle-

82 2494 136 2558 siae
160 2497 349 2560 auctoritate
366 2498 476 2577 credit,
498 2498 628 2579 (nedum
650 2505 758 2561 autem
780 2499 847 2560 siue
869 2517 922 2560 ore
943 2498 1054 2561 summi
1071 2499 1184 2561 Ponti-

73 2596 160 2680 ficis)
182 2601 249 2662 sine
272 2606 354 2662 certo
370 2598 578 2680 fiendummto
600 2602 701 2664 credit
713 2627 721 2678 ς
745 2622 792 2680 ac,
808 2622 866 2684 per
885 2601 957 2679 hoc,
972 2602 1103 2682 proprie
1124 2622 1185 2664 rou

81 2702 190 2763 credit.

116 2843 190 2894 Unde
200 2845 298 2896 habetis
310 2846 451 2910 Scripturas
465 2848 543 2912 primi
555 2847 652 2897 ordinis
663 2863 715 2898 essa
727 2885 733 2897 .
746 2885 751 2896 .
765 2847 920 2900 .Canonicas
930 2864 936 2897 z
948 2885 954 2897 .
967 2885 973 2898 .
987 2884 993 2898 .
1004 2846 1108 2898 secundi
1117 2847 1181 2898 ordi·

145 2926 186 2976 nis
196 2941 248 2976 non
259 2942 311 2976 esse
326 2928 420 2977 talesl.
434 2965 440 2976 .
452 2964 458 2976 .
471 2965 477 2976 .
490 2928 620 2993 Scriptura
630 2943 753 2991 nusquam
765 2928 838 2979 <locat
849 2930 927 2979 libros
938 2929 1063 2979 Hebraico
1074 2931 1181 2994 scriptos

145 3022 197 3058 esse
207 3008 353 3068 Canonicos,
363 3010 426 3058 alios
439 3025 490 3059 non
502 3025 561 3059 esse.
595 3010 621 3060 N
622 3026 684 3074 eque
700 3026 800 3074 acquum
813 3017 851 3060 est
866 3012 989 3075 Spiritum
1002 3012 1122 3087 Sanctum
1135 3047 1160 3060 ..
1177 3048 1183 3060 .

145 3089 250 3151 alligare
261 3090 325 3139 velle
336 3090 369 3140 ad
384 3091 497 3153 linguam
511 3091 670 3152 Hebruicam,
683 3097 712 3141 ut
723 3093 739 3141 J
743 3091 807 3141 ndrei
824 3092 1122 3158 iaciunt—[Bell'llpol
1134 3108 1180 3156 pro

146 3169 231 3234 Resp]
249 3186 273 3235 p.
285 3172 323 3222 ts.
341 3172 408 3236 [Op.‚
419 3173 531 3221 tomrii.
543 3173 589 3222 col.
602 3172 657 3224 718.
670 3173 698 3223 Β.
707 3173 745 3237 0.]

125 3270 295 3354 Componit
322 3280 393 3354 post
418 3272 560 3335 Genesin
584 3294 658 3334 cum
679 3273 806 3350 Judith,
827 3273 926 3337 libros
952 3275 1077 3356 Regum
1105 3287 1343 3352 sumomonte

80 3372 169 3435 libris
184 3373 457 3438 Machabaeorum.
504 3374 589 3437 Satis
604 3376 712 3458 inepte
736 3378 846 3458 querit
867 3382 950 3459 post,
966 3377 1047 3439 uude
1064 3376 1178 3439 lrabea-
1192 3354 1326 3468 itpffiagt

79 3495 147 3538 mus
172 3477 343 3540 Conontcos
364 3478 444 3555 illos,
465 3480 521 3540 tos
542 3499 614 3541 vero
636 3480 841 3560 Apompptos
866 3499 940 3542 esse.
990 3480 1068 3543 Non
1092 3480 1177 3543 enirn
1192 3481 1232 3531 bis
1246 3487 1277 3559 'at
1294 3482 1343 3533 He·

79 3578 190 3643 hocin
206 3579 302 3643 sacn’s
315 3580 417 3643 literis
433 3581 596 3663 scriptum,
613 3582 749 3644 totidem
764 3582 877 3645 verbis.
924 3584 1001 3646 Non
1017 3589 1066 3646 est
1081 3590 1177 3646 certe.
1191 3546 1285 3612 braia]

78 3681 172 3759 Tum,
185 3703 227 3744 au
237 3682 393 3744 Hebraice
406 3684 518 3764 scripti
529 3684 578 3745 illi
591 3685 664 3761 sint,
681 3685 714 3746 lai
729 3705 790 3746 uon
800 3686 889 3748 siret?
908 3691 941 3748 ut
956 3707 994 3748 ae
1007 3686 1044 3747 td
1056 3686 1179 3768 quidem

77 3784 186 3847 docere
212 3786 418 3866 Scriptorum.
464 3786 565 3868 Atqui
584 3808 658 3851 vero
684 3787 717 3850 id
744 3788 901 3871 scriptura
924 3789 1027 3868 docet,
1058 3791 1178 3854 Jadaeis

77 3888 198 3950 credita
218 3908 283 3950 esse
303 3890 424 3969 eloquio
443 3889 528 3951 Deitl
538 3916 548 3962 ;
572 3898 678 3954 vestra
695 3898 803 3955 autem
825 3892 894 3955 haec
909 3893 1098 3974 Apocrpplto
1113 3896 1178 3956 illis

78 3991 198 4053 credito
226 4013 291 4054 non
322 4012 401 4068 csse,
431 3992 585 4055 concedet
619 3994 706 4075 (scio)
740 3995 929 4058 Cardinalis.
989 3996 1072 4060 Elici
1102 4018 1177 4079 ergo

78 4113 95 4156 e
126 4093 299 4177 Scripturis
328 4116 394 4158 non
424 4095 521 4157 alium
548 4096 697 4159 Ecclesia
724 4098 900 4174 Canonem,
924 4099 1041 4180 (quoad
1065 4100 1176 4162 Testa-

110 4278 232 4343 ⁰[Verba
262 4278 410 4328 Bellarmini
438 4278 470 4329 da
498 4280 604 4331 Nicolao
647 4297 709 4341 rem,
732 4284 782 4332 nisi
805 4298 845 4332 me
868 4283 986 4333 Ecclesia
1009 4290 1178 4334 commoveret

79 4341 284 4403 Lyrna—vide
304 4343 367 4394 Bell.
388 4343 420 4394 de
441 4344 512 4393 Rom.
532 4345 605 4396 Pont.
647 4348 863 4397 auctoritas.''—S.
875 4350 939 4410 Aug.
957 4353 1035 4398 contr.
1054 4349 1099 4412 Ep.
1113 4349 1177 4399 Fun·

79 4407 123 4457 lib.
133 4409 159 4457 ii.
172 4423 226 4471 cap.
236 4411 274 4457 10.
286 4407 307 4457 0
328 4446 341 4468 .,
349 4414 410 4457 tom.
420 4409 436 4457 i.
448 4424 472 4473 p.
482 4412 535 4459 163.
547 4410 567 4459 E
648 4410 714 4461 dam,
725 4427 777 4475 cap.
785 4429 808 4461 v.
822 4412 877 4476 Op„
889 4421 949 4462 tom.
957 4412 1010 4462 viii.
1018 4413 1064 4463 col.
1072 4415 1127 4464 270.
1135 4414 1177 4479 A]

110 4481 121 4512 Ρ
137 4472 164 4537 [“
175 4472 229 4534 Ego
241 4487 300 4522 vero
309 4423 451 4536 Evangelio
461 4489 513 4523 uon
525 4409 606 4524 crerie-
682 4485 692 4516 r
710 4477 782 4526 Rom.
792 4477 864 4560 iii-2.

119 4569 362 4605 rannerus-urar.
901 4577 918 4624 p
