2910 4926
272 266 337 332 370
583 278 626 325 ur>
648 277 839 326 eunomius
860 276 1058 325 annunmur

272 435 422 518 cuiquam
447 431 569 511 firisset,
596 431 623 496 si
650 432 842 515 Scripturas,
867 452 947 515 quas
972 432 1153 515 intelligere
1179 437 1296 515 posset,
1326 431 1372 514 (id

272 541 346 621 est)
362 537 399 600 in
419 536 624 601 vernaculam
647 535 792 619 linguam
816 555 997 614 conversas,
1012 534 1133 599 habere
1152 535 1238 618 apud
1258 555 1293 599 se
1315 535 1372 598 de-

272 642 449 725 prehensus
463 647 556 704 esset.
602 639 675 703 Nec
689 639 830 701 historiis
844 659 934 721 opus,
944 659 1005 703 nee
1019 640 1166 717 Auctore,
1183 638 1238 722 qui
1252 638 1372 702 tradat.

276 745 426 809 Vidimus
441 744 503 827 ipsi
522 764 615 827 saepe.
660 742 775 806 Nostri
789 742 948 820 homines,
965 742 1020 826 qui
1037 741 1235 825 (priusquam
1255 741 1373 805 hostile

273 849 350 933 quid
372 849 458 912 inter
479 868 579 930 regna
604 845 729 930 pridem
754 845 944 929 accidisset)
969 845 1095 909 itabant
1120 845 1155 907 in
1182 844 1374 927 Hispaniam

273 950 455 1015 commercii
489 970 595 1025 causa,
625 970 754 1013 necesse
790 949 964 1028 habebant,
998 970 1071 1032 quae
1106 946 1374 1012 circumferebant

274 1053 389 1132 Biblia,
410 1053 558 1117 defodere
573 1053 609 1117 in
630 1052 738 1117 focum
758 1054 938 1133 nauticum,
960 1061 1057 1136 atque
1076 1053 1162 1136 (cum
1176 1073 1215 1116 eo
1230 1052 1373 1135 Inquisi-

273 1165 369 1236 tcres,
386 1157 472 1240 qnod
487 1156 624 1220 subinde
638 1156 809 1236 faciebant,
824 1157 1031 1238 cantitarent)
1047 1156 1248 1219 luculentum
1263 1156 1374 1238 ignem

274 1259 553 1346 superaccendere,
583 1280 626 1323 ne
655 1280 693 1323 eo
718 1259 782 1323 loci
807 1266 996 1344 quaererent.
1041 1257 1256 1322 Excutiebant
1285 1258 1374 1322 enim

273 1362 385 1427 omnia
408 1361 530 1441 sedule,
547 1362 643 1445 quod,
659 1361 762 1426 sicubi
781 1362 832 1426 vel
854 1363 891 1425 in
910 1363 1154 1426 Testamentum
1179 1382 1308 1438 novum,
1322 1359 1375 1423 vel

275 1463 368 1528 Pauli
382 1463 553 1547 Epistolas,
565 1463 615 1528 vel
631 1463 822 1528 Psalterinm
836 1464 998 1528 incautius
1013 1463 1161 1527 relictum
1175 1461 1375 1538 incidissent,

267 1564 408 1649 flammis
435 1565 592 1629 luendum
621 1573 709 1644 erat3
744 1566 842 1630 etiam
868 1564 959 1628 navis
984 1565 1055 1648 ipsa
1080 1583 1266 1646 mercesque
1292 1562 1375 1627 inibi

275 1690 387 1733 omnes
408 1668 541 1734 abibant
564 1671 600 1733 in
622 1669 737 1751 sircam
758 1670 854 1734 illico.
913 1670 987 1735 Quo
1006 1668 1042 1731 in
1065 1688 1193 1751 genere,
1213 1675 1291 1751 quot
1313 1687 1377 1750 ego

275 1769 337 1834 tibi
351 1776 507 1834 nostrates
520 1771 687 1836 nominare
701 1771 851 1854 possem?
897 1770 1009 1834 Unum
1031 1769 1163 1832 nominc
1186 1767 1283 1850 Regis
1296 1766 1376 1831 sub-

275 1873 391 1950 ditum,
428 1876 589 1939 Joannem
626 1875 811 1940 Moravium
853 1874 1069 1938 Mercatorem
1098 1871 1375 1936 Aberdonensem.

276 1978 311 2041 Is
332 1977 472 2041 habebat
492 1999 600 2042 seeum
623 1979 659 2042 in
678 1977 753 2042 navi
773 1979 1016 2042 Testamentum
1039 1996 1178 2040 novum:
1211 1974 1335 2038 delatus
1357 1997 1379 2038 a

276 2082 491 2166 Sycophanta,
507 2084 641 2164 capitale
656 2083 757 2146 sensit
772 2083 868 2146 tidros
887 2101 995 2145 sacros
1016 2082 1181 2164 attinpere.
1227 2080 1325 2156 Nam,
1342 2085 1377 2142 et

275 2204 341 2247 rem
356 2184 472 2263 amisit,
488 2193 521 2248 et
535 2187 642 2249 citam.
679 2186 726 2250 At
739 2185 779 2248 lis
795 2185 893 2248 etiam
908 2183 971 2247 fnit
986 2183 1026 2247 de
1040 2182 1235 2266 reliquorum
1249 2181 1285 2244 in
1300 2181 1378 2245 navi

275 2286 445 2366 mercibus,
461 2309 542 2371 quos
557 2309 596 2352 ea
610 2309 706 2352 causa
719 2309 787 2351 uon
801 2286 942 2364 tenebat,
959 2307 1059 2370 eaque
1072 2307 1130 2369 per
1143 2285 1378 2368 quatuordecim

271 2389 342 2473 jam
372 2410 469 2454 annor
493 2390 650 2473 producta
675 2399 734 2469 est,
758 2397 796 2454 ut
823 2389 904 2472 Regi
927 2411 995 2453 non
1022 2389 1070 2452 ita
1094 2387 1217 2472 pridem
1246 2409 1379 2452 necesse

276 2493 385 2573 fucrit,
410 2494 595 2558 interventu
617 2494 819 2558 auctoritatis
843 2514 919 2573 suae,
944 2501 977 2557 et
1001 2492 1122 2576 gratiae,
1146 2492 1232 2576 apud
1255 2492 1377 2575 Hispa·

275 2616 356 2658 num
371 2617 475 2679 agere,
497 2618 555 2660 sua
576 2605 614 2660 ut
636 2597 700 2660 illis
723 2596 850 2659 restitui
864 2603 1006 2679 possent,
1022 2617 1102 2659 neve
1117 2596 1232 2679 reliqui
1247 2595 1303 2673 illi,
1320 2597 1378 2678 qui

276 2698 399 2760 crimen
413 2697 499 2761 idem
515 2719 582 2761 non
597 2698 800 2762 admisissent
817 2700 983 2781 (magnum
1006 2698 1126 2761 scilicet
1146 2699 1277 2775 crimen,
1294 2700 1381 2779 pacat

275 2799 383 2862 Bittio
403 2820 500 2881 penes
518 2821 551 2863 se
571 2800 728 2882 taberent)
749 2800 861 2864 eadem
881 2801 1009 2884 jactura
1024 2799 1182 2863 bonorum
1196 2801 1380 2883 plecteren-

275 2910 339 2966 tur.
386 2902 523 2966 Utinam
543 2902 612 2966 haec
636 2924 701 2966 non
725 2902 821 2965 nimis
844 2910 932 2980 ncta,
956 2924 1016 2967 nee
1038 2903 1140 2981 aliter,
1164 2903 1237 2980 acio,
1263 2902 1379 2985 (quau-

275 3013 474 3089 tumounque
500 3028 568 3070 rem
594 3007 774 3070 cardinalis
801 3006 1003 3088 dissimulat)
1035 3006 1085 3071 vel
1112 3008 1224 3070 Romae
1247 3006 1377 3071 vivitur.

276 3109 409 3193 Ubique
439 3110 569 3193 quidem
599 3110 685 3193 apud
709 3131 765 3173 vos
796 3111 903 3193 (qnam
929 3112 994 3175 late
1020 3119 1109 3194 patet
1132 3132 1189 3194 per
1213 3111 1379 3193 Europam

276 3213 462 3277 Christiana
491 3214 553 3295 res)
582 3213 748 3296 proverbio
775 3215 934 3297 jactatum
962 3221 1019 3292 est,
1048 3215 1139 3277 Olore
1159 3213 1292 3294 fascem,
1321 3215 1379 3296 qui

274 3315 375 3379 libros
391 3336 497 3379 sacros
512 3316 546 3378 in
561 3315 633 3378 sinu
647 3315 757 3392 ferret,
770 3316 863 3398 quive
879 3316 1022 3380 Psalmos
1037 3314 1168 3379 Davidis
1183 3315 1377 3378 cantillarct.

308 3469 397 3533 Neque
408 3470 455 3521 hoc
465 3486 552 3520 verum
563 3474 603 3520 est
612 3471 710 3533 (ignota
717 3471 806 3533 lingua
816 3470 976 3520 absconditos
982 3470 1090 3533 jacuisse
1099 3471 1116 3532 ι)
1135 3467 1194 3518 Non
1206 3469 1275 3518 euim
1285 3467 1379 3520 Latina

339 3552 429 3613 lingua
438 3551 527 3614 ignota
536 3555 575 3600 est
589 3551 708 3600 Ecclesiae
726 3550 940 3615 racina.-[Be11.
954 3550 1027 3614 Apol.
1040 3565 1085 3614 pro
1097 3548 1181 3613 Resp]
1199 3565 1224 3613 p.
1234 3551 1288 3599 149.
1306 3549 1379 3614 [Op.,

340 3635 401 3680 torn.
411 3632 454 3680 vii.
466 3632 512 3680 col.
526 3631 581 3683 788.
595 3631 634 3694 Β.]

318 3745 365 3808 At
386 3747 493 3826 ipnota
516 3747 551 3808 in
573 3748 679 3828 linqua
701 3747 775 3808 libri
798 3749 890 3810 Sacri
914 3748 1088 3811 absconditi
1109 3769 1170 3810 non
1184 3749 1377 3829 jacuerant.-

277 3849 350 3929 qnia
366 3850 472 3931 tinpaa
487 3850 606 3913 Latina
620 3850 743 3912 Latina
758 3851 906 3913 Ecclesia
927 3854 1035 3933 ipnota
1050 3871 1111 3913 non
1125 3857 1180 3913 ert.
1226 3852 1270 3914 Et
1284 3857 1379 3915 estne

276 3952 421 4015 Ecclesia
433 3951 502 4036 jam
523 3954 590 4016 ulla
603 3953 732 4029 Latina,
749 3974 865 4036 nempe
886 3955 937 4017 oui
952 3953 1132 4031 vernacula,
1148 3960 1182 4016 et
1202 3974 1275 4017 cum
1293 3953 1379 4018 lacte

276 4062 424 4118 materno
447 4056 497 4133 sit,
512 4056 630 4119 Latina
646 4057 778 4137 linpaa?
801 4078 897 4139 quam
919 4057 983 4120 nisi
1006 4057 1076 4140 quis
1097 4057 1132 4119 in
1154 4057 1276 4119 Scholia
1294 4056 1378 4120 didi-

230 4236 232 4240 γ
277 4159 366 4236 cerit,
389 4158 490 4222 nihilo
514 4179 551 4220 ea
574 4158 723 4240 cuiquam
745 4159 853 4222 miuus
877 4166 951 4223 nota
977 4167 1036 4236 cst,
1061 4181 1158 4242 quam
1180 4160 1303 4236 Graeca,
1327 4160 1379 4223 vel

278 4261 427 4324 Hebraea.
473 4261 619 4323 Eruditia
639 4282 715 4341 ergo
730 4262 815 4337 solis,
831 4270 864 4325 et
883 4262 969 4325 inter
988 4262 1379 4338 eosEcclena.rtima,11ec

274 4363 315 4425 iis
337 4368 446 4426 tamen
469 4362 618 4427 omnibus
643 4364 715 4445 (scit
742 4364 802 4427 hcc
826 4364 1004 4428 Cardinalis
1027 4387 1138 4427 verum
1161 4364 1235 4445 dici)
1254 4385 1377 4438 verum,

276 4465 331 4550 qui
355 4486 483 4549 operam
509 4465 538 4528 ei
568 4472 735 4544 naverunt,
761 4466 843 4530 forte
873 4489 937 4530 non
962 4468 1084 4550 ignota.
1130 4467 1280 4529 Ecclatae
1302 4487 1378 4530 vero
