2910 4926
447 266 630 316 seomouu
651 265 834 315 nmmuuo.
1130 252 1192 314 145

89 432 190 502 tutus,
204 422 346 507 suffragii
362 423 494 486 libertae
508 420 565 486 ubi
579 423 713 501 sublate,
725 428 813 486 recte
829 420 901 504 quis
915 420 1054 483 Concilio
1068 421 1195 484 sublata

92 529 220 592 dixerit.
265 529 311 591 At
336 527 461 589 sublato
490 525 619 588 demum
650 526 725 588 illa:
755 546 816 589 nec
837 525 888 587 vel
917 523 1015 587 facies
1046 523 1192 600 Concilii,

90 641 304 717 praeterqnam
329 629 537 708 Constantiae,
561 650 621 692 nec
643 628 871 711 suffragiorum
893 626 1025 690 libertas
1046 626 1131 689 ulla:
1160 634 1195 690 et

90 735 295 798 saluberrima
316 734 428 797 mallet
447 734 586 796 Concilio
608 753 659 795 res
682 731 877 808 Christiana,
892 730 1089 793 celeberrima
1112 730 1195 792 nihil

91 845 247 902 moratur.
283 838 488 919 Quanquam,
500 858 570 919 quie
581 835 637 898 illa
650 836 783 899 tandem
800 833 997 898 celeberrima
1012 840 1045 898 et
1054 835 1195 914 plurimo

96 943 264 1005 Generatia
287 941 361 1019 sint,
384 961 455 1024 quae
479 940 539 1003 hac
562 939 632 1021 ipsa
657 945 752 1002 aetate
775 945 887 1002 nostra
909 937 975 1000 sint
998 937 1118 1015 habita,
1138 947 1194 1001 aut

92 1046 190 1130 paulo
205 1052 290 1123 ante,
306 1044 359 1107 vix
373 1044 426 1107 hic
446 1043 565 1127 (credo)
582 1049 717 1125 rogatus
733 1042 916 1106 Cardinalis
938 1041 1085 1125 expediet
1101 1063 1145 1120 se,
1162 1050 1195 1105 ct

91 1149 292 1213 celeberrime
306 1149 375 1212 haec
389 1148 476 1211 illius
492 1154 589 1230 atquc
598 1148 741 1227 plurime
755 1146 791 1209 in
805 1167 909 1208 unum
923 1144 1020 1208 modo
1035 1144 1195 1223 Tridenti,

91 1251 190 1335 idque
204 1274 271 1317 non
281 1252 472 1330 Concilium,
483 1251 563 1334 quin
574 1250 712 1314 Concilii
723 1257 886 1334 spectrum
897 1256 995 1334 atque
1006 1247 1194 1325 ludibrium,

93 1354 222 1419 abitura
237 1363 323 1419 sunt.

125 1490 277 1541 'l'ridentnm
288 1491 316 1540 in
327 1489 421 1540 finibus
436 1489 578 1540 Germaniae
589 1493 665 1553 atque
677 1489 759 1540 ltalia
776 1490 952 1549 constitutum,
962 1489 1032 1538 locus
1042 1488 1198 1552 aptissimus,

159 1577 185 1623 et
201 1573 308 1623 minime
324 1578 461 1636 suspectus,
478 1588 494 1622 a
510 1573 615 1622 Summo
633 1572 755 1622 Pontifice
772 1577 798 1622 et
809 1573 914 1634 Caesare,
931 1572 1038 1634 eliisque
1050 1571 1162 1634 Regibus
1172 1576 1200 1620 et

160 1654 323 1717 Principibus
335 1653 464 1717 judicatus
481 1653 639 1718 est-[Bell.
653 1655 727 1718 Apol.
743 1669 790 1718 pro
801 1654 889 1718 Resp]
910 1669 933 1718 p.
946 1655 985 1703 42.
1000 1652 1070 1719 [Op.,
1081 1656 1141 1702 tom.
1155 1652 1199 1702 vii.

160 1736 206 1786 col.
219 1737 274 1787 528.
288 1734 316 1785 B.
326 1734 364 1798 0.]

144 1845 283 1908 Exstant
316 1865 392 1907 vcro
428 1843 464 1906 in
504 1843 650 1907 Tridenti
687 1843 951 1908 commoditatem
993 1840 1198 1924 exceptiones
1213 1851 1326 1943 pretim⁸

94 1948 266 2031 legitimae:
296 1954 329 2010 et
352 1947 465 2028 Lepeti
492 1948 675 2028 Principum
698 1969 761 2029 quo
783 1947 879 2010 modo
907 1946 952 2009 ibi
980 1943 1095 2021 habiti,
1119 1943 1197 2006 setis
1212 1919 1338 2046 ffifu‘

94 2058 219 2130 notum,
236 2057 273 2114 ut
289 2050 334 2114 eie
355 2071 484 2113 necesse
500 2049 597 2113 fucrit
613 2049 861 2134 protestationes
878 2049 1094 2131 interponere,
1110 2066 1198 2109 rece-

96 2153 182 2231 dere,
197 2154 382 2217 reclamare.
427 2153 529 2217 Vobis
550 2154 679 2236 quidem
695 2153 783 2236 ipsis,
799 2152 977 2234 vestrisque
999 2149 1197 2228 hominibus,

96 2256 183 2338 quod
212 2256 358 2319 Tridenti
384 2264 492 2319 actum
519 2265 569 2319 est
600 2278 666 2319 non
694 2256 859 2319 satisfecit.
921 2257 1062 2319 Caesares
1092 2251 1197 2330 ambe,

96 2358 329 2437 Ferdinandus,
339 2366 372 2422 et
385 2359 639 2437 Maximilianus‚
648 2360 741 2423 finito
753 2359 884 2423 demum
897 2357 1042 2422 Concilio
1056 2356 1199 2422 rationes

95 2483 196 2526 novas
215 2462 370 2540 inierunt,
392 2483 466 2526 cum
486 2462 562 2526 viris
586 2462 690 2527 doctis
711 2462 752 2526 dc
773 2483 857 2526 novo
877 2460 1119 2525 consultarunt:
1144 2479 1200 2542 spe

96 2587 155 2630 sua
174 2565 263 2629 omni
286 2564 439 2630 excidisse
462 2587 497 2629 se
511 2566 598 2643 fassi,
615 2587 699 2644 cnm,
717 2566 802 2649 quod
817 2565 895 2629 totis
909 2564 1031 2628 viribus
1054 2568 1200 2645 agerent,

96 2688 157 2731 nec
180 2668 286 2732 calicis
307 2667 436 2751 populo,
460 2688 520 2732 nec
542 2668 684 2752 conjugii
709 2669 804 2747 clere,
825 2689 921 2732 usum
940 2668 1078 2731 liberum
1097 2666 1202 2750 impc-

96 2777 184 2835 trerc
197 2780 330 2855 possent
339 2784 365 2835 ⁰.

130 2907 202 2965 Quod
209 2923 266 2958 vero
274 2908 344 2969 dicit,
352 2923 439 2959 omnes
446 2908 640 2970 Ecclesiasticus,
647 2911 691 2973 qni
699 2910 870 2961 Christianum
877 2908 1036 2971 Religionem
1044 2905 1203 2971 profitentur,

163 2992 249 3038 tutum
259 3004 385 3039 accessum
396 2995 422 3039 ct
433 2996 601 3040 commentum
613 2991 704 3041 hebere
715 2992 747 3042 ed
759 2992 902 3041 Concilium
914 2991 1020 3040 debere:
1037 2989 1085 3040 hoc
1095 3003 1153 3038 vcro
1164 2991 1204 3036 est

163 3069 275 3121 recedere
292 3087 307 3121 e
323 3073 403 3121 forme
420 3077 526 3135 quatuor
544 3074 685 3137 primorum
699 3075 871 3124 Conciliornm
880 3092 887 3136 ;
907 3074 960 3139 [vel
979 3075 1064 3138 potius
1080 3074 1204 3128 omnium,

161 3166 218 3214 qnae
234 3153 322 3202 habite
338 3158 398 3203 sunt
415 3169 527 3217 unquam
544 3155 571 3204 in
589 3155 706 3216 Ecclesia,
722 3154 912 3219 conciliorum]
946 3155 987 3205 Sic
1004 3154 1074 3204 enim
1090 3153 1205 3216 loquitur

164 3233 305 3284 Concilium
318 3235 527 3296 chalcedonense,
537 3237 625 3286 ‘Mitte
637 3238 702 3286 torae
713 3237 858 3301 superfluos,
867 3236 1010 3286 Concilium
1023 3235 1205 3298 llpiscoporum

163 3317 251 3365 cst⁹.'‘
267 3318 371 3380 Alioqui
393 3317 478 3366 nullus
500 3319 569 3367 locus
591 3318 641 3368 tale
662 3318 805 3369 Concilium
822 3316 1051 3382 caperet-[Bell.
1069 3316 1142 3380 Apol.
1160 3329 1206 3378 pre

165 3396 249 3462 Resp]
260 3414 284 3462 p.
293 3400 332 3448 la.
346 3399 412 3464 [Op.‚
423 3404 484 3448 tom.
497 3401 540 3449 vii.
553 3400 599 3449 col.
610 3400 665 3450 728.
679 3398 717 3464 0.]

142 3496 214 3560 Nec
236 3500 352 3561 recedit
368 3520 387 3561 o
406 3500 613 3562 Conciliornm
621 3497 739 3580 forma,
757 3495 811 3581 qui
827 3503 927 3560 tatum
945 3518 983 3560 co
1005 3501 1205 3559 commeatum
1218 3501 1370 3569 [quodcum-

98 3602 240 3683 postulat
266 3605 433 3686 cuicunque
461 3605 527 3685 (qui
551 3625 589 3667 co
615 3626 648 3667 se
672 3603 817 3667 conferre
845 3602 934 3684 velit)
959 3601 1205 3674 Ecclesimtim;
1218 3572 1370 3698 wilm]

98 3705 225 3783 recedit,
243 3707 298 3788 qui
311 3713 419 3790 negat.
459 3708 530 3770 Nec
546 3708 580 3769 in
597 3728 635 3770 co
645 3707 826 3771 Concilium
842 3706 924 3788 petit
938 3707 1017 3783 Rex,
1034 3703 1087 3767 cui
1102 3704 1206 3767 simile
1264 3716 1323 3778 111

99 3806 226 3870 nullum
242 3809 281 3870 ab
300 3811 440 3872 Ecclesia
463 3811 589 3873 condite
613 3810 808 3886 celebratum,
824 3809 891 3871 imo
914 3808 966 3872 cui
988 3808 1117 3871 nullum
1139 3828 1207 3870 non

100 3911 215 3976 simile.
263 3915 336 3979 Quo
360 3914 447 3977 enim
473 3937 618 3998 unquam
643 3915 679 3979 in
702 3915 846 3979 Concilio
867 3913 950 3978 liber
969 3913 1207 3976 Ecclesiasticis

132 4096 234 4161 ⁰[Vide
243 4099 370 4162 Sponden.
379 4099 450 4149 Cont.
461 4099 527 4148 Ann.
537 4099 592 4149 Bar.
600 4100 632 4150 ad
708 4100 781 4163 ⁹[oi
804 4099 939 4159 Αἰγύπτιοι,
962 4098 1000 4148 καὶ
1018 4098 1040 4147 cl
1062 4097 1107 4147 σύν
1129 4098 1209 4147 αὐτοῖς

100 4175 159 4210 ann.
169 4164 239 4212 1564.
250 4163 329 4212 Num.
338 4165 374 4212 iii.
386 4168 448 4213 torn.
457 4165 483 4212 ii.
494 4180 517 4228 p.
526 4167 581 4214 661.
590 4185 595 4218 ς
607 4170 634 4214 et
677 4165 852 4215 εὖλαθέστιιτοι
860 4167 984 4212 ἐπίσκοποι
989 4161 1128 4224 ἐξεβόησαν·
1134 4163 1209 4212 ,levet

100 4224 256 4276 Fcrdinnndi
274 4235 300 4277 et
320 4228 491 4278 blaximiliani
514 4231 635 4292 rescripta
676 4233 769 4293 πρῶτον
786 4229 931 4290 ὑπέγραψαν·
948 4229 1056 4291 supprimi
1073 4228 1114 4276 νῦν
1131 4227 1168 4274 διὰ
1185 4226 1210 4273 τί

100 4289 634 4356 deSacramentoEucbaristieeenbutraque
678 4293 820 4358 κράζουσινς
849 4295 864 4351 ἡ
887 4292 985 4342 etentes
1006 4293 1055 4340 τῶν
1075 4291 1211 4339 ἐπισκόπων

100 4370 112 4403 s
159 4355 190 4415 ie,
207 4361 233 4405 ct
248 4357 365 4420 conjugio
383 4357 548 4413 sacerdotum,
566 4359 634 4420 apud
675 4361 751 4417 ἐστὶν,
762 4361 814 4418 οὐχὶ
825 4361 950 4419 suppressu-
961 4356 1018 4405 τοὺς
1029 4357 1154 4417 περισσοὺς
1166 4353 1210 4415 ἔξω

125 4418 215 4547 oggpsp.
230 4422 315 4472 Const.
335 4422 400 4486 lmp.
420 4427 480 4473 tom.
492 4423 519 4471 ii.
531 4438 572 4487 pp.
586 4424 633 4476 eie
677 4420 1211 4550 edne—Conect'palcdct.i.-Conc.tom.

101 4512 133 4521 —
184 4522 189 4531 .
678 4488 838 4538 iv.col.112.
867 4518 877 4534 ,‚

145 4578 390 4620 ernanum-usse.
932 4584 952 4631 1,
