2910 4926
476 283 659 333 nronosnsu
680 284 863 333 snsrousro.
1177 269 1219 331 63

117 443 197 502 noto
213 438 323 502 Sancti
337 439 435 504 ullius
450 441 591 504 nomine.
636 441 755 518 Etiam,
766 440 812 505 ibi
827 440 873 503 sie
884 440 986 503 Deum
1001 439 1128 503 effatur.
1166 437 1223 500 Ad

116 548 167 604 te:
185 543 236 621 nd,
242 550 362 625 preter
376 550 415 622 te,
431 546 581 607 neminem
596 546 767 608 orationem
774 542 885 626 farios.
916 547 962 608 At
977 544 1049 622 iste,
1065 542 1219 628 (quisquis

116 648 188 728 est)
215 648 250 710 in
274 669 332 711 suo
347 648 408 711 hoe
423 648 610 711 Sanctorum
629 649 872 728 Encomiaetico,
890 649 1065 712 Rhetorem
1085 648 1161 730 agit,
1184 647 1219 710 in

108 753 325 838 prosopopoeis
338 758 428 814 totus
443 758 510 830 est3
538 759 571 815 et
584 752 751 836 Tyrannos
765 751 863 815 etiam
878 753 1025 829 affaturss,
1041 758 1113 815 turn
1128 751 1218 814 Mar-

114 837 204 940 tyres
220 857 367 939 denique,
384 856 522 920 oratorio
537 878 625 920 more
640 864 814 939 utrosque:
837 856 923 919 unde
938 856 1120 939 exemplum
1135 854 1217 918 forte

114 959 223 1023 elicias
234 961 418 1038 Rhetorice,
435 968 469 1023 at
483 959 629 1042 regulam
643 981 810 1042 nunquam
826 960 905 1042 figas
924 960 1104 1041 Theotoqioe.

147 1104 174 1154 S.
185 1104 311 1168 Chr5sost
325 1105 401 1154 Hom.
415 1108 452 1155 66.
465 1104 497 1154 nd
509 1119 566 1168 pop.
578 1104 698 1154 Antioeh.
725 1103 824 1165 ‘Num'
841 1103 933 1167 inquit,
952 1106 992 1152 ‘et
1004 1103 1056 1167 ipse
1068 1103 1111 1165 qui
1127 1117 1217 1166 purpu-

179 1201 234 1236 ram
245 1186 349 1236 indutus
360 1192 406 1249 est,
422 1187 519 1237 secedit
534 1186 579 1236 ills
589 1187 764 1251 complexurus
775 1187 914 1249 sepulchre,
926 1191 952 1236 et
966 1187 1030 1236 testu
1042 1185 1156 1250 deposito
1167 1193 1218 1234 stet

180 1270 278 1319 Sanctis
285 1270 477 1334 supplicaturus,
487 1276 515 1319 ut
524 1286 569 1334 pro
580 1286 606 1320 se
618 1271 685 1334 apud
692 1270 773 1320 Deum
785 1268 1080 1335 intercedanuJ-[Bell.
1088 1268 1162 1332 Apol.
1171 1283 1217 1332 pro

180 1352 264 1418 Resp]
281 1368 305 1417 p.
318 1356 357 1402 14,
378 1354 444 1417 [Op.,
456 1357 517 1402 tom.
527 1353 571 1404 rii.
583 1354 629 1403 col.
642 1356 697 1405 712.
711 1352 753 1417 D.]

160 1462 180 1524 J
182 1462 357 1525 amdudum
381 1470 490 1525 autem
511 1469 570 1541 est,
587 1483 661 1525 eum
684 1462 827 1525 suboluit
843 1459 1001 1541 Erasmoi,
1018 1483 1113 1545 quam
1135 1462 1214 1525 citas
1228 1473 1264 1540 [s.
1277 1474 1353 1540 Chry-

116 1567 302 1646 llomilium,
315 1566 536 1650 chrysostomi
551 1588 617 1630 non
635 1588 716 1631 esse.
752 1568 852 1650 Cujus
868 1575 977 1630 eutem
994 1566 1045 1645 sit,
1064 1566 1215 1631 Gnretius
1228 1540 1372 1606 suumne]

112 1678 218 1736 vester
244 1673 411 1736 commode
437 1694 497 1735 nos
519 1670 688 1734 monuitl:
723 1671 882 1734 Theodori
907 1692 1024 1755 nempe
1046 1671 1215 1755 eujusdam

114 1775 353 1859 Daphnopathi,
377 1775 431 1858 qui
455 1774 579 1838 saeeulis
603 1774 710 1838 neseio
736 1783 823 1857 quot,
848 1784 920 1859 post
937 1775 1213 1859 Chrysostomum.

113 1879 288 1943 Versioues
315 1879 444 1962 quidem
464 1887 550 1956 sunt,
577 1880 621 1961 (et
645 1878 731 1962 apud
756 1900 822 1957 vos,
839 1888 872 1941 et
896 1900 916 1941 a
938 1879 1029 1943 vobis
1043 1879 1161 1960 editae,)
1179 1880 1214 1942 in

112 1982 228 2065 quibus
242 1983 289 2044 nil
303 1982 368 2045 tale
383 1981 531 2064 reperias,
548 2003 608 2044 nee
623 1982 672 2045 vel
687 1982 820 2066 paginas
835 1983 986 2064 integros,
999 2005 1071 2065 quae
1086 1984 1212 2046 eleusu-

112 2085 178 2148 lam
200 2086 300 2160 illam,
315 2087 366 2149 rel
386 2085 582 2149 antecedunt
597 2088 647 2148 vel
669 2094 858 2168 sequuntur.
904 2086 976 2149 Nee
998 2086 1039 2149 sd
1055 2086 1213 2169 Populum

111 2189 354 2253 Antiochenum
376 2188 495 2252 habitae
522 2195 598 2252 sunt
623 2195 673 2252 tot
699 2187 871 2266 Homiliat,
900 2189 997 2272 (quod
1019 2211 1086 2252 non
1111 2190 1214 2254 nescit

112 2292 321 2375 Cordinalis:)
339 2314 391 2371 ne,
406 2292 534 2375 Viginti
555 2291 683 2375 quidem
699 2313 774 2355 sex:
798 2294 853 2371 Et,
875 2292 973 2370 iniis,
991 2314 1062 2375 quae
1083 2293 1211 2372 habitae,

111 2395 200 2459 haud
215 2397 386 2480 quiequam
408 2397 472 2459 tale
487 2396 656 2479 reperitur.
700 2397 793 2474 Tum,
810 2397 835 2458 si
851 2395 945 2459 detur
961 2396 1108 2479 denique,
1124 2397 1210 2480 q'uod

109 2500 216 2564 isthuc
231 2500 276 2563 sie
291 2507 399 2562 narret
415 2500 663 2584 Clirysostomus
677 2524 684 2561 :
700 2499 854 2582 neuquid
869 2499 982 2562 feeerit
996 2507 1069 2562 turn
1084 2500 1209 2584 uliquis,

110 2603 166 2667 sed
196 2603 273 2687 quid
303 2625 341 2666 ex
368 2604 502 2666 Petrum
528 2604 654 2666 Statuto
678 2601 800 2680 fecerit,
827 2602 905 2686 quid
934 2624 991 2686 per
1019 2603 1054 2666 id
1082 2611 1211 2687 tempus

110 2708 226 2770 Patres
248 2709 426 2784 statuerint,
454 2729 473 2769 a
500 2708 589 2789 Rege
615 2706 779 2789 quaeritur.
823 2707 955 2769 Factum
983 2706 1037 2769 hio
1062 2714 1212 2770 narratur

109 2811 215 2888 morlo,
240 2813 400 2874 statutum
422 2810 549 2873 nullum
573 2809 737 2872 recitetur.
782 2809 913 2872 Factum
936 2814 1046 2873 autem
1069 2810 1211 2872 volunta-

108 2916 201 2993 rium,
232 2922 268 2978 ut
292 2916 395 2977 tibere
419 2915 607 2977 devotionis:
635 2934 703 2975 non
726 2919 845 2989 autem,
875 2921 914 2976 ut
939 2913 988 2975 rei
1014 2913 1211 2975 adsalutem
1298 2967 1303 2977 .

108 3025 255 3082 etonem
278 3018 478 3081 necessarie:
510 3016 595 3099 quod
620 3023 728 3078 tomen
754 3015 955 3098 probandum
986 3014 1046 3079 sibi
1072 3015 1210 3099 suscepit

109 3122 298 3186 Cardinalis.

141 3266 149 3298 ¹
170 3266 248 3332 [Vide
276 3266 357 3317 retias
383 3265 588 3315 Lamentationes
611 3268 638 3314 et
680 3264 784 3314 sostomi
819 3264 906 3315 hrasin
923 3267 1058 3353 pectusque
1075 3262 1211 3313 desideres·

108 3331 267 3382 Preeutiones
282 3332 314 3381 ml
328 3333 387 3381 cale.
403 3339 464 3381 tom.
484 3333 500 3379 i.
521 3329 576 3392 Op,
597 3330 637 3379 ed.
680 3329 796 3378 -Desirl
829 3329 964 3379 rusmilit.
972 3329 996 3378 S.
1004 3328 1076 3376 Jonn.
1084 3329 1169 3390 Chrys.
1177 3329 1209 3377 nd

107 3397 180 3446 Voss.
195 3397 267 3446 Rom.
282 3400 361 3446 1584:
377 3397 502 3460 principue
517 3410 575 3444 vero
594 3410 636 3457 pp.
680 3393 765 3450 finem,
776 3409 816 3456 ep.
835 3395 889 3457 Op,
908 3394 933 3443 S.
943 3393 1030 3456 Uhr5s.
1045 3394 1133 3442 tomi.
1147 3393 1209 3442 Fro-

107 3464 163 3521 265,
171 3462 277 3522 leonti
285 3462 346 3521 hoee,
355 3477 427 3510 sensu
435 3460 545 3523 quidem,
555 3460 637 3509 verbis
680 3458 737 3508 ben.
750 3457 826 3507 Bet-sil,
839 3457 922 3521 1686]

106 3541 158 3576 non
169 3527 240 3587 item,
251 3526 302 3588 legi
313 3524 437 3639 possunt&
712 3521 723 3553 ¹¹
748 3523 878 3586 [Garetius
899 3522 931 3572 de
953 3520 1037 3571 Inroe.
1060 3519 1208 3571 Sanctorum

139 3599 151 3633 Ι
167 3591 245 3656 [Vide
257 3591 359 3641 lineum,
371 3592 398 3640 in
438 3594 515 3650 urtyr,
526 3593 586 3638 tom.
597 3589 635 3638 iii.
680 3587 834 3637 subnomine
843 3587 967 3638 Theodori
975 3586 1136 3650 Duphnopati
1145 3602 1209 3650 quat

105 3670 148 3720 pp.
165 3659 290 3716 246217,
305 3656 343 3706 ed,
359 3656 430 3705 Voss.
466 3654 558 3703 Utrum
578 3669 636 3703 vero
679 3652 738 3700 dam
751 3667 783 3701 ex
801 3654 850 3702 ists
869 3652 974 3701 homilis
990 3653 1065 3710 eitnt5
1084 3653 1111 3700 in
1129 3666 1208 3714 murg.

105 3727 192 3771 suetor
209 3727 294 3771 noster
312 3722 367 3770 hoee
385 3725 452 3769 reete
473 3720 635 3778 intellexerit,
678 3723 763 3766 sutem
781 3718 881 3780 legitur,
899 3732 923 3781 p.
941 3721 979 3767 96.
1000 3714 1120 3766 Gendsri.
1136 3719 1207 3767 1570.

106 3786 213 3837 dubium
224 3785 343 3850 ridetur]
679 3783 740 3831 “lix
748 3782 872 3845 Chrysost.
882 3781 1160 3845 haeesuntdesumptn”
1175 3781 1209 3830 lit

139 3850 150 3882 l
169 3851 228 3915 [tini
249 3851 297 3915 γὰρ
316 3851 387 3900 utris
404 3851 417 3900 ὁ
437 3849 484 3908 τὴν
504 3847 634 3911 ἁλουργίδα
678 3861 702 3909 p.
715 3851 754 3897 52.
766 3849 820 3897 hoee
836 3848 891 3911 ipss
907 3848 983 3897 verbu
999 3849 1077 3896 citata
1090 3852 1150 3897 sunt
1160 3847 1207 3896 sub

105 3918 263 3979 περικείμενος
273 3916 404 3978 ἆπέρχεται
414 3914 445 3962 τὰ
453 3912 547 3973 σήματα
555 3915 634 3962 ἐκεῖνα
676 3926 744 3961 nont.
756 3913 779 3961 S,
789 3911 862 3962 Joau.
876 3912 1015 3977 chrysost]

105 3980 359 4042 :minutiusromrel
373 3981 417 4028 τὸν
430 3981 507 4040 τῦφον
518 3977 631 4038 &sotius—
716 3975 722 4007 ¹
753 3978 805 4041 [De
831 3978 876 4026 lix.
904 3978 997 4040 spuriis
1020 3976 1053 4026 ad
1083 3977 1205 4041 populum

104 4064 144 4095 ros
163 4045 251 4104 ἕστηκα
271 4046 381 4105 δεόμενος
398 4047 446 4092 τῶν
468 4042 550 4103 ἁγίων,
568 4044 632 4091 ὥστε
676 4040 864 4091 Antiochenum
881 4041 1011 4099 Hominis,
1029 4058 1091 4105 quus
1107 4047 1206 4092 constet

104 4113 177 4160 αὐτοῦ
184 4113 315 4173 προστῆναι
323 4111 385 4174 παρὰ
393 4111 427 4171 τῷ
435 4106 631 4170 Ora-Mona.
675 4107 742 4155 nihil
753 4107 822 4156 eliud
830 4121 889 4167 esse,
897 4122 971 4170 quem
983 4112 1139 4157 oentonesex
1147 4108 1205 4156 aliis

104 4174 230 4238 Chrssost
242 4176 270 4223 tn
282 4175 327 4237 up.
336 4175 361 4223 ii.
373 4173 405 4223 nd
414 4173 469 4223 Cor.
479 4171 630 4220 Homxxri.
675 4172 700 4247 8ἶ
717 4171 888 4234 chrysostomi
909 4172 1025 4235 operibus
1042 4172 1135 4248 Latine
1147 4171 1203 4248 reil-

105 4240 233 4368 Ollllaelle'
245 4240 432 4353 illnlmirllariis
444 4304 471 4351 in
482 4301 631 4364 Aetnilpos
675 4236 876 4365 gltrotsisoisillllii,
884 4235 1159 4351 thplptiizpeihipptrss.
1171 4250 1204 4349 iii

103 4371 212 4420 telorum
223 4369 303 4432 deque
314 4369 500 4418 commentariis
513 4369 539 4416 in
548 4381 630 4416 seeum
674 4366 733 4415 eale.
752 4375 812 4416 tem.
832 4368 849 4415 i.
868 4382 890 4429 p.
909 4369 931 4414 2.
953 4367 1030 4415 Paris
1050 4368 1135 4424 1621.;
1160 4366 1203 4414 ubi

103 4434 354 4484 damadCorinthios
362 4433 509 4496 Epistulam,
514 4432 631 4495 judicent
674 4431 774 4493 singule
790 4433 930 4493 fragmento
949 4432 1003 4481 loeo
1022 4430 1137 4493 quodque
1158 4445 1203 4479 sno

102 4514 144 4550 me
155 4499 288 4557 doctiores,
299 4514 345 4561 ego
356 4513 456 4562 prorsus
468 4499 496 4546 in
507 4499 543 4546 eis
555 4496 630 4560 Chry·
674 4497 806 4560 assignat]
