2910 4926
560 255 604 304 au
626 254 745 304 auom.
1130 237 1208 302 xxiii

104 410 259 476 inveniat.
304 411 461 494 Utraque,
483 409 523 474 ab
543 410 656 475 eodem
679 410 831 495 profecta,
854 417 888 476 et
911 409 1042 487 subditi,
1065 415 1099 474 et
1122 409 1207 493 grati

106 515 206 578 animi
222 513 332 579 officiis
353 512 609 592 devinctissim03
633 513 673 577 ad
694 514 833 577 eundem
855 513 953 577 finem
975 512 1097 576 directa
1117 519 1206 576 utra-

105 640 168 702 que
186 620 235 702 (ut
248 619 297 683 rei
311 618 408 682 simul
425 618 621 697 Christiana,
637 617 735 681 simul
748 618 855 700 Reque
873 617 1041 681 inserviret
1051 617 1071 701 :)
1095 623 1207 680 eontra

105 721 246 787 eundem
281 729 418 805 utraque
446 720 685 799 Adversarium‚
715 727 851 803 utraque
887 741 945 804 pro
975 719 1087 783 eodem
1116 719 1206 802 Rege

105 825 237 908 optimo,
253 824 367 889 eodem
389 823 517 902 affeetu,
533 831 567 888 et
588 824 705 888 favoris
724 845 790 907 spe,
814 823 938 908 judicio
955 821 1054 906 (quod
1074 821 1206 906 plurimi

104 926 196 1006 facio,
226 927 350 1008 idest)
378 928 449 992 Tuo
478 925 658 1011 subjicitur.
704 926 766 991 Cui
795 925 823 989 si
852 947 887 989 se
916 925 1106 1008 probarint:
1137 946 1206 989 non

105 1030 264 1109 morabor,
301 1029 374 1109 etsi,
411 1037 445 1094 et
480 1030 550 1094 haeo
587 1051 724 1114 quoque,
760 1036 798 1093 ut
834 1028 1027 1114 jamdudum
1064 1028 1206 1112 superior

106 1133 292 1217 Responsio,
311 1154 426 1216 parum
449 1132 585 1197 candide
608 1134 768 1197 habeatur
793 1132 878 1215 apud
900 1153 1001 1216 genus
1025 1131 1205 1210 hominum,

104 1235 272 1299 inimicum
292 1235 380 1319 paois
399 1233 546 1318 publiea,
562 1235 730 1299 inimicum
744 1234 914 1319 potestatis
929 1234 1051 1317 Regiae,
1098 1233 1205 1298 Tanto

103 1346 213 1401 autem
229 1338 347 1418 minus,
363 1337 449 1421 quod
463 1359 531 1401 uon
544 1358 604 1402 nos
618 1338 724 1417 modo,
737 1337 793 1401 sed
807 1336 965 1420 imprimis
975 1337 1093 1399 mcum
1106 1337 1205 1421 hujus

103 1440 224 1503 militie
238 1441 440 1522 Mojertotem
458 1441 565 1519 Taum,
580 1441 689 1524 (quam
705 1440 746 1503 ad
761 1439 896 1522 vestigia
910 1438 1083 1523 sequimur)
1097 1439 1205 1523 ignavi

104 1543 232 1607 eminus
254 1544 414 1608 ullatrent.
460 1546 573 1609 Unum
597 1545 683 1629 quod
705 1553 842 1628 possunt
861 1544 995 1608 faciunt.
1040 1544 1149 1627 Atque
1166 1550 1205 1607 ut

104 1646 200 1726 ultra,
215 1647 298 1711 nihil
313 1669 455 1732 unquam
469 1647 603 1731 possint,
620 1650 727 1713 Deum
742 1649 819 1732 Opt.
832 1648 921 1710 Max.
937 1647 1094 1730 supplices
1108 1667 1205 1711 vene·

103 1771 230 1827 ramur3
254 1750 309 1834 qui
324 1751 531 1836 Majestatem
545 1752 649 1816 Tuam
664 1750 704 1814 ad
718 1757 847 1834 tempus
862 1750 921 1814 aevi
935 1750 1089 1828 mortalis,
1107 1771 1204 1833 quam

103 1851 290 1935 longissime
312 1851 568 1932 incolumemin
584 1853 740 1917 Columeu
757 1852 948 1916 Christianae
962 1852 1009 1915 rei
1023 1860 1189 1916 conservet
1194 1875 1204 1928 ;

103 1973 179 2017 cum
201 1976 256 2038 spe
278 1976 437 2039 prospera,
455 1956 574 2019 Domus
591 1956 662 2018 stur
677 1956 791 2037 Repu,
815 1954 850 2016 iu
871 1962 1058 2037 perpetuam
1076 1955 1206 2038 Regno·

103 2077 177 2121 rum
192 2064 225 2121 et
240 2057 411 2122 Virtutum
426 2059 670 2138 successionem,
685 2066 844 2122 ueternum
860 2058 1032 2120 duraturae.

249 2252 250 2255 ¹
366 2227 584 2293 Serenissimae
599 2228 768 2313 Majestati
783 2236 848 2292 tuae

450 2419 470 2461 a
485 2397 602 2476 Sacris,
618 2397 658 2462 ab
673 2398 905 2482 Eleemosynis,

503 2566 661 2631 Subditus
677 2568 857 2651 Servusque
873 2565 1115 2644 Devotissimus,

917 2737 954 2801 L.
977 2735 1201 2801 ELIENSIS.
