2910 4926
467 294 648 344 immensi
670 296 852 346 nssmnsic.
1147 281 1211 344 21⁷

109 447 204 525 cedit,
221 447 334 511 eodem
358 447 398 509 ad
420 446 558 529 Eloquia
579 470 668 513 sacra
682 457 841 533 respectu,
858 471 921 531 quo
937 451 1046 531 prima
1068 455 1211 531 quatuor.

111 550 175 614 Sed
189 571 294 632 neque
309 571 364 612 vos
382 551 517 613 Sextum
533 552 693 634 recipitis:
716 574 783 615 non
809 551 926 632 (credo)
953 554 1119 616 Canonem
1134 553 1211 631 xiii,

111 674 214 737 neque
229 652 270 714 lv.
279 677 287 726 ;
313 653 367 735 qui
383 652 447 716 duo
470 675 508 716 ex
531 654 688 718 diametro
703 662 816 718 contra
831 675 952 718 morem
969 655 1047 718 editi
1062 663 1138 719 sunt
1149 655 1213 718 Ro-

110 776 208 817 ιιιαιισ
221 757 371 818 Ecclesia
381 766 402 818 ⁰.

144 873 248 923 Frustra
269 874 360 937 recipit
382 880 489 936 quatuor
508 876 597 938 prima,
617 876 661 938 qni
676 891 728 926 non
747 877 838 940 recipit
853 876 904 926 alis
922 876 1215 941 subsequentie-[Bell.

177 955 250 1018 Apol.
263 970 309 1018 pre
320 955 405 1019 Resp]
417 971 441 1019 p.
450 959 488 1006 82.
502 956 568 1020 [Op.,
580 960 639 1005 tam.
649 957 692 1006 vii.
705 958 750 1006 col.
764 958 818 1008 750.
833 956 875 1020 D.]

156 1054 339 1116 Dicendum
355 1054 464 1136 igitur,
483 1055 567 1137 quod
583 1062 615 1117 et
631 1076 650 1118 a
665 1055 782 1119 Primis
796 1055 859 1118 illis
874 1054 995 1118 fuerint
1018 1063 1051 1118 et
1068 1056 1140 1134 alia,
1156 1076 1218 1119 nec

113 1156 224 1219 eadem
252 1163 361 1218 tamen
383 1157 533 1220 omnihus
556 1158 730 1221 auctoritas
751 1157 944 1232 tribuendu3
971 1179 1041 1235 nee,
1065 1179 1123 1241 per
1146 1157 1216 1237 hoc,

104 1259 234 1340 fnestra
257 1260 296 1323 οό
317 1281 351 1322 eo
377 1263 476 1342 recipi
499 1268 641 1343 quatuor,
665 1263 721 1345 qui
744 1263 877 1343 recipiat
902 1263 1041 1344 quidem,
1070 1263 1126 1326 sed
1148 1263 1218 1346 pari

113 1363 318 1427 veneratione
334 1386 394 1426 νιοιι
410 1371 440 1426 et
455 1365 519 1426 aliu
535 1366 668 1446 recipiat
682 1366 907 1447 subsequentia.

147 1494 276 1544 Christum
289 1495 446 1547 descendisse
462 1496 495 1546 ud
512 1496 611 1557 inferes,
624 1500 649 1546 et
666 1497 723 1561 [leg.
734 1497 782 1561 est]
794 1512 881 1561 peenas
889 1498 1066 1548 damnatorum
1077 1499 1218 1563 pertulisse.

180 1576 327 1640 [Pertulisse
336 1582 421 1627 antem
430 1592 517 1641 peenas
529 1578 717 1642 damnatorum]
728 1615 748 1628 ..
758 1579 878 1629 Calvinus
889 1578 960 1637 dicit,
973 1580 1084 1643 primum
1097 1581 1124 1629 iu
1135 1581 1217 1640 horte,

181 1694 203 1705 ..
218 1695 223 1706 .
236 1657 328 1709 deinde
337 1660 364 1708 in
376 1658 474 1709 Cruce.d
486 1697 491 1707 .
504 1695 510 1707 .
524 1695 529 1707 .
542 1661 578 1708 At
590 1659 738 1722 Symbolum
750 1660 925 1724 Apostolicum
939 1660 1003 1709 dicit
1019 1661 1077 1725 [leg.
1092 1661 1181 1726 tradit]
1192 1698 1198 1710 .
1211 1698 1217 1711 .

180 1739 212 1787 ad
224 1739 318 1789 inferos
329 1741 487 1790 descendisse
499 1740 567 1804 [post
577 1740 704 1804 mortem}
722 1778 728 1789 .
747 1777 753 1789 .
774 1779 778 1789 .
790 1741 824 1790 Et
835 1741 889 1790 haec
900 1745 938 1791 est
949 1742 1054 1791 traditio
1065 1743 1180 1792 omnium
1192 1779 1198 1792 .
1210 1779 1216 1792 .

181 1820 400 1885 Petrum-[Beli.
415 1821 490 1884 Apol.
503 1836 549 1885 pro
561 1820 645 1885 Resp]
656 1836 681 1884 p.
694 1824 732 1870 83.
745 1821 812 1885 [Op.,
823 1823 934 1871 tomvii
947 1823 993 1872 col.
1006 1824 1061 1873 751.
1072 1823 1114 1888 A.]

159 1919 259 1981 Venit
277 1920 318 1982 ad
334 1920 480 2000 Symbola
493 1947 502 1992 ;
527 1919 592 1995 nbi,
605 1940 716 2001 ιιιοριιο
730 1927 842 1982 conatu
857 1942 987 2002 ιιιοριιος
1002 1942 1101 2002 nepas
1116 1922 1182 2002 epit
1194 1930 1215 1984 ⁸,
1230 1919 1359 2046 fflpffl·

115 2024 160 2085 Et
180 2023 258 2097 loca,
281 2023 320 2086 de
344 2023 477 2084 Petrum
500 2022 635 2104 scriptis,
656 2023 765 2085 nescio
790 2031 868 2105 quot
891 2023 1047 2102 congerit,
1068 2031 1115 2101 ut,
1133 2023 1217 2106 quod
1274 2049 1337 2113 162

116 2147 183 2188 non
205 2133 302 2207 negat
329 2126 407 2202 Res,
432 2133 563 2187 strenue
584 2125 709 2208 probet.
765 2126 844 2188 'lam
867 2134 915 2188 est
940 2126 1082 2206 (scilicet)
1110 2147 1217 2189 rerum

116 2236 299 2291 nostrarum
315 2229 436 2310 peritus
452 2227 641 2290 Cardinalis.
687 2226 852 2290 Christum
868 2228 964 2304 enim,
980 2229 1089 2291 necin
1103 2229 1216 2306 Horto,
1231 2233 1350 2299 [Descen-

115 2351 176 2393 nee
191 2332 225 2392 in
237 2331 344 2406 Cruee,
356 2330 433 2393 dum
443 2330 571 2406 viveret,
588 2329 643 2392 sed
652 2336 728 2410 poet
742 2336 879 2409 mortun,
889 2330 1056 2393 secuudum
1070 2333 1217 2410 animum,
1230 2297 1394 2427 affiliati-

117 2455 187 2497 vere
210 2435 254 2496 ad
274 2433 392 2513 inferos
415 2434 617 2510 descendisse,
641 2433 818 2496 secundum
841 2455 955 2517 eorpus
975 2455 1060 2512 vero,
1080 2435 1219 2518 jacuisse

117 2537 152 2599 in
176 2537 331 2620 sepulcro,
357 2557 395 2598 ex
422 2537 539 2598 veteris
560 2535 712 2599 Ecclesiae
735 2536 896 2599 sententia
919 2536 1029 2615 eredit,
1049 2537 1222 2600 confitetur

120 2640 200 2716 Rex,
221 2640 281 2700 nec
304 2639 438 2700 aliaest
461 2637 501 2700 de
524 2638 670 2702 Articulo
682 2637 724 2700 V.
750 2638 902 2701 Ecclesiae
923 2646 1042 2702 nostrae
1065 2638 1221 2703 doctrina.

121 2741 247 2823 Oergo
270 2740 390 2803 frustra
413 2748 576 2823 susceptos
600 2739 653 2802 hic
676 2740 802 2803 labores
828 2740 1026 2805 cardinalis!
1076 2741 1150 2820 Sed,
1175 2743 1222 2804 sic

119 2845 197 2906 solet
224 2843 315 2906 beare
340 2842 511 2905 lectorem:
535 2842 592 2905 ubi
616 2843 699 2905 nihil
730 2865 818 2926 opus,
849 2844 962 2928 implet
989 2844 1142 2926 paginas:
1165 2843 1222 2907 ubi

121 2947 251 3010 demum
275 2968 364 3028 opus,
389 2945 492 3007 altum
522 2945 604 3008 silet.
651 2946 786 3009 Desinat
816 2967 891 3009 vero
916 2946 1086 3009 Calvinum
1110 2967 1221 3029 expro-

87 3102 90 3107 .
121 3050 213 3113 brarc
228 3048 332 3111 nobis.
377 3049 457 3110 Tam
472 3069 538 3110 non
554 3048 733 3123 Calvinum,
751 3069 846 3130 quam
861 3069 966 3131 neque
983 3047 1102 3131 Papam
1118 3048 1222 3130 sequi·

124 3173 208 3229 mur,
224 3151 280 3214 ubi
296 3173 315 3212 a
330 3151 464 3213 Petrum
478 3149 621 3231 vestigiis
637 3149 689 3212 hie
704 3149 754 3212 vel
768 3149 822 3212 ille
838 3148 981 3212 discedit.

154 3262 242 3324 Neque
254 3298 260 3309 .
272 3297 278 3310 .
291 3297 298 3309 .
309 3260 409 3310 credere
424 3264 507 3324 potest
524 3259 662 3309 Ecclesiam
682 3274 734 3308 esse
753 3257 917 3319 catholicam,
937 3258 999 3308 dum
1011 3258 1149 3309 Ecclesiam
1170 3274 1222 3309 non

187 3343 271 3401 habet,
282 3342 332 3390 nisi
343 3341 527 3405 particularem,
535 3357 591 3403 quse
601 3341 716 3403 Regnum
724 3340 826 3401 Anglise
835 3339 1221 3405 nonegredieur.-[Be11.npol.

187 3439 232 3487 pro
244 3421 328 3486 Resp]
340 3438 363 3486 p.
376 3423 415 3471 84.
437 3421 503 3485 [Op.,
516 3421 622 3470 tomvii.
635 3421 681 3470 ccl.
694 3419 803 3483 75111]

157 3599 166 3621 ⁸
183 3591 288 3655 [Ἐπειδὴ
299 3588 486 3653 ἔντῇῬυμαίιιν
496 3587 650 3651 ἐκκλησίᾳῖν
693 3590 891 3649 τεσσαρακοστῆς
915 3586 1043 3646 νηστείαις,
1060 3584 1111 3636 τοῖς
1132 3585 1222 3646 ταότης

122 3654 188 3716 τάξει
207 3656 303 3704 κανόνος
323 3655 491 3716 παραδεδόσθω
514 3650 650 3714 διέγνωμεν,
694 3651 803 3708 σόββασι
827 3650 956 3709 νηστεύειν,
974 3653 1036 3714 παρὰ
1056 3653 1103 3711 την
1120 3655 1221 3715 παραθυ-

123 3721 179 3769 τοῖις
194 3719 331 3779 μέλλοντας
342 3720 450 3768 διακόνου
462 3718 477 3775 ἦ
487 3715 651 3779 πρεσβυτέρου
694 3719 776 3766 θεῖσαν
786 3715 988 3776 ίκκλησιαστικην
997 3718 1144 3775 ἀκολουθίαν,
1156 3715 1221 3778 lecte

122 3785 241 3846 ἀξιοῦσθαι
258 3782 405 3847 χειροτονίας
424 3784 604 3842 καθομολογεῖν,
621 3783 652 3831 ὡς
694 3784 726 3845 τῇ
743 3780 801 3844 ἁγία
818 3778 915 3842 συνόδῳ,
930 3782 993 3830 ὅστε
1012 3783 1108 3844 κρατεῖν
1124 3782 1164 3831 καῖ
1182 3781 1222 3830 δεῖ

123 3847 203 3897 οὐκέτι
224 3852 277 3898 ταῖς
299 3849 374 3896 αὐτῶν
396 3844 556 3896 συνάπτονται
576 3862 649 3906 γαμε-
694 3848 726 3909 τῇ
748 3844 865 3904 Ῥωμαίων
883 3845 1003 3907 ἐκκλησίᾳ
1019 3845 1222 3905 ἀτόρασαλεότως

124 3916 184 3963 ταῖς·
201 3914 270 3972 ἡμεῖς
287 3913 321 3973 τῷ
338 3910 427 3974 ἀρχαίῳ
439 3912 650 3973 θεοκολουθοῦντες
694 3912 739 3959 τόν
750 3907 838 3959 κανόνα
848 3909 891 3958 τόν
905 3908 1013 3969 λέγοντα
1038 3911 1082 3958 ‘Ei
1091 3929 1126 3960 τις
1138 3921 1220 3971 κληρι-

124 3977 204 4026 κανόνι
226 3980 269 4033 τῆς
290 3977 452 4031 θτοστολικῆς
474 3974 594 4036 ἀκριβείας
612 3975 651 4024 καί
695 3973 893 4038 κθςεῖιρεθείητῇ
910 3975 967 4037 α’γία
983 3976 1082 4039 κυριακῇ
1092 3974 1221 4034 νηστεόιιν,

124 4040 219 4102 τάξεως,
226 4042 258 4090 τὰ
268 4045 316 4088 τῶν
325 4042 391 4103 ίερῖιν
399 4041 486 4100 ἀνδρῶν
493 4039 555 4088 κατὰ
567 4037 652 4098 νόμους
695 4038 750 4097 hed
763 4043 892 4097 σαββατον,
901 4039 1016 4097 πλὴντοΰ
1027 4040 1079 4088 ἑνός
1091 4040 1129 4088 καί
1139 4039 1222 4098 μόνου,

125 4104 261 4155 συνοικίσια
284 4106 323 4154 καί
345 4106 390 4153 eti
412 4106 456 4152 τοῦ
478 4106 519 4151 νῦν
539 4105 653 4165 θρῤιῖσθαι
697 4101 857 4165 καθαιρείσθω
876 4103 896 4151 εί
913 4102 939 4151 δὲ
952 4103 1043 4161 λαῖκθς,
1062 4101 1223 4166 θρυριζόσθιι.’

125 4169 269 4230 βουλόμεθα·
296 4171 406 4229 μηθαμιῖς
431 4169 509 4216 aeres
529 4165 577 4225 τήν
595 4168 653 4230 πρός
698 4167 772 4216 Cone.
791 4167 932 4223 Quinisext.
949 4181 993 4215 seu
1011 4166 1089 4215 'l'rulh
1109 4167 1170 4217 Can.
1189 4167 1222 4215 lv.

125 4234 234 4294 ’γαμετὰς
249 4235 378 4294 συνάφειαν
398 4234 542 4290 διαλύοντες,
561 4251 582 4280 κ.
592 4251 613 4279 τ.
624 4241 652 4279 λ.
698 4230 796 4279 -lhid
809 4231 854 4279 col.
864 4232 935 4281 1167.
948 4229 975 4278 C.
988 4228 1029 4292 D.]

126 4298 234 4347 -Oone
253 4296 394 4354 Quinisext
411 4311 454 4345 sen
466 4296 577 4344 ‘eruum
594 4295 654 4344 Cen.
731 4293 742 4324 ‘¹
760 4294 838 4358 [Vide
850 4294 917 4344 (θεόν.
931 4295 1015 4343 Instit
1027 4294 1071 4342 lib.
1083 4294 1110 4343 ii.
1122 4295 1226 4358 cepit.

127 4363 182 4412 xiii.
202 4391 234 4399 -
252 4360 326 4412 Cone.
354 4366 414 4410 tom.
440 4361 474 4409 vi.
506 4360 551 4409 cel.
584 4361 655 4410 1147.
701 4361 764 4420 510.
778 4359 833 4421 Op,
846 4363 905 4408 tom.
918 4359 953 4407 ix.
984 4357 1064 4422 .132.]

128 4427 156 4475 B.
174 4427 201 4475 C.
253 4424 346 4483 Ἐπειόν)
377 4424 545 4485 μεμαθήκαμεν
574 4426 600 4473 ὃν
627 4426 658 4487 τῇ
734 4422 838 4487 ·[Vide
852 4423 950 4474 'ferent
963 4373 1055 4472 lleeui.
1068 4421 1114 4472 lV.
1130 4424 1151 4470 1.
1162 4420 1196 4484 8.]

126 4492 245 4551 Ῥωμαίων
272 4493 342 4539 πόλει
370 4492 395 4538 θν
427 4492 480 4539 ταῖς
507 4488 585 4550 ἁγίαις
613 4490 659 4546 τῆς
