2910 4926
448 294 633 345 nronoomu
653 295 837 347 aaronem.
1131 284 1194 348 121

95 451 273 517 Dominum
298 471 379 531 esse,
407 453 597 518 Pontificem
621 474 767 522 servum:
804 454 953 535 Proinde,
979 455 1047 519 sine
1072 460 1197 520 contra·

95 556 231 621 dictione
244 556 347 642 major
362 555 519 622 Pontifiee
535 559 616 623 Rex.

139 659 214 723 Sine
235 659 301 721 atla
321 659 567 724 contradictione
588 659 686 724 etiam
707 660 814 725 minor
836 682 855 725 e
877 661 998 747 majore
1013 659 1195 744 deponitur.

99 762 224 826 Certum
253 767 356 825 antem
384 770 431 826 ert
454 763 645 829 Pontificem
675 784 696 826 a
718 764 803 848 Repe
825 764 951 850 deponi,
980 786 1049 829 non
1072 766 1196 850 Regem

96 886 117 928 a
131 864 294 946 Pontifice,
316 864 352 928 in
374 864 471 930 saeris
486 866 617 950 quidem
633 867 755 934 literis:
772 870 918 954 proinde,
937 870 1005 934 sine
1020 871 1197 935 contradic-

97 971 189 1048 tione,
210 969 319 1051 potior
344 969 503 1034 Pontifioe
530 971 599 1035 Rex
621 977 681 1037 est.
724 974 772 1038 At
794 981 888 1038 erant
910 970 1075 1038 cardinali
1096 973 1196 1038 etiem

97 1079 289 1159 argumenta
303 1094 375 1158 quae
388 1073 541 1158 neglexit,
553 1075 658 1140 multo
672 1075 815 1141 fortiora.
861 1076 937 1141 Sine
951 1076 1198 1142 contradictione

96 1177 203 1243 minor
217 1199 237 1241 a
250 1178 372 1263 majore
386 1181 594 1244 conculcatur.
612 1181 687 1244 Sine
708 1183 774 1245 nlla
796 1181 1043 1246 contradictione
1064 1181 1198 1246 minoris

98 1282 210 1346 collum
238 1303 258 1345 a
282 1282 404 1367 majore
434 1282 543 1366 lapneo
572 1282 747 1351 inser-itari
793 1285 869 1350 Sine
893 1287 960 1349 allo
985 1285 1197 1349 controvereia

97 1383 205 1448 minor
218 1382 333 1467 majori
347 1385 510 1468 etapedom
524 1391 607 1451 tenet
617 1397 649 1451 ¹⁰.
694 1387 849 1473 Neglexit
865 1387 995 1474 quidem
1008 1387 1097 1454 haee:
1120 1408 1195 1453 nem

97 1485 169 1552 haee
183 1486 281 1551 nimis
295 1486 330 1552 in
345 1508 415 1552 rem
430 1486 605 1554 cardinali.

131 1647 200 1714 [Jsm
211 1663 271 1699 vero
287 1647 319 1699 de
336 1648 494 1713 Presbyteris
509 1649 597 1701 eadem
614 1651 679 1701 ratio
693 1654 739 1702 est
772 1650 838 1702 Sunt
849 1653 920 1703 enlm
931 1652 1074 1717 Presbyteri
1090 1651 1199 1703 minoris

163 1729 261 1781 ordinis
275 1730 423 1791 sacerdotes,
434 1735 461 1781 et
471 1745 586 1796 qusmvu
596 1731 643 1781 snb
654 1731 793 1797 Episcopis,
803 1736 890 1784 tamen
906 1737 1057 1798 potestatem
1073 1733 1123 1797 ipsi
1140 1747 1198 1797 quo

164 1825 213 1876 qne
223 1810 318 1862 habeut
328 1813 426 1862 minas
436 1812 533 1876 ligandi
544 1816 620 1876 etque
630 1813 753 1874 solvendi,
762 1813 842 1877 Reges
852 1819 879 1864 et
886 1815 1016 1879 Principes
1024 1813 1198 1874 benedicendi,

164 1899 191 1943 at
212 1891 369 1944 Sacrificium
390 1892 454 1943 illud
476 1893 655 1945 admirandum
676 1894 829 1957 celebrandl,
850 1895 917 1960 quod
936 1896 1073 1960 angelicae
1091 1897 1199 1946 virtutes

164 1975 241 2038 longe
256 1974 461 2041 superet—Bell.
474 1976 548 2041 Apol.
560 1991 606 2041 pro
617 1976 690 2041 Resp.
705 1991 729 2041 p.
739 1979 786 2039 82,
798 1981 825 2028 et
836 1977 892 2042 Op,
904 1982 965 2028 tom.
974 1978 1017 2027 vii.
1029 1976 1086 2027 coll.
1098 1976 1154 2029 ⁷22.
1166 1974 1198 2026 D.

165 2056 222 2111 723.
232 2056 276 2123 Δ.]

144 2174 268 2238 Verum
283 2175 463 2239 cardinalis
481 2183 601 2253 noster,
619 2175 792 2261 Presbyter
812 2175 909 2241 modo
935 2174 1114 2240 cardinalis
1137 2179 1196 2238 est.
1211 2184 1260 2250 [De
1271 2185 1326 2248 drg-

101 2275 178 2340 uuit
193 2276 368 2359 Episcopus
387 2277 466 2358 (non
480 2284 590 2342 tamen
605 2277 796 2360 Cardinalis)
814 2302 821 2340 ε
840 2278 910 2362 jam
925 2277 964 2360 (si
980 2297 1056 2341 vera
1070 2277 1193 2358 narrat)
1210 2251 1314 2377 {¹12ss

101 2377 259 2442 deductus
273 2385 322 2442 est
337 2378 444 2443 denuo
458 2379 614 2444 inlocum
623 2380 816 2462 Presbyteri,
836 2379 903 2463 (qni
916 2386 1028 2444 tamen
1041 2379 1093 2444 rel
1107 2378 1200 2462 Epis·
1211 2378 1346 2442 tororum]

101 2481 189 2565 copis
208 2481 353 2566 superior
371 2482 426 2564 sit)
445 2483 529 2565 quod
545 2485 656 2548 Patres
671 2483 949 2549 chalcedonenses
965 2503 1031 2547 uno
1047 2502 1101 2546 ore
1117 2480 1202 2545 dioe-

101 2594 177 2649 rent
189 2588 416 2669 sacritepiamfl.
440 2587 638 2670 Presbyterie
652 2608 728 2670 ergo
740 2586 838 2650 etiam
853 2584 1024 2649 asserenda
1037 2585 1203 2667 majoritas

102 2710 270 2771 suawpro
285 2690 394 2772 Repee.
434 2690 556 2756 Quidni
571 2697 679 2754 autem
695 2711 792 2773 supra
807 2690 935 2772 Reges?
983 2687 1019 2751 Si
1032 2688 1203 2770 Arpelicas

101 2795 233 2857 virtutes
257 2793 354 2876 longe
380 2800 542 2877 superant,
569 2795 667 2858 etiam
686 2793 849 2856 cherubim
870 2798 903 2855 et
926 2792 1083 2873 Seraphin
1103 2789 1201 2873 ipsos,

103 2901 216 2979 utpote
231 2895 399 2960 creatores
415 2896 575 2961 creatoris
593 2897 643 2961 sui
651 2908 675 2960 ⁰.
720 2897 792 2960 Nee
806 2895 889 2959 serio
904 2901 1014 2959 tamen
1028 2893 1076 2956 ita
1089 2892 1203 2957 evehet

102 3017 138 3061 se
157 2997 274 3081 (eredo)
289 2997 469 3062 cardinalis
479 3019 576 3083 super
584 2998 736 3082 Angelos,
750 2997 906 3080 (quamvis
920 2997 1017 3061 faeiat
1027 2995 1203 3071 interdum,

103 3102 157 3166 oui
171 3101 319 3166 faciendo
332 3121 394 3166 nee
408 3123 501 3186 pares
517 3103 582 3166 sint
596 3102 736 3185 Angeli,)
755 3109 793 3165 ut
807 3123 847 3166 ex
861 3101 946 3167 lacte
961 3101 1068 3185 aliquo
1082 3100 1204 3184 majore

104 3206 296 3289 majoritatis
307 3207 361 3292 jus
376 3208 585 3272 statuendum
599 3227 667 3270 non
682 3206 734 3269 sit.

45 3368 47 3373 ,
148 3309 270 3374 Maluit
308 3331 384 3394 ergo
414 3309 454 3374 de
485 3308 672 3374 hominibus
709 3330 805 3392 quam
839 3308 879 3372 de
908 3307 989 3372 eoelo
1023 3308 1206 3392 exemplum

105 3434 252 3478 sumere:
277 3413 318 3477 de
332 3412 504 3477 Ambrosio
519 3411 735 3476 Theodosium
758 3417 897 3488 aroente,
921 3431 963 3474 ne
985 3409 1111 3474 sederet
1132 3430 1205 3473 oum

106 3515 325 3601 Pmshyteris3
358 3515 398 3580 de
424 3515 562 3580 Martini
592 3513 794 3601 Presbytero,
824 3533 891 3597 prae
915 3534 979 3596 quo
1002 3533 1063 3576 neo
1089 3511 1207 3596 dignus

106 3618 298 3703 Imperator,
316 3619 370 3702 qui
385 3625 528 3703 pateram
543 3617 670 3683 liberet.

140 3815 147 3848 ¹
171 3815 216 3866 en
234 3814 292 3865 hen.
304 3814 336 3865 de
346 3814 454 3865 Oseulat.
465 3813 560 3863 Pedum
574 3813 635 3862 Pon.
679 3813 707 3863 in
725 3827 774 3877 qua
788 3811 1033 3863 excommunicarit.
1046 3848 1052 3861 .
1064 3848 1071 3863 .
1083 3849 1089 3862 .
1101 3827 1151 3871 eos,
1165 3814 1210 3878 qui

109 3881 216 3945 p.'10.[
246 3880 294 3929 ihil
311 3881 347 3929 ibi
361 3879 393 3929 de
405 3881 492 3943 laqueo
504 3880 636 3928 inventum
679 3893 726 3992 pro
742 3878 916 3928 ecclesiasticis
932 3877 1068 3928 honoribus
1089 3878 1210 3929 laieorum

107 3950 153 3997 est
178 3944 216 3995 ci.
228 3946 301 4004 intra,
312 3960 337 4008 p.
347 3943 413 4008 ltu]
698 3943 796 3992 omines
816 3942 898 4003 fiunt;
917 3941 1003 3992 dicens
1021 3943 1100 3992 nimis
1115 3958 1211 3994 execra·

139 4010 273 4061 'Kranta
291 4009 392 4073 [Saron
424 4008 512 4058 libri
532 4008 637 4058 ca.16.
681 4008 732 4057 bile
743 4007 832 4068 videri,
849 4012 879 4057 nt
889 4021 986 4066 manus,
997 4022 1055 4070 quoe
1071 4008 1211 4058 intantum

109 4076 149 4141 [p.
162 4077 216 4127 147.
231 4075 343 4125 Francos.
354 4073 387 4124 sd
427 4088 476 4122 oen.
490 4074 561 4123 157⁶.
681 4071 848 4124 eminentiam
867 4078 1114 4123 excreverunt...nt
1128 4072 1212 4123 Deum

141 4149 154 4172 ¹
172 4139 328 4204 [Ἐπίσκοπον
345 4139 379 4189 etr
400 4140 564 4203 πρεσβυτέρου
584 4141 639 4193 βαθ-
682 4142 773 4188 cuncta
783 4140 909 4187 creantem
927 4151 971 4186 aua
986 4137 1116 4199 signaculo
1127 4141 1212 4187 creent

106 4205 156 4267 μδν
181 4203 270 4269 upra,
297 4203 419 4267 ἱεροσυλία
446 4201 640 4253 dorla-(lone.
683 4202 788 4253 ....ln
804 4201 893 4251 hanc’
946 4201 1212 4252 viamveletultiliam

108 4268 193 4319 chela
217 4268 277 4318 Can.
290 4268 362 4318 xxix.
375 4267 464 4333 [Cone
475 4265 640 4318 tamineol.
683 4266 902 4317 detrudentur.”-
940 4281 965 4328 g.
982 4265 1079 4315 Hored
1097 4266 1166 4316 citet.
1184 4267 1213 4315 in

108 4334 166 4387 tto.
199 4331 252 4396 .Ι).]
684 4330 779 4381 cnncil.
797 4330 1025 4381 Romanu-crue.
1043 4333 1105 4380 tom
1119 4345 1144 4380 x.
1164 4330 1211 4381 eol.

142 4407 155 4433 ⁰
171 4398 198 4464 [⁸¹
209 4398 286 4448 Auno
297 4396 424 4448 chlx.
441 4396 559 4447 Urbanus
574 4396 643 4459 Papa
684 4396 739 4449 617.
748 4395 779 4446 D.
790 4395 831 4460 n]

110 4500 130 4516 ..
140 4501 146 4514 .
155 4500 162 4513 .
172 4478 293 4527 numum
301 4462 442 4514 concilium
455 4463 538 4512 tenuit
545 4462 642 4520 Romu,
