2910 4926
257 272 324 364 286
573 285 616 335 m
638 286 831 335 conmunire
851 286 1050 337 smmuumr

252 445 415 522 possuntt.
453 440 518 504 Hie
531 441 627 504 etiam
640 442 725 504 loono
739 440 965 522 baberepotest
978 441 1233 505 varumnam
1267 439 1363 506 Hanc

135 553 201 617 208
259 545 368 623 boam,
390 544 548 608 adclamant
567 544 690 625 passim
716 565 779 626 pro
804 544 1001 628 [liberatione
1023 545 1159 609 Petram
1182 544 1237 629 ea]
1256 544 1361 623 limbo,

258 654 362 711 tomen
383 649 492 711 metius
509 648 650 711 convenit
669 647 861 730 [liberationi
880 649 1054 710 animarum
1073 645 1127 729 en]
1143 647 1361 730 Paraatorim,

262 751 319 834 (itu
334 752 412 815 dum
427 752 618 834 Parqatorio
634 751 790 829 consulat,
808 750 884 834 quid
901 750 1010 815 Limbo
1027 752 1094 829 fiat,
1109 772 1224 835 purum
1243 750 1360 816 solliei-

255 854 331 937 τηε.)
384 854 576 936 Quanquam,
591 854 656 916 bae
668 874 765 934 poena
784 874 846 916 non
860 860 906 917 est
921 874 968 933 ea,
981 854 1020 916 de
1034 874 1095 936 qno
1109 873 1191 917 nano
1205 854 1327 936 affirmas
1337 863 1360 919 ⁸.

255 958 329 1021 Non
348 958 488 1039 seqnitur
507 957 592 1039 qnod
609 955 771 1038 inferimus
790 977 830 1019 es
850 957 942 1019 uerbo
962 955 1115 1021 Domini‘.
1157 957 1245 1023 Nota
1260 959 1361 1023 locon

254 1061 350 1123 istnm
374 1059 565 1143 [Apostolil
587 1060 657 1122 Cor.
673 1058 735 1142 iii]
761 1078 826 1122 esse
846 1079 941 1121 nnnm
962 1079 1002 1122 en
1021 1059 1244 1144 difficillimis&
1286 1061 1360 1124 Sive

253 1165 335 1227 bano
366 1163 611 1247 [eapositionem.
642 1182 686 1230 so.
721 1165 738 1225 1
768 1163 837 1225 Cor.
864 1160 933 1244 au]
966 1164 1133 1244 sequimur,
1167 1209 1175 1227 .
1211 1209 1220 1227 .
1253 1208 1262 1227 .
1293 1140 1360 1227 sirie

249 1268 416 1348 primam1,
447 1266 499 1344 (de
522 1286 586 1348 qua
610 1265 700 1349 prius
725 1264 873 1347 dixerat)
923 1266 1038 1328 Tamen
1063 1285 1125 1329 non
1146 1271 1227 1346 pato
1251 1285 1358 1329 veram

254 1371 336 1435 bano
372 1370 592 1451 expositionem
606 1378 631 1433 1.
677 1367 826 1451 Denique
861 1388 904 1433 ne
939 1368 1063 1431 multus
1099 1367 1171 1432 eim.
1220 1367 1357 1433 Utantsn·

252 1474 352 1536 nostri
372 1474 429 1536 boo
452 1473 517 1535 loeo
541 1473 569 1554 (1
591 1471 661 1535 Gor.
676 1472 766 1553 ao.);
797 1472 855 1535 sed
875 1476 978 1534 tamen
999 1491 1061 1534 non
1081 1471 1205 1534 uidetur
1227 1473 1358 1537 nonan

252 1586 389 1659 maeret
434 1574 535 1638 Vides
560 1595 657 1657 quom
683 1595 818 1638 arenoso
843 1575 922 1652 haec,
949 1595 1045 1657 quam
1073 1573 1208 1652 lubrico,
1238 1576 1357 1640 merito

251 1686 289 1743 ut
306 1680 376 1744 Rex
391 1677 518 1755 dixerit,
534 1679 652 1741 nattam
665 1677 712 1741 ibi
724 1675 974 1759 fiendamentnm.
1019 1677 1160 1741 Iteffixit
1174 1698 1250 1742 vero
1263 1678 1357 1744 valde

252 1781 490 1864 Purgatorium,
517 1800 557 1844 ex
581 1801 645 1863 quo
673 1779 780 1844 loeum
809 1780 903 1843 illum
925 1781 1039 1862 prima
1068 1781 1113 1845 ad
1138 1780 1208 1845 Cor.
1224 1781 1272 1844 iii.
1298 1802 1357 1865 per

251 1883 415 1948 fornacem
439 1905 534 1946 suum
557 1883 696 1946 transire
721 1882 799 1946 iecit
827 1883 1007 1948 cardinalis
1033 1889 1067 1947 et
1092 1883 1245 1967 rejecit⁸2
1280 1905 1354 1949 oum

252 2008 370 2070 magno
386 1995 494 2050 autem
509 1986 553 2062 id,
569 1993 606 2049 ut
621 1986 765 2064 timetur,
777 1985 878 2050 totius
892 1985 1010 2050 fabule
1025 1984 1228 2051 detrimento.
1266 1987 1355 2052 Nom

253 2090 281 2153 is
295 2090 385 2154 locus
400 2089 469 2152 eliis
483 2088 621 2152 maxime
636 2088 804 2152 videbatur
819 2088 954 2167 adrem,
970 2095 1003 2152 et
1015 2094 1120 2152 tentas
1133 2090 1263 2153 maltam
1277 2091 1354 2156 alte·

252 2192 387 2275 antitis:
411 2199 444 2257 et
467 2192 595 2276 quidem
619 2213 686 2256 non
704 2192 752 2255 ita
771 2191 897 2275 pridem
912 2192 1009 2256 Peter
1023 2192 1210 2271 Lusitanus,
1225 2193 1274 2257 vir
1287 2215 1353 2258 non

255 2296 359 2359 infimi
380 2295 527 2374 nominis,
544 2316 733 2378 congressus
749 2295 888 2358 Lutetiae
907 2315 982 2358 cum
996 2294 1150 2358 Ministro
1167 2294 1220 2377 (de
1235 2296 1354 2360 nostris

255 2400 343 2482 uno,)
362 2398 419 2462 ubi
441 2405 574 2462 ventum
596 2397 637 2460 ad
657 2398 894 2480 Purgatorium,
910 2418 984 2461 cum
1006 2397 1225 2461 dimicandum
1241 2420 1302 2483 pro
1315 2421 1354 2464 eo

253 2501 347 2578 foret,
362 2501 470 2564 locum
491 2500 584 2563 illum
606 2506 760 2582 tanquam
779 2501 906 2562 Clavum
925 2499 1073 2562 Hermolis
1087 2499 1245 2580 adhibuit,
1260 2502 1353 2581 ursit,

254 2604 380 2686 pressit,
391 2609 550 2686 quantum
562 2603 676 2685 potuit,
690 2603 778 2685 quasi
794 2603 905 2686 positae
916 2603 951 2665 in
966 2623 1004 2666 eo
1015 2602 1151 2666 fortunae
1161 2604 1352 2688 Purgatorii,

254 2706 345 2789 quasi
359 2707 422 2768 nisi
435 2706 523 2769 locus
538 2706 600 2768 iste
615 2704 749 2783 substet,
762 2715 870 2769 uotum
881 2706 921 2769 de
931 2706 1130 2789 Purgatorio.
1162 2708 1353 2791 Pergratum

253 2809 362 2891 itaque
385 2808 479 2872 nobis
502 2808 578 2871 fecit
604 2807 795 2886 cardinalis,
819 2809 874 2891 qui
898 2816 989 2871 tanto
1015 2808 1124 2872 labore
1147 2811 1353 2894 perpurgavit

253 2911 346 2974 nobis
360 2911 466 2975 locum
480 2911 582 2988 illum,
595 2917 628 2973 et
639 2910 755 2993 frigere
769 2910 815 2974 ibi
830 2911 939 2974 docuit
951 2911 1176 2993 Purgatorium
1192 2933 1261 2976 rem
1276 2914 1353 2977 eali-

253 3013 426 3076 dissimom.
473 3014 573 3098 Cujus
584 3013 653 3097 jam
669 3013 893 3076 auctoritatem
909 3013 1002 3076 nobis
1016 3013 1122 3090 liceat,
1136 3013 1245 3078 locum
1258 3016 1352 3079 illum

253 3117 410 3196 afferenti,
425 3127 581 3199 tanquam
596 3117 707 3197 Ajaeb
725 3116 871 3198 Clypeam
886 3137 1056 3200 opponere,
1071 3123 1115 3195 et,
1131 3117 1236 3201 siquis⁴
1245 3118 1275 3182 ei
1289 3120 1352 3184 fer·

285 3325 296 3355 o
315 3316 341 3381 [⁴⁸
352 3315 462 3373 Quartus
479 3317 548 3365 loeus
570 3320 609 3365 eet
627 3314 667 3363 Ps.
681 3316 779 3364 mvii.
824 3315 886 3363 ibid.
898 3314 922 3380 1]
939 3314 1089 3365 ‘Decimus'
1112 3316 1178 3381 [Op.,
1198 3323 1259 3367 tom.
1273 3318 1302 3368 ii.
1326 3334 1350 3383 p.

252 3379 364 3430 Domine
375 3397 407 3431 ne
417 3381 446 3430 in
450 3380 552 3443 sarone,
565 3385 611 3430 ete.
646 3379 701 3428 bui
711 3381 780 3429 enim
824 3379 890 3441 399]

253 3444 308 3494 haee
327 3446 404 3494 verbo
422 3448 490 3494 voris
508 3447 600 3508 exponi
623 3445 781 3507 possunt''-
856 3444 903 3508 ‘[“
912 3443 1066 3507 Respondes,
1075 3459 1127 3494 non
1134 3445 1205 3508 sequi
1213 3446 1350 3497 seeundum

253 3509 317 3559 Bell.
329 3510 389 3584 ibid.
403 3509 426 3574 1]
440 3510 578 3567 'Quartus'
595 3509 662 3573 [Op.,
679 3513 740 3557 tom.
751 3509 778 3558 ii.
823 3509 922 3570 regulus
932 3508 1174 3594 Dfflfffflssuffl
1186 3510 1252 3573 qnod
1267 3512 1351 3562 interi.

252 3574 546 3712 33ῗὲ3111111...
567 3641 606 3686 ..ι
622 3636 777 3689 poem.
821 3572 1338 3706 99399339111333911

256 3703 434 3752 Transieimns
454 3717 501 3764 per
524 3717 615 3764 sanem,
642 3706 689 3751 ete
728 3701 779 3750 Hie
824 3701 986 3764 ‘Respondes
1003 3716 1054 3751 uon
1067 3703 1153 3765 sequi.'
1181 3705 1237 3768 Op„
1247 3709 1309 3755 tom.
1322 3708 1350 3755 ii.

252 3768 328 3816 etiam
346 3767 415 3816 loeus
431 3771 514 3830 potest
530 3766 621 3816 hebere
635 3767 716 3814 varios
727 3780 779 3814 sen·
822 3781 845 3828 p.
859 3769 914 3815 393.
924 3765 962 3830 B.]

252 3831 411 3880 sm''-Bell.
432 3830 492 3879 ibid.
512 3831 535 3895 1]
554 3831 690 3888 'Quintus'
713 3830 724 3895 [
747 3845 779 3893 p,
855 3838 867 3860 ¹¹
885 3829 958 3894 [Bell.
970 3830 1044 3895 ibid]
1053 3846 1105 3894 esp.
1113 3834 1134 3881 5.
1159 3832 1350 3897 ss‘Seeundus'

252 3900 313 3944 tom.
326 3895 352 3944 ii.
370 3910 394 3958 p.
407 3897 461 3944 392.
475 3894 513 3959 R]
823 3894 890 3959 [Op.,
908 3900 968 3944 tom.
980 3897 1007 3945 ii.
1025 3911 1048 3959 p.
1059 3897 1152 3946 3931).

286 3959 338 4023 ¹[“
350 3959 436 4008 Nouus
454 3960 523 4009 locus
540 3963 580 4008 est
601 3958 674 4007 meh.
686 3957 720 4005 ix.
739 3957 779 4006 Ta
854 3967 866 3990 ¹
884 3959 961 4023 [Bell.
984 3959 1058 4023 ibid]
1080 3976 1132 4023 sap.
1145 3964 1168 4011 6.
1190 3961 1224 4026 [t]
1246 3961 1350 4012 ‘Secun-

253 4031 337 4073 antem
344 4024 373 4071 in
382 4025 507 4086 sangnine
516 4022 668 4073 Testamenti
678 4022 724 4081 tui,
731 4027 777 4071 ete.
822 4023 898 4072 dum.¹
915 4024 982 4088 [Op.,
999 4030 1059 4074 tom.
1072 4026 1099 4073 ii.
1116 4041 1140 4088 p.
1153 4025 1259 4090 397.Α.]

253 4087 309 4136 Etsi
330 4089 399 4137 enim
422 4089 489 4136 huno
510 4089 602 4145 locum,
624 4087 685 4135 ste.''
703 4088 776 4155 utin
852 4097 863 4127 7
880 4088 952 4153 [Bell.
971 4089 1033 4137 ibid.
1047 4089 1069 4152 1]
1089 4090 1192 4140 ‘Prima
1210 4092 1264 4140 est!
1282 4090 1350 4156 [Op.,

253 4153 430 4202 textu-Bell.
449 4152 538 4213 ibide
571 4150 690 4200 ‘Nonus’
710 4149 776 4213 [Op.,
819 4158 881 4202 tom.
893 4153 919 4200 ii.
937 4167 960 4214 p.
973 4157 1028 4204 396.
1042 4153 1081 4218 It]

252 4221 313 4265 tom.
326 4217 353 4266 ii.
371 4232 395 4280 p.
407 4219 462 4267 399.
475 4217 502 4266 F.
510 4216 539 4266 G.
853 4224 862 4247 ¹
880 4217 953 4282 [Bell.
966 4217 1040 4281 ibid]
1057 4233 1109 4280 cap.
1123 4221 1144 4267 8.
1169 4217 1191 4282 1]
1204 4219 1350 4270 ‘Utuntur'

285 4288 294 4312 ⁸
311 4280 337 4345 [‘⁴
347 4280 466 4331 Decimus
482 4280 551 4330 loeus
568 4283 607 4329 est
621 4279 728 4329 Mulseh.
739 4279 776 4326 iii.
822 4280 888 4345 [Op.,
904 4285 967 4330 tom.
979 4283 1006 4331 it
1024 4297 1048 4345 p.
1060 4285 1115 4332 398.
1129 4282 1155 4331 F.

251 4344 313 4408 Ipse
324 4344 417 4394 sedebit
427 4344 503 4406 qimai
513 4344 581 4406 ionis
591 4343 709 4408 conflans,
726 4348 773 4392 etc.
851 4353 861 4376 ¹
878 4345 956 4409 [Vide
969 4345 1071 4395 selide
1084 4347 1159 4407 Purg.
1175 4348 1220 4396 lib.
1231 4348 1248 4398 i.
1260 4364 1315 4413 esp.
1325 4352 1348 4400 5.

251 4409 400 4472 Quanquam
416 4422 491 4471 poenn
507 4408 551 4459 ills
567 4409 712 4471 purgatorio
724 4421 776 4457 non
819 4410 874 4473 Op,
892 4414 953 4459 tom.
966 4411 992 4458 ii.
1004 4424 1046 4473 pp.
1059 4411 1206 4474 393-393.]

249 4478 287 4523 est
303 4488 341 4533 es,
359 4473 391 4522 ds
406 4487 456 4535 qun
471 4487 538 4522 nune
555 4471 775 4535 agimus.’'-Bell.
