2910 4926
255 256 320 320 226
569 270 612 317 ao
635 269 826 318 conaminis
848 268 1048 318 aumsurrmr

257 423 408 509 pretium,
432 433 470 489 ut
497 426 617 490 Caesari
639 425 773 490 referret
798 447 868 489 rem
891 424 1016 502 falsam,
1044 443 1116 506 quae
1138 421 1271 486 Petrum
1294 443 1363 487 me·

259 529 363 593 moria
376 529 574 613 contigisset.
613 531 691 593 Non
707 529 887 593 conductus
901 527 1019 610 (credo)
1034 525 1160 605 adhoc,
1176 526 1365 589 chootore

141 630 204 694 168
261 632 337 696 ullo.
384 632 448 695 Sed
478 634 636 696 convincet
665 641 776 697 temen
798 631 892 713 salsi,
919 630 1005 714 quod
1034 630 1140 693 Casca
1168 630 1222 692 ille
1251 629 1364 692 tertius

260 755 374 798 osores
387 756 449 798 noa
463 736 611 817 eadpiot.
657 735 744 802 Quid
760 757 850 818 opus,
867 757 945 819 quas
960 733 1134 817 excepisset
1149 732 1363 815 Paphnutius,

261 838 446 922 priusquam
462 840 575 903 Canon
589 839 695 923 rogari
710 840 841 922 posset?
887 837 974 905 Quid
990 858 1081 919 opus,
1097 857 1176 919 quas
1192 858 1363 899 συνεισαιι-

262 943 325 1006 τῶν
347 942 477 1006 nomine
496 963 593 1006 ncmo
614 943 786 1026 intelligat,
803 949 836 1006 ct
858 942 899 1006 de
917 942 1044 1025 quibus,
1060 940 1199 1024 suspicio
1212 960 1280 1004 non
1294 939 1363 1003 sit?

294 1084 392 1135 Deinde
414 1085 461 1150 [S.]
478 1085 660 1150 Epiphanius.
678 1123 683 1136 .
701 1123 707 1137 .
726 1090 753 1137 ct
771 1086 820 1152 [S.]
841 1085 1060 1149 Hieronymus..
1078 1087 1164 1147 aperto
1180 1083 1294 1132 scribunt
1310 1095 1365 1132 csse

327 1173 415 1218 eontra
430 1168 543 1218 (lanoncs
561 1204 567 1216 .
585 1204 591 1217 .
609 1204 616 1218 .
634 1204 640 1218 .
658 1167 692 1218 Et
706 1173 773 1219 certo
792 1205 798 1219 .
816 1205 823 1218 .
840 1205 846 1218 .
864 1205 870 1217 .
889 1168 980 1230 mojori
997 1166 1048 1217 fide
1065 1166 1139 1229 digni
1155 1169 1222 1226 sunt,
1233 1178 1310 1228 quam
1321 1163 1364 1214 So

327 1262 454 1308 zomcnus,
469 1250 514 1311 qui
531 1249 654 1312 posterior
670 1253 784 1312 tempore
801 1253 828 1299 ct
844 1248 948 1298 interior
959 1247 1081 1308 doctrino,
1093 1251 1119 1297 et
1129 1247 1263 1297 sanctitate
1274 1245 1366 1295 ruit.-

328 1327 401 1394 [Bcll
412 1329 488 1392 Apol.
498 1343 544 1392 pro
553 1328 639 1394 Resp]
651 1345 675 1395 p.
689 1332 727 1380 89.
741 1330 811 1394 [ορ.,
822 1330 936 1380 tom.vii.
949 1330 995 1379 col.
1004 1330 1059 1381 754.
1072 1327 1118 1392 Β.]

98 1432 250 1511 [sallpph.
309 1426 374 1490 Scd
390 1428 602 1509 Epiphanius
623 1435 652 1491 et
671 1429 908 1510 Hieronymus,
924 1435 1034 1491 contra
1052 1428 1191 1490 Curiones
1210 1431 1365 1504 esserunt,

98 1498 250 1563 ‘immi
263 1536 298 1592 ut
321 1531 505 1612 Episcopus,
530 1532 709 1613 Presbyter,
738 1533 908 1610 Diaconos,
939 1531 1051 1594 liberos
1076 1532 1219 1613 pipnoat.
1266 1531 1364 1594 Sozo-

262 1654 377 1697 menus
414 1653 485 1697 vero
519 1635 676 1715 posterior
712 1641 857 1717 tempore.
901 1633 1075 1698 Minutiae:
1107 1633 1275 1726 posterior,
1309 1632 1367 1714 qui

263 1744 373 1800 tumen
395 1736 508 1799 cadem
530 1743 625 1801 aetote
643 1737 731 1800 sirit.
776 1736 916 1819 Inferior
930 1737 1028 1800 etiam
1043 1737 1187 1799 doctrino
1202 1741 1232 1799 ct
1245 1736 1365 1798 sancti·

264 1845 329 1903 tote
338 1866 349 1913 ;
377 1846 411 1902 at
432 1839 467 1901 id
486 1861 553 1903 non
569 1840 733 1922 quaeritur,
750 1862 791 1903 an
807 1841 928 1904 doctior
942 1842 1127 1917 sanctiores,
1143 1838 1199 1903 sed
1214 1860 1256 1901 an
1270 1859 1366 1902 verus

262 1941 298 2005 in
321 1942 463 2029 historia.
512 1944 610 2020 Nam,
637 1965 717 2028 quos
746 1944 795 2007 illi
821 1945 969 2008 (lenones
993 1942 1214 2007 contravenire
1240 1941 1364 2020 dicunt,

264 2045 402 2108 Romani
418 2052 519 2108 crant.
568 2046 688 2110 Videas
710 2047 773 2111 hoc
794 2047 830 2109 in
852 2053 941 2110 sexta
959 2046 1089 2130 Synodo
1105 2046 1266 2124 Generali,
1284 2046 1365 2109 Can.

263 2147 345 2211 xiiis
367 2146 424 2211 ubi
449 2150 629 2213 Romanum
654 2150 842 2229 Ecclesiam,
864 2149 903 2213 de
927 2151 1060 2214 Conone
1082 2150 1149 2227 illo,
1171 2148 1367 2212 nominatim

262 2250 487 2333 perstringunt
500 2252 621 2332 Patres,
638 2262 671 2317 et
685 2275 739 2330 nc,
751 2254 802 2317 vel
816 2253 914 2318 sacris
930 2260 1109 2330 arceantur,
1125 2252 1181 2335 qui
1195 2252 1365 2334 conjugati,

263 2375 344 2417 neve
372 2375 435 2418 usu
465 2357 601 2437 conjapii
627 2365 702 2421 voto
731 2357 838 2441 aliquo
867 2357 1042 2440 priventur,
1068 2376 1176 2420 severe
1205 2355 1366 2419 sanciunt.

265 2458 367 2520 Suum
382 2479 457 2521 vero
477 2459 566 2523 hunc
582 2461 747 2525 Cononem
769 2461 911 2545 antiquis
935 2468 967 2524 et
982 2459 1176 2544 Apostolicis
1195 2465 1365 2523 consenta-

263 2581 379 2625 ncum:
405 2562 589 2625 Romanum
604 2584 679 2627 vero
695 2565 902 2628 contrarium.
1041 2578 1043 2582 “

296 2705 414 2769 Episcopi
427 2705 573 2769 Anglicsni,
585 2711 731 2772 contempta
741 2710 797 2773 legs
809 2710 926 2770 Consilii,
943 2747 949 2762 .
967 2747 973 2760 .
991 2747 997 2759 .
1011 2725 1101 2761 uxores
1113 2711 1209 2761 ducunt
1220 2710 1296 2761 otiam
1308 2714 1366 2774 post

327 2787 447 2852 adeptum
470 2788 657 2852 Episcopatum.
691 2791 780 2854 ltaque
800 2793 896 2841 nullam
918 2792 1014 2841 lrabcnt
1035 2793 1229 2842 excusationem.
1241 2820 1272 2829 —
1286 2791 1365 2857 [Bell.

328 2870 403 2933 Apol.
416 2885 461 2933 pro
473 2869 561 2935 Resp]
575 2887 599 2936 p.
612 2875 650 2922 90.
664 2871 733 2936 [Op.‚
745 2877 807 2923 tom.
819 2874 864 2922 vii.
875 2873 920 2922 col.
931 2873 986 2924 755.
999 2873 1044 2936 Α.]

101 2983 212 3096 protom
307 2969 401 3033 Nova
416 2971 464 3034 lis.
510 2972 640 3034 Ducunt
653 2974 763 3052 nostri,
780 2973 874 3035 etiam
890 2978 1056 3053 postquam
1072 2973 1178 3054 adorti
1192 2973 1366 3055 Episcopo·

101 3061 227 3162 &ff
265 3078 324 3153 tus,
341 3096 438 3157 quare
452 3078 682 3140 comisationem
698 3080 816 3141 nuttam
830 3078 953 3140 tabent.
987 3076 1120 3140 Habent
1134 3099 1218 3142 vero.
1248 3079 1366 3141 Totum

102 3175 228 3240 lmissvil
265 3179 352 3241 enim
368 3179 430 3242 hoe
445 3180 572 3263 positivi
587 3181 684 3245 modo
700 3180 793 3263 juris.
837 3181 1049 3262 Argumento,
1066 3180 1152 3264 quod
1166 3180 1201 3243 in
1216 3180 1366 3264 conjugio

266 3280 352 3344 Cleri
368 3280 418 3344 sui
432 3283 538 3346 Graeci
553 3283 616 3346 alio
628 3283 701 3367 jure
717 3290 865 3360 utuntur,
878 3282 987 3345 Latini
1002 3283 1074 3346 alio.
1116 3284 1275 3345 Luxatnm
1290 3304 1367 3347 vero

261 3382 316 3465 jus
338 3378 438 3460 istud,
455 3391 488 3447 ct
502 3385 639 3447 rcfixum
655 3385 742 3467 apud
757 3406 826 3462 nos,
848 3384 978 3467 Synodo
1000 3383 1153 3466 legitima.
1199 3383 1307 3446 Etiam
1327 3384 1368 3466 (si

264 3505 333 3548 non
355 3485 474 3549 erravit
499 3487 652 3550 Pontifex
678 3486 755 3549 Pius
778 3487 837 3568 ΙΙ.)
868 3486 951 3550 bono
977 3485 1054 3549 olim
1072 3487 1146 3569 jure
1168 3487 1286 3562 fixum3
1310 3487 1367 3549 scd

264 3586 397 3650 meliore
419 3588 488 3671 jam
505 3588 590 3672 apud
604 3610 660 3651 vos
676 3610 801 3672 quoque
823 3589 1021 3672 religendum
1031 3600 1055 3652 l.
1101 3590 1219 3653 Caesari
1234 3589 1280 3652 sie
1295 3591 1366 3673 qui-

298 3764 306 3794 ¹
327 3763 388 3826 [Kal
410 3766 488 3814 ταῦτα
506 3765 622 3826 ἀσφαλῶς
639 3765 654 3823 ἡ
673 3765 731 3827 ἁγία
753 3769 796 3815 τοῦ
839 3766 901 3828 quid
923 3766 1035 3829 AEgypti,
1057 3771 1083 3816 et
1110 3766 1176 3816 sedis
1198 3767 1368 3830 Apostolicaet

265 3829 327 3875 θεοῦ
351 3829 471 3888 ἐκκλησία
492 3830 555 3889 μετὰ
577 3829 696 3892 ἀκριβείας
720 3849 794 3892 rupo·
839 3845 896 3892 quae
914 3837 958 3880 aut
976 3832 1087 3892 virgines
1103 3831 1213 3881 Clericus
1229 3833 1366 3894 accipiunt,

264 3889 422 3953 φυλάττεται.
443 3893 508 3944 ἀλλὰ
525 3894 565 3943 sal
582 3894 627 3943 τὸν
643 3895 681 3944 ἔτι
696 3897 795 3951 βιοῦντα
838 3901 883 3943 aut
893 3895 1066 3955 continentem
1083 3902 1134 3956 aut,
1145 3898 1165 3945 si
1176 3911 1265 3945 uxores
1276 3896 1368 3946 hobus·

265 3956 306 4004 urai
322 3956 521 4017 τικνιιγονοῦντιι,
538 3960 592 4018 μιᾶς
607 3959 719 4019 ’γυναικὸς
737 3958 795 4008 tm
837 3960 898 4017 rint,
910 3961 998 4009 mariti
1010 3975 1062 4010 esso
1073 3960 1278 4010 desistunt.”—S.
1294 3960 1365 4010 Hier.

263 4018 344 4082 tropa,
373 4022 401 4068 ot
434 4022 540 4085 δέχεται,
569 4023 636 4072 ilat
662 4024 708 4072 ἀπὸ
739 4026 794 4084 μιᾶς
837 4028 917 4073 contr.
931 4024 1082 4087 Vigilscct.
1095 4028 1117 4075 2.
1136 4026 1192 4089 Op,
1209 4025 1365 4075 tom.ii.col

265 4083 494 4146 Ιγκριιτευσᾶμινον,
506 4087 520 4143 ἡ
532 4086 692 4148 χηρεύσιιντιι,
710 4088 794 4137 Asdara
838 4091 893 4138 389.
906 4088 948 4152 Β.]

915 4221 929 4244 “
942 4218 1002 4267 Sace

264 4146 307 4196 r6r
317 4167 354 4207 rr,
365 4150 405 4198 rai
418 4151 637 4214 Πρισβύτιρον,ιιαὶ
645 4151 793 4211 'Brittomaro
870 4161 881 4184 ¹
899 4152 977 4280 ime
987 4168 1069 4266 appril,
1087 4167 1111 4215 p.
1124 4156 1178 4205 217.
1191 4158 1243 4204 not.
1255 4153 1284 4217 ἦ]

263 4212 305 4261 rai
317 4212 489 4273 'Trotrdscrom
500 4215 609 4274 μάλιστα
620 4215 678 4263 ὅπου
689 4216 794 4277 ἀκριβῶ
870 4225 881 4258 5

262 4274 360 4326 natm
380 4279 403 4327 ot
422 4277 683 4338 tremuerant-S.
701 4279 794 4343 Epiph.
837 4280 949 4331 sublatas
965 4283 1075 4345 nuptias,
1091 4282 1182 4345 majori
1198 4284 1368 4336 restituendus

262 4338 333 4390 Hoer.
344 4341 531 4406 lix.((lathori.)
544 4344 626 4406 capt.
641 4342 696 4407 Op,
707 4346 792 4394 tomi.
837 4345 975 4394 sicestr-
983 4347 1088 4396 Dictum
1109 4346 1184 4410 Pupoo
1205 4348 1246 4397 Pii
1266 4349 1318 4410 11.;
1338 4351 1368 4400 iu

261 4416 286 4468 p.
299 4406 355 4453 lto.
370 4405 415 4482 Β.]
837 4409 900 4460 Vita
910 4411 964 4474 ojus
972 4411 1040 4475 apud
1052 4411 1145 4461 Platin.
1154 4412 1186 4462 do
1193 4413 1263 4463 Vitis
1272 4413 1368 4466 Pontis.

293 4474 305 4498 ¹
323 4467 352 4532 [“
360 4467 427 4527 Qord
438 4469 531 4522 facient
541 4471 653 4523 Orientis
664 4472 793 4525 ecclesiscl
836 4488 862 4538 p.
874 4475 941 4539 392]

1034 4219 1119 4267 otibus
1148 4233 1241 4280 magus
1268 4220 1368 4271 rationo
