2910 4926
460 282 642 333 reomensi
664 284 846 334 sessorem.
1139 267 1204 331 177

103 430 159 514 qni
173 438 240 495 tom
255 433 396 516 indigns,
411 435 554 503 Henrico
566 440 648 518 ΠΝ,
664 438 826 504 Friderico
839 437 893 516 I.¹¹,
907 443 940 501 et
955 434 1203 516 11.⁷,Lud0vieo

103 535 252 600 stsro'
275 535 465 618 intulerunt,
491 543 544 624 qui
573 542 835 626 proscripserunt,
860 540 958 604 etiam
987 539 1202 603 abdicarunt?

105 639 202 702 Certe
218 638 373 720 Caligula,
389 641 440 704 vel
455 643 555 722 Nero,
576 667 644 708 non
666 645 803 723 fecisset,
824 643 910 728 quod
927 643 1048 706 foetum
1065 642 1204 724 legimus

104 741 266 805 friderico
280 742 321 806 ab
336 744 519 810 Alexandro
535 747 602 811 III.

140 890 199 941 Peri
210 891 338 942 calumnie
348 892 508 947 (terdinslsm
523 896 669 959 Beronium,
680 899 764 948 virum
780 913 850 962 oequc
868 897 947 962 pium,
962 911 992 947 uc
1008 895 1121 958 doctum,
1132 911 1160 946 oc
1172 895 1204 946 do

171 973 294 1024 Historiis
311 975 495 1028 Ecclesiasticus
513 981 609 1043 optime
628 981 757 1039 meritum,
774 978 958 1044 aspergendum
979 993 1031 1028 esse
1049 978 1104 1028 Rex
1120 977 1204 1038 duxit,

169 1054 291 1117 majorem
307 1054 383 1106 fidem
396 1057 489 1108 hebens
501 1059 595 1112 famoso
607 1061 704 1119 libello,
714 1076 789 1125 quom
800 1062 862 1111 viris
873 1058 1116 1123 gravibus-[Bell.
1127 1060 1204 1123 Apol.

170 1148 215 1199 pro
227 1134 311 1200 Rcsp]
322 1151 348 1200 p.
357 1141 396 1189 56.
410 1139 478 1204 [Op.,
491 1145 552 1190 tom
562 1142 605 1191 vii.
618 1142 674 1192 coll.
687 1142 741 1194 736.
754 1141 798 1205 B.]

150 1234 309 1299 Batonius
335 1243 411 1300 tuus
432 1238 493 1302 tibi
519 1241 585 1304 sit:
620 1248 658 1304 tu
680 1240 736 1304 illi
767 1234 838 1319 nt,
863 1240 901 1303 de
924 1239 1070 1303 Historia
1092 1239 1203 1303 Eccle-
1218 1254 1367 1320 [edisses

106 1339 236 1402 siastieo
260 1341 389 1403 mestus
411 1342 523 1405 multis
549 1343 584 1406 in
609 1343 696 1420 locis,
721 1344 842 1427 optime
865 1343 999 1407 meritus
1027 1342 1203 1427 spongiam.
1217 1319 1368 1446 {ffiffi

107 1441 216 1505 Verba
229 1463 314 1521 vero,
332 1465 401 1526 quse
422 1446 491 1508 Rex
512 1445 559 1509 ibi
576 1446 684 1525 refert,
703 1447 739 1510 in
760 1446 866 1510 frontc
887 1452 963 1510 sunt
985 1445 1068 1525 libri,
1089 1452 1126 1508 ut
1146 1466 1206 1509 nec

101 1543 239 1624 famosis
263 1546 375 1609 libellis
401 1547 570 1631 quicquum
594 1570 674 1632 opus
705 1549 748 1612 sit
779 1548 819 1611 ad
847 1549 1078 1631 aspependom,
1101 1569 1206 1631 neque

104 1647 254 1728 previbus
276 1649 341 1711 illis
363 1651 450 1728 viris,
467 1650 508 1713 ad
528 1652 745 1733 deterpeodom
759 1650 935 1713 infamiam.
982 1652 1084 1734 Surge
1099 1653 1205 1728 Petro,

109 1750 243 1829 oecide¹,
260 1751 337 1834 quid
352 1751 412 1816 sibi
426 1753 544 1830 velint3
568 1776 721 1836 quorsum
738 1753 809 1836 quis
832 1759 952 1836 quaeret
972 1753 1205 1836 interpretem?

109 1853 343 1935 Neutrobique‚
356 1854 406 1918 vel
420 1855 454 1918 in
463 1857 609 1937 pastione
624 1865 690 1934 tua,
701 1856 751 1919 vel
761 1856 796 1918 in
810 1857 996 1918 mactatione
1011 1856 1080 1939 ejus
1096 1876 1207 1918 sensus

110 1956 276 2019 venissel
300 1957 383 2039 pius,
409 1958 465 2020 sed
489 1980 584 2040 qucm
608 1958 668 2021 viri
689 1959 775 2022 leves
798 1964 960 2021 testentur
981 1957 1073 2035 forte,
1094 1978 1209 2039 proves

111 2059 321 2123 detestentur.
367 2062 411 2122 Et
436 2060 543 2124 labem
573 2082 650 2144 ergo
679 2061 731 2124 hic
761 2060 822 2124 sibi
852 2061 990 2142 osperpit
1016 2059 1207 2126 Cardinslis

113 2161 242 2225 Falsum
266 2162 352 2226 enim
377 2164 498 2226 crimen
523 2164 661 2228 scienter
685 2162 834 2241 intendit,
851 2162 938 2240 dum,
958 2164 1066 2246 (quam
1089 2162 1209 2226 fatetur

111 2263 180 2347 ipse
194 2265 273 2346 rem)
294 2267 485 2347 csperpioem
500 2266 577 2330 dicit
599 2268 769 2330 calumnie.
813 2266 910 2343 Nem,
926 2266 961 2327 ni
984 2286 1112 2329 sensum
1134 2286 1209 2328 eum

111 2364 183 2430 loco
211 2366 337 2430 fecisset
368 2368 534 2447 Beronius,
566 2390 623 2432 cur
651 2369 709 2447 illi,
743 2370 835 2450 (quos
865 2367 944 2431 dicit
971 2370 1056 2430 ciros
1081 2370 1205 2451 proves)

112 2470 239 2550 seriptis
254 2470 342 2532 libris
356 2492 477 2533 sensum
492 2471 565 2534 bene
581 2471 620 2534 ab
635 2492 669 2534 eo
684 2472 873 2551 eeplicctom
888 2469 1145 2534 contenderent?

157 2572 273 2636 Procul
285 2594 358 2636 vero
370 2574 440 2636 Rex
455 2574 552 2638 habet
568 2596 587 2637 s
602 2597 636 2638 se
644 2574 786 2655 famosos
797 2581 829 2638 et
842 2574 968 2652 libellos,
981 2580 1014 2637 et
1023 2574 1211 2645 rebelliones,-

113 2675 225 2758 procul
247 2682 279 2738 et
294 2697 349 2739 ros
372 2674 499 2754 habete,
515 2677 624 2759 quoles
641 2677 776 2740 Sanderi
796 2684 883 2756 sunt,
899 2684 931 2741 et
946 2676 1102 2741 Personii.
1148 2662 1212 2739 Sed

114 2779 150 2841 in
172 2779 243 2856 hoc,
260 2777 359 2859 same
382 2779 472 2842 locus
498 2780 616 2858 nullus,
639 2801 699 2845 uec
715 2780 919 2863 semiperolo.
965 2779 1100 2844 Recenti
1125 2778 1213 2842 enim

115 2884 221 2948 adhuc
235 2884 416 2962 rcVeneto,
427 2884 503 2947 exiit
512 2884 667 2966 Epistola,
678 2885 864 2968 praescripta
878 2885 956 2967 (non
964 2883 1055 2947 'forti
1066 2883 1212 2965 alicujus,

115 2987 281 3050 seeundum
295 2988 419 3068 repulse
433 2986 704 3066 Ecclesiasticus,
718 2989 787 3070 sed)
801 2987 933 3051 Beronii
947 2987 1048 3070 ipsius
1069 2985 1212 3063 nomine,

114 3090 245 3174 passim,
260 3110 318 3173 per
336 3110 450 3152 munus
472 3090 641 3153 hominum
665 3103 845 3174 pervagato.
891 3090 953 3169 Ibi,
975 3089 1106 3173 periodo
1129 3110 1213 3173 pene

115 3195 228 3278 prims,
240 3194 337 3278 legat,
350 3195 568 3275 crpuqooodos
573 3194 700 3275 pereites
711 3200 803 3276 etque
815 3193 995 3257 occidendos
1009 3194 1147 3270 Venetos,
1159 3194 1216 3256 sed

116 3319 156 3361 eo‘
170 3319 288 3361 mmmo
303 3298 458 3361 charitate
467 3306 487 3361 ².
534 3298 608 3362 Quo
622 3297 792 3381 exemplo?
836 3297 954 3378 Nempe
971 3297 1116 3379 areperti
1130 3297 1213 3373 VH,

117 3409 149 3466 et
162 3403 340 3466 Aleeandri
354 3403 428 3479 111,
445 3421 573 3483 quorum
594 3402 647 3464 ille
661 3402 841 3478 Heoricum,
859 3402 911 3462 bic
927 3400 1121 3463 diedericum
1138 3400 1216 3480 (non

118 3505 262 3585 dubium,
288 3506 365 3588 quin
385 3527 452 3590 pree
472 3527 580 3569 amore
602 3507 740 3586 summo)
759 3509 985 3585 coposuerunt.
1030 3504 1123 3567 Duos
1144 3502 1215 3580 hos,

117 3608 285 3693 populures
308 3629 392 3684 suos,
421 3610 588 3685 Senenses,
614 3607 786 3670 imitandos
813 3606 914 3669 Paulo
937 3605 1096 3688 proponit,
1118 3611 1216 3687 etque

116 3712 199 3774 idem
220 3712 279 3786 illi,
303 3731 372 3774 cem
392 3712 524 3788 Venetis,
550 3718 705 3773 certamen
730 3709 807 3773 dicit
832 3710 1008 3772 ineundum.
1054 3708 1216 3774 Quorsum

118 3835 194 3897 orgo
211 3814 317 3878 fronte
339 3815 392 3878 hic
410 3835 500 3897 opus,
515 3824 553 3876 ut
571 3835 640 3877 rem
659 3813 826 3896 indignam
847 3812 940 3876 vultu
963 3810 1075 3874 audaci
1095 3810 1217 3888 fulciet,

119 3919 177 3983 ubi
191 3917 370 3983 innumeris
388 3917 624 4000 exemplaribus
649 3917 795 3981 convinci
815 3922 932 3999 potest,
959 3920 992 3978 et
1013 3914 1048 3976 in
1067 3912 1219 3978 ruborem

153 4099 162 4130 ²
180 4097 258 4162 [Vide
278 4096 344 4146 Gotf.
360 4095 459 4145 Viterb.
481 4096 574 4146 chron.
596 4111 647 4160 por.
724 4104 741 4126 '
754 4092 961 4159 [Vicheynsld.
972 4092 1044 4142 Oont
1052 4093 1119 4141 Anu.
1129 4092 1218 4141 Boron.

121 4161 184 4211 xvii
196 4177 220 4225 p.
234 4150 296 4220 boh
313 4159 381 4223 spud
395 4160 484 4210 Pistor.
497 4161 552 4210 Rer.
566 4161 648 4210 Germ.
692 4166 753 4212 tom.
765 4175 806 4208 xv.
818 4158 850 4208 ed
861 4173 918 4208 sun
932 4160 1002 4207 1323.
1015 4157 1092 4206 Num.
1105 4160 1143 4207 30.
1156 4156 1217 4220 sce]

121 4226 214 4289 Script.
226 4229 286 4274 tom.
298 4225 325 4274 ii.
343 4239 368 4287 p.
381 4226 442 4282 344ς
460 4231 486 4274 ct
496 4226 559 4274 alios
569 4230 650 4275 arieto
725 4233 737 4256 ¹
766 4224 820 4272 Aet.
833 4223 921 4286 Apost.
932 4237 958 4270 x.
971 4222 1023 4286 13.]

122 4306 162 4341 res
179 4291 269 4339 citatos
284 4290 313 4338 in
326 4289 431 4340 'Portum
445 4289 523 4349 Tetti,
539 4305 580 4354 pp.
596 4292 650 4352 287,
726 4299 737 4330 t
769 4287 837 4336 Vide
848 4302 929 4351 supra,
940 4302 964 4349 p.
978 4289 999 4335 1.
1011 4290 1062 4335 not.
1075 4285 1103 4348 ⁸.]

122 4358 180 4405 288.
199 4352 367 4417 edissenis]
725 4354 763 4418 ι[
790 4352 830 4401 ide
839 4352 950 4402 Sontcut.
963 4350 1063 4400 Cardin.
1077 4349 1220 4409 Beron.,ed

156 4428 167 4450 ¹²
188 4418 266 4481 [Vide
277 4433 363 4482 snpra,
377 4422 468 4483 plot.
486 4423 537 4468 not.
550 4427 568 4466 ⁸.
693 4418 752 4468 cole
768 4431 859 4480 persen.
877 4415 908 4465 sd
926 4415 1012 4478 Remp.
1025 4416 1115 4465 Venct.
1127 4429 1168 4479 pp.
1181 4416 1221 4475 82,

156 4492 166 4514 '
186 4483 265 4549 [Vide
276 4498 358 4546 supra,
376 4499 400 4548 p.
412 4487 466 4534 142.
485 4488 536 4534 not.
548 4492 564 4531 ⁶.
694 4486 733 4534 83.
752 4484 816 4543 Aug.
826 4481 925 4529 Vindci.
938 4479 1021 4543 lece]

167 4579 409 4616 irenem-usse.
939 4577 962 4624 Ν
