2910 4926
246 269 311 333 220
560 288 603 336 nn
625 288 816 337 casnmams
837 288 1037 337 annasmni

240 439 368 504 Nereae.
413 441 615 504 Reddendum
630 463 756 525 qnoque
772 440 923 522 defectis
937 444 1091 505 rationem
1105 467 1114 503 :
1140 449 1343 519 nontamen,

240 542 367 625 qualem
391 543 569 607 Cardinalis
591 544 644 608 hic
665 544 793 608 videtur
813 544 1017 619 redditurus3
1049 544 1105 627 qui
1126 566 1192 607 non
1214 565 1343 627 compa-

239 643 324 708 rebit
343 645 478 728 (opinor)
494 666 567 708 enm
584 667 642 709 sua
656 646 716 709 hae
731 646 916 729 Theologia‚
932 647 967 709 in
982 647 1003 709 J
1005 646 1110 710 udicio
1125 647 1259 711 ultimo:
1282 667 1344 710 nec

240 746 384 810 dictums
399 749 463 825 ibi;
487 750 558 812 ‘En
574 770 698 830 operum
713 770 847 812 meorum
862 751 985 826 merita,
1002 750 1054 811 En
1063 747 1227 829 factorum
1242 750 1343 830 quali·

240 855 345 927 tatem,
364 872 423 934 pro
444 851 560 934 quibus
583 851 675 915 reddi
697 853 778 915 mihi
795 853 923 935 postulo
937 854 1037 915 vitam
1062 859 1225 915 aeternam.
1271 852 1344 917 Nec

240 954 370 1017 Patrem
384 955 437 1017 hie
452 962 529 1038 opto
543 957 782 1032 misericordem,
799 956 942 1018 Judieem
955 956 1078 1037 justam
1101 956 1247 1017 advenire
1262 955 1342 1018 mihi

238 1056 321 1120 volo.
366 1058 478 1140 Apage
501 1079 575 1121 vero
597 1059 737 1139 qratiam
756 1056 837 1138 fidei
863 1080 883 1121 a
906 1079 969 1136 mc,
993 1057 1044 1120 vel
1061 1058 1198 1138 justitie
1225 1058 1343 1120 Christi

239 1160 483 1223 misericorditer
506 1161 675 1241 imputate.
720 1161 820 1223 Facta
840 1181 908 1222 mea
931 1160 1047 1222 discuti
1069 1159 1158 1238 volo;
1183 1159 1343 1222 Eaieruot

239 1263 326 1325 enim
342 1284 426 1325 arne
441 1284 546 1344 opera,
563 1283 629 1344 qaae
652 1263 849 1344 omrobrium
864 1284 925 1325 naa
939 1268 1105 1341 mereatur,
1121 1268 1159 1325 ut
1175 1282 1246 1344 quae
1260 1262 1343 1325 nihil

238 1365 343 1428 vitiosi
369 1365 519 1444 habeant,
547 1366 628 1429 nihil
652 1367 868 1429 misericordia
894 1367 1065 1448 terendum.
1112 1365 1210 1442 Nam,
1237 1367 1266 1427 si
1294 1367 1342 1428 ito

238 1476 327 1546 esset,
342 1491 403 1532 aaa
414 1471 546 1551 justitia
552 1471 685 1552 judicis,
701 1470 758 1533 sed
771 1471 987 1532 misericordia
1003 1468 1124 1546 Patris,
1139 1470 1190 1531 uel
1203 1468 1342 1531 liberali-

237 1577 303 1634 tate
319 1572 479 1653 Principis
494 1594 569 1654 opus
584 1580 672 1650 esset,
690 1572 805 1656 quibus
819 1572 901 1636 mihi
915 1573 998 1636 nihil
1013 1570 1113 1655 opus.5
1159 1571 1293 1650 Mirum,
1306 1571 1342 1634 ni

238 1673 421 1753 addidisset,
445 1675 518 1737 Non
540 1677 621 1738 enim
642 1696 719 1754 uim,
734 1677 815 1738 sieut
831 1676 935 1737 ceteri
949 1676 1132 1753 hominumn,
1148 1675 1231 1737 velat
1245 1674 1342 1736 etiam

237 1777 271 1838 lei
293 1778 429 1840 homiues
443 1777 627 1855 Novatores,
652 1778 767 1860 quibus
789 1798 868 1860 opus
893 1788 942 1841 est
965 1778 1186 1842 misericordia
1207 1784 1273 1854 tua,
1297 1797 1340 1841 nc

237 1879 407 1942 malefacta
433 1881 478 1943 eis
504 1881 706 1963 imputentur
716 1907 726 1957 3
750 1887 783 1943 et
802 1881 931 1963 justitia
953 1881 1084 1959 Christi,
1111 1889 1148 1943 ut
1171 1878 1341 1943 benefacta

238 1990 440 2065 reputentur.
485 1983 562 2046 Hoee
577 1983 604 2046 si
626 1984 673 2046 ita
695 1982 770 2060 sint,
787 1983 874 2045 Pone
888 1984 1016 2060 scalam,
1034 1982 1154 2047 diceret
1170 1981 1336 2047 Cardinali

237 2085 480 2163 Constantinus,
501 2086 549 2167 (ut
572 2085 649 2149 olim
671 2085 787 2149 Acesio
802 2085 997 2167 Novatiano)
1018 2091 1048 2147 et
1070 2087 1154 2148 solus
1178 2086 1211 2147 ia
1233 2085 1339 2149 eoelam

237 2189 397 2252 aseeade0.

269 2340 306 2389 At
318 2341 340 2389 si
352 2341 389 2389 ita
400 2345 472 2402 osset,
484 2356 536 2391 non
548 2341 652 2404 justitia
662 2339 677 2388 J
681 2339 769 2399 udicis,
781 2340 821 2389 rel
833 2339 892 2404 [leg.
904 2338 969 2402 sed]
984 2375 989 2387 .
1002 2375 1008 2387 .
1023 2377 1028 2388 .
1042 2376 1047 2386 .
1062 2337 1236 2388 misericordia
1245 2338 1339 2399 Patris,

300 2421 340 2470 rel
352 2421 505 2471 liberalitate
517 2422 643 2485 Principis
654 2435 717 2483 opus
727 2419 914 2485 enei-[sen.
926 2419 1001 2482 Apol.
1013 2434 1059 2482 pro
1071 2418 1155 2484 Resp.]
1173 2434 1197 2482 p.
1211 2420 1249 2469 87.
1270 2418 1338 2484 [Op.‚

303 2503 415 2552 somnii.
428 2503 475 2552 eol.
488 2504 544 2554 753.
556 2503 583 2552 C.
596 2502 640 2566 lu]

76 2622 120 2685 [1¹1
133 2628 212 2702 extra
282 2619 361 2682 Jure
384 2628 492 2682 tamen
514 2619 650 2682 miretur
672 2619 753 2702 quis,
776 2626 809 2680 et
832 2623 964 2701 quierat,
981 2640 1023 2680 an
1039 2617 1083 2680 sic
1099 2618 1181 2680 serio
1204 2616 1338 2681 affectus

70 2688 225 2802 ξζέζξέζξῖο
239 2721 290 2797 sit,
314 2722 494 2805 sentiatque
510 2720 698 2799 Cardinalis,
722 2729 759 2783 ut
779 2721 831 2783 hie
855 2721 975 2783 sentiro
997 2720 1134 2796 videtur,
1158 2721 1198 2783 de
1222 2720 1337 2802 seipso.

71 2814 198 2867 dianosh
239 2823 332 2885 Nihil
355 2825 415 2885 sibi
445 2844 520 2904 opas
542 2821 618 2903 fore
646 2824 862 2885 misericordia
889 2823 1010 2898 Patris,
1041 2824 1122 2883 nillil
1150 2822 1339 2884 liberalitate

70 2882 151 2944 ⁰9³2]
239 2926 409 3006 Principis,
431 2926 593 3009 justitiam
619 2925 742 2988 Judicis
767 2947 833 2988 non
860 2925 1076 3001 extimescere,
1097 2945 1159 3005 pro
1186 2926 1339 3005 qualitate

228 3027 402 3108 sactorum,
421 3048 483 3109 pro
506 3027 627 3090 surrilis
650 3048 775 3108 apuam
791 3028 890 3089 vitam
911 3026 971 3089 sibi
987 3035 1140 3089 aeternam
1156 3027 1337 3090 vindicare:

235 3132 356 3212 gratiae,
373 3131 458 3209 fidei,
474 3131 495 3193 J
497 3129 616 3193 ustitiae
632 3130 763 3206 Christi,
779 3129 976 3204 renuntiare,
993 3129 1139 3210 procula
1155 3150 1187 3191 sc
1205 3129 1335 3209 habere,

235 3233 354 3317 absque
369 3234 419 3297 his
434 3235 469 3296 in
481 3233 604 3318 judicio
619 3253 802 3316 comparere
815 3232 904 3308 velle,
921 3252 1017 3321 opera
1032 3253 1091 3293 sua
1103 3231 1147 3294 ibi
1163 3239 1335 3312 ostentare,

128 3369 145 3395 .
233 3336 338 3419 plena,
364 3359 454 3420 pura,
479 3336 630 3419 perfecta,
656 3335 772 3418 quibus
795 3333 878 3396 nihil
902 3332 1053 3409 sordium,
1078 3333 1148 3395 vitii
1173 3334 1254 3396 nihil
1281 3335 1337 3397 ad·

234 3439 397 3502 hscreseat.

277 3541 340 3604 Vix
363 3541 449 3603 enim
472 3539 635 3614 credibile,
658 3538 742 3621 quod
765 3538 805 3600 de
830 3538 936 3620 ahquo
957 3537 1016 3599 sibi
1039 3538 1185 3600 conscius
1207 3538 1335 3600 nonsit

234 3643 423 3721 Cardinalis,
440 3650 549 3704 tamen
566 3642 602 3703 Si
618 3642 698 3703 nihil
711 3640 771 3702 sibi
787 3641 927 3702 conscius
941 3641 994 3717 sit,
1010 3660 1071 3701 noo
1086 3641 1119 3700 ia
1142 3641 1199 3701 leuc
1213 3638 1336 3719 justifi-

233 3751 322 3807 catus
336 3751 411 3807 esti.
456 3745 591 3820 Mirum,
606 3743 641 3804 ni
664 3763 718 3804 cor
740 3743 805 3822 ejus
827 3743 1034 3823 reprehendat
1056 3763 1123 3804 eaor
1147 3743 1186 3804 de
1209 3743 1315 3825 aliquo
1326 3769 1335 3818 ς

233 3848 260 3909 si
282 3853 392 3909 tamen
412 3867 480 3908 non
501 3845 725 3929 reprehendat,
742 3845 842 3925 major
857 3851 903 3907 est
918 3846 1004 3907 Deus
1019 3845 1111 3908 eorde
1127 3844 1335 3907 Cardinaliss.

233 3951 277 4011 Et
308 3949 369 4011 hoc
395 3948 430 4009 in
457 3949 519 4010 Ore
551 3947 613 4009 fuit
640 3948 770 4009 Pastori
800 3947 869 4029 ejus
890 3968 1027 4019 strumum
1064 3947 1151 4026 Saepe
1179 3948 1212 4007 in
1237 3948 1334 4008 ocrelis

265 4153 276 4174 ¹¹
295 4143 369 4206 [Luc.
380 4142 451 4190 xviii.
465 4141 518 4203 lh]
800 4143 847 4199 τὴν
857 4140 953 4201 ἄφεσιν·
965 4140 1093 4194 ὑπολαβὼν
1105 4141 1117 4186 ό
1130 4137 1246 4194 βασιλεὺς
1259 4137 1332 4187 εἶπεν·

264 4217 276 4241 ⁰
293 4207 350 4271 [Τοῦ
360 4207 408 4269 γὰρ
417 4203 576 4268 προφέροντος
587 4239 612 4253 ..
630 4239 636 4252 .
654 4207 684 4255 ὣς
695 4205 757 4264 μετὰ
793 4202 828 4254 Ὠ
843 4207 944 4265 ’Astora
963 4205 1068 4256 κλίμακα
1084 4202 1130 4261 θὲς,
1149 4204 1188 4251 καὶ
1206 4201 1280 4261 μόνος
1298 4203 1332 4254 εἰς

233 4273 262 4320 τὸ
272 4275 397 4331 βάπτισμα
411 4270 528 4319 κοινωνίας
539 4270 582 4317 οὐκ
594 4269 654 4329 ἀξιοῖ
668 4287 757 4329 uuaru-
799 4270 910 4331 οὐρανοὺς
935 4268 1056 4330 ἀνάβηθι]
1074 4294 1106 4302 -
1122 4267 1219 4315 Sozam.
1245 4265 1327 4329 [Hist.

230 4337 286 4401 plor
308 4336 363 4385 τοὺς
387 4334 499 4397 ἁμαρτίας
520 4332 627 4395 ἐνόχους,
649 4335 679 4390 ἣν
700 4334 757 4394 πρὸς
800 4333 865 4382 Eecl.
883 4332 942 4395 lib.]
955 4333 971 4379 i.
991 4331 1068 4396 [cap]
1084 4334 1121 4380 22.
1142 4331 1179 4395 [p.
1192 4330 1246 4394 ih]

232 4399 334 4450 θάνατον
344 4401 458 4449 καλοῦσιν
469 4398 493 4446 al
504 4399 562 4446 θεῖαι
572 4398 670 4460 γραφαί·
697 4399 758 4445 Θεοῦ
831 4397 987 4446 elcociv.
1001 4396 1022 4443 l.

230 4463 278 4527 yde
289 4465 394 4527 ἐξουσίας
404 4464 483 4524 μόνον,
495 4463 541 4523 οὐχ
552 4462 632 4525 lepide
642 4464 757 4524 ἠρτῆσθαι
832 4470 842 4499 ‘¹
861 4464 872 4510 1
885 4461 956 4511 Joan.
969 4461 1006 4509 iii.
1018 4463 1056 4509 20.
