2880 4928
264 269 331 333 238
579 282 622 331 ao
644 281 836 331 canonius
856 280 1056 330 umanum

269 438 369 524 (joco)
387 437 582 503 indidissetl.
628 438 716 506 Quid
738 439 795 503 illa
818 437 908 502 dictu
929 437 1025 516 feda,
1050 435 1091 500 de
1112 435 1271 515 Beatriee,
1295 454 1370 519 quac

267 542 347 607 dum
375 541 505 626 puhhce
535 550 678 607 scortum
707 547 826 626 ageret,
854 543 892 606 B.
917 542 1030 625 Virgo,
1060 544 1147 605 totos
1181 537 1371 623 quindecim

265 667 379 724 annos,
405 645 510 711 forma
532 652 565 710 et
589 645 703 709 habitu
726 647 796 730 ejus
821 651 998 728 assumpto,
1022 644 1124 708 vicem
1147 641 1308 726 supplevit
1332 640 1371 706 in

266 747 512 813 Monaesenok?
563 750 659 817 Quod
679 749 870 828 Abbatissae,
892 746 1032 832 gravidae
1053 746 1149 811 facta
1172 767 1192 808 a
1213 743 1370 828 Dapifeno

267 873 336 930 suo,
352 850 560 916 obstetiicata
581 860 642 932 est,
657 859 691 917 et
710 852 868 916 infantem
890 872 930 915 ex
949 857 1062 934 stupro
1078 854 1271 932 susceptum,
1288 848 1371 912 Ere·

265 955 355 1018 mitae
371 953 498 1019 cuidam
513 955 727 1034 educandum,
738 976 796 1040 per
811 956 891 1020 duos
905 954 1049 1038 Angelos
1064 949 1287 1016 transmisit¹l

298 1105 387 1170 Neque
395 1107 509 1156 sentiunt
519 1121 576 1157 eam
587 1123 603 1157 a
613 1108 672 1158 coeli
682 1106 783 1170 gaudiis
793 1106 898 1168 avocari,
910 1105 1011 1169 quando
1019 1119 1104 1156 curam
1112 1104 1179 1168 gerit
1190 1119 1273 1154 rerum
1282 1102 1369 1155 huma·

329 1202 427 1238 narum.
440 1223 447 1238 .
458 1223 465 1238 .
477 1224 483 1238 .
496 1184 564 1239 Nam
575 1188 773 1254 nequehngell.
785 1226 791 1238 .
803 1192 946 1247 avocantur,
955 1187 1056 1251 quando
1068 1185 1145 1236 aDeo
1156 1184 1185 1235 ln
1195 1185 1368 1236 minlsterlum

329 1270 469 1319 mittuntur
483 1276 587 1335 propter
601 1285 647 1321 uos
659 1271 720 1337 [leg.
733 1286 782 1333 eos,
799 1272 844 1335 qui
861 1270 1036 1321 haereditatem
1053 1269 1159 1333 capiunt
1172 1267 1368 1320 ulum-Bell.

329 1352 403 1415 Apol
415 1366 461 1416 pro
473 1351 558 1417 Resp]
569 1367 595 1417 p.
607 1353 646 1403 94.
658 1352 725 1418 [0p.,
735 1357 797 1403 tom.
809 1354 852 1403 vii
864 1353 912 1404 col.
924 1352 979 1405 757.
991 1351 1031 1417 Β.]

102 1485 223 1551 [nium
308 1465 420 1549 Atqui,
430 1466 580 1530 nonnihil
595 1473 726 1530 avocata
740 1473 787 1530 est
802 1488 822 1530 a
837 1468 1008 1544 acolacum
1022 1486 1080 1549 per
1094 1463 1368 1549 quindecennium

100 1551 239 1664 {ffiffi
266 1575 382 1648 totum,
399 1571 536 1635 clusium
557 1593 666 1636 curam
682 1573 790 1656 gessit,
807 1580 840 1636 et
854 1573 957 1636 vicem
977 1570 1135 1654 supplevit
1155 1569 1367 1634 meretiieulae

102 1679 163 1742 tur·l
266 1677 433 1755 Beatiicis,
455 1676 591 1741 interim
618 1678 695 1742 dum
721 1677 777 1741 illa
800 1677 836 1740 in
861 1676 1040 1760 prostibulo
1069 1674 1197 1758 publice
1226 1681 1367 1739 scortum

266 1787 385 1864 ageret.
431 1780 529 1859 Nam,
546 1780 586 1844 de
604 1781 740 1864 Angelis
759 1780 822 1844 alia
840 1780 933 1858 ratio,
950 1801 1086 1863 quorum
1106 1778 1140 1843 id
1156 1800 1278 1843 munus
1297 1785 1366 1842 est:

266 1894 300 1949 at
321 1908 388 1950 non
409 1894 601 1966 sanctorum,
624 1909 643 1950 a
665 1887 781 1970 quibus
802 1885 838 1950 in
860 1906 985 1949 summa
1003 1883 1110 1968 quiete
1129 1884 1252 1968 positis,
1271 1889 1304 1947 et
1326 1883 1368 1947 sd

266 1988 329 2052 alia
348 1989 445 2073 longe
467 1989 600 2054 meliora
614 1990 682 2053 visa
696 1989 892 2066 vacantibus,
909 1987 994 2071 quod
1010 1987 1056 2066 fit,
1073 2007 1112 2051 ex
1128 1986 1368 2070 dispensatione

264 2092 361 2156 modo
375 2092 424 2155 fit.
473 2093 545 2156 Nec
561 2098 732 2157 avocantur
745 2093 861 2175 Anpeh'
881 2090 1021 2175 quidem,
1038 2090 1094 2154 sed
1110 2094 1253 2154 nectam
1271 2089 1368 2173 plene

261 2197 329 2280 jam
346 2196 499 2260 fruuntur
513 2197 586 2261 coeli
601 2197 735 2278 gaudiis,
747 2218 843 2280 quam
855 2201 1078 2260 consummato
1093 2194 1224 2259 demum
1239 2193 1367 2273 saeculo,

264 2305 299 2363 et
321 2299 417 2364 soluti
439 2299 629 2379 ministerio,
656 2300 741 2384 quod
763 2321 852 2364 nunc
875 2300 1007 2378 obeunt,
1033 2298 1163 2362 fruituri
1186 2306 1273 2376 sunt,
1292 2319 1368 2361 cum

264 2402 326 2467 toti
348 2404 419 2467 Deo
433 2403 604 2467 vacabunt.
649 2405 721 2468 Nec
744 2403 839 2482 enim,
856 2403 891 2465 in
913 2409 1014 2480 motu,
1030 2402 1081 2467 vel
1103 2402 1240 2480 actione,
1255 2422 1368 2466 verum

264 2504 300 2567 in
322 2505 430 2587 quiete
453 2511 487 2569 et
516 2505 796 2588 contemplatione,
819 2505 959 2588 plenam,
985 2504 1199 2588 omnibusque
1224 2505 1369 2568 numeris

265 2606 446 2671 absolutam
478 2606 666 2671 felicitatem
709 2607 895 2686 consistere,
925 2608 975 2670 vel
1015 2608 1132 2671 Schola
1163 2614 1272 2672 vestra
1299 2628 1368 2672 non

266 2709 427 2774 diffitetur.

297 2854 384 2912 Quod.
397 2891 403 2903 .
416 2892 422 2904 .
434 2869 486 2905 non
497 2855 584 2906 audiat
594 2871 678 2921 preces
689 2857 846 2916 miserorum,
857 2857 897 2906 vel
908 2856 1047 2920 aliquando
1059 2871 1110 2907 nou
1124 2857 1266 2919 descendat,
1278 2894 1284 2907 .
1296 2895 1303 2908 .
1315 2895 1322 2908 .
1333 2872 1370 2910 rs·

328 2939 426 2998 pugnat
442 2940 528 3000 aperte
548 2937 573 2987 S.
586 2937 711 2996 Patribus,
732 2938 775 3001 qui
791 2938 882 3002 primis
898 2939 1046 3002 quingentis
1062 2939 1136 2988 anuis
1153 2939 1298 2989 flomenmt
1313 2975 1319 2988 .
1336 2976 1342 2989 .
1361 2977 1369 2991 .

328 3017 353 3067 S.
363 3018 526 3079 Athanasius,
545 3056 551 3069 .
568 3056 575 3069 .
593 3056 599 3069 .
617 3019 776 3069 ‘Intercede'
795 3021 899 3082 (inquit)
919 3022 1017 3083 ‘Hera'
1035 3020 1369 3086 eie.m-[Be11.ap01.pr0

329 3099 415 3165 Resp.]
426 3115 450 3165 p.
462 3101 500 3150 al.
513 3100 580 3166 [Op.,
591 3105 652 3150 tom.
664 3101 707 3149 vii.
719 3101 765 3150 eol.
779 3100 834 3152 757.
847 3101 875 3150 Β.
889 3101 927 3165 Q]

104 3231 156 3297 [De
168 3233 252 3285 adora
310 3216 405 3282 Quod
429 3217 539 3280 audiat
563 3218 603 3280 B.
626 3217 721 3299 Virpo
744 3218 926 3280 miserorum
942 3238 1064 3298 preces,
1088 3219 1167 3281 duos
1188 3225 1288 3282 testes
1311 3219 1367 3281 ad·

99 3296 252 3424 ξῗξὲᾗῇ-
265 3318 371 3384 ducit:
396 3321 480 3403 quod
506 3328 539 3385 et
563 3321 734 3404 aliquando
758 3322 923 3385 descendat
947 3323 991 3383 ad
1013 3324 1150 3386 homines
1173 3323 1250 3386 alios
1275 3322 1367 3386 duos.

100 3428 207 3542 ffiff„
265 3424 419 3487 Μὶεενννν
437 3426 652 3490 Athanasium
677 3426 765 3504 citat,
783 3426 838 3508 qui
858 3427 963 3490 audiri
983 3448 1017 3491 se
1037 3428 1188 3510 postulat.
1233 3429 1277 3490 Et
1292 3448 1367 3493 vere

99 3554 252 3622 impp]
266 3528 394 3610 quidem
409 3530 563 3592 miserm.
609 3529 732 3594 Quodsi
755 3537 882 3594 sensato
905 3530 1053 3613 cuiquam
1073 3531 1209 3613 probare
1225 3552 1259 3593 se
1273 3551 1367 3613 posse

265 3639 381 3713 speret,
399 3632 575 3695 Homiliam
597 3631 685 3694 illam
704 3633 736 3696 S.
753 3633 859 3697 Patris
878 3633 1049 3697 Athanasii
1071 3655 1150 3711 esse,
1166 3634 1298 3697 miseret
1313 3655 1367 3697 me

266 3732 455 3796 Cardinalis.
511 3728 639 3796 Οὐσίαν
663 3732 708 3796 ibi
732 3733 848 3797 deduci
869 3735 939 3797 vult
962 3735 1001 3799 ab
1026 3732 1124 3813 ἰσίαν,
1151 3736 1233 3818 (quis
1256 3744 1366 3800 autem

264 3836 385 3899 audivit
406 3857 542 3918 usquam
558 3836 608 3899 vel
630 3837 708 3919 legit
727 3834 816 3900 ἰσίαν
824 3838 851 3919 ?)
877 3859 914 3901 ac
938 3835 1035 3917 ἰσίαν,
1051 3840 1155 3921 primo
1171 3839 1239 3902 lieri
1260 3838 1365 3918 ὁσίαν,

296 4028 303 4067 l
327 4028 444 4078 vincent
462 4029 560 4093 Specul.
577 4030 668 4095 [ssiat]
691 4031 735 4081 lib.
749 4033 793 4081 vii.
871 4031 878 4063 ¹
900 4033 1018 4083 Vincent.
1044 4033 1126 4097 [Spes.
1150 4034 1218 4084 Ilist.
1243 4033 1302 4098 lih]
1320 4034 1365 4082 vil.

264 4107 316 4188 cup.
329 4094 368 4144 87.
386 4093 437 4157 [fol.
451 4097 489 4144 85.
507 4095 553 4145 col.
566 4095 603 4158 4.]
839 4096 902 4161 [cap.
926 4101 964 4147 86.
979 4098 1187 4163 [relucente]

327 4157 416 4207 Coesar.
431 4157 711 4221 [cister-Dialfflimc.
732 4160 792 4223 lib.]
871 4170 888 4192 '²¹
916 4161 1036 4225 Πρέσβενε
1069 4164 1144 4223 κυρία,
1172 4163 1212 4213 καὶ
1245 4162 1365 4224 δέσποινα,

265 4223 309 4270 vii.
327 4221 401 4286 [cap]
419 4226 457 4274 86.
484 4224 557 4287 [tom.
575 4225 603 4273 ii.
623 4239 647 4287 p.
665 4228 704 4274 60.
739 4224 795 4274 Hoc
838 4227 1007 4282 βασίλισσότε
1020 4227 1364 4291 καὶμὴτηρθωῦὑπὶρὴμῦν.

267 4288 408 4350 capitulum
424 4288 523 4337 omittit
534 4289 666 4338 'l'issierius
682 4290 710 4338 in
727 4289 793 4338 Bibl.
838 4291 950 4339 -Serm
962 4291 989 4339 in
1007 4292 1125 4340 hunone.
1141 4292 1238 4354 Deip.§
1254 4295 1290 4341 15.
1303 4307 1366 4355 opus

267 4351 334 4400 Patr.
347 4352 407 4401 Cist.
425 4367 449 4416 p.
463 4356 518 4402 204.
536 4352 794 4415 BonoFonte,1662;
838 4355 951 4417 spurium
962 4356 1029 4416 apud
1046 4357 1071 4406 S.
1084 4357 1178 4408 Athon.
1192 4357 1247 4419 Op,
1264 4361 1324 4405 tom.
1337 4356 1364 4405 ii.
1392 4411 1397 4419 ,

266 4415 358 4478 dequo
386 4416 504 4544 ἰσοὶοτοω
532 4416 658 4478 admonet,
681 4417 713 4467 ad
736 4419 793 4467 init.
838 4433 863 4482 p.
878 4417 986 4481 loia]

269 4494 322 4542 cap.
335 4495 421 4530 xxxiv.

68 4562 126 4640 ἱ
