2910 4926
480 289 664 338 eromenes
685 287 867 337 nesrousro.
1162 269 1227 336 169

122 439 289 524 premebat
312 441 397 526 apud
416 463 449 506 se
470 442 506 506 in
529 443 659 520 chartis,
675 464 736 508 nec
755 442 807 506 edi
824 461 937 525 passus
957 438 1033 505 esil.
1089 440 1135 502 Et
1158 438 1228 504 haec

124 546 263 629 suspicio
277 567 343 610 non
358 554 416 611 cst.
463 548 673 631 Quaecunque
689 546 776 611 cuim
791 545 892 610 libelli
907 543 994 608 illius
1009 550 1137 626 reperta
1151 551 1228 606 sunt

125 650 327 733 exemplaria,
343 651 378 713 in
399 651 505 715 fronte
527 652 588 714 hoc
610 652 720 715 ferunt
740 650 858 727 omnia,
873 670 940 713 non
958 647 1021 712 nisi
1036 654 1156 711 asortao
1172 647 1227 712 de·

124 775 215 816 mum
242 755 422 818 Constantio
447 755 553 819 lucem
578 755 745 838 aspexisse.
800 753 968 831 Baronius,
996 759 1109 816 contra
1130 751 1227 814 fidem

123 857 355 941 exemplarium
379 859 534 938 omnium,
559 859 764 923 Cardinslcm
789 857 865 941 agit,
894 855 1031 940 (quoties
1055 875 1129 918 aero
1153 854 1187 918 id
1196 856 1224 936 l)

127 962 190 1024 Sed
206 970 239 1025 et
254 962 316 1025 alia
330 963 444 1043 multa,
460 969 494 1027 ct
508 963 569 1027 hoc
585 984 659 1027 cum
675 963 755 1042 aliis,
770 968 905 1047 reponat
922 961 993 1045 quis
1007 960 1093 1024 iuter
1104 960 1227 1023 Erratis

124 1066 197 1149 ejus
212 1065 407 1130 Cardinalia.

157 1200 263 1251 Possem
273 1200 333 1252 addi
346 1216 398 1252 non
415 1201 550 1252 dissimilia
567 1239 573 1252 .
590 1238 597 1252 .
615 1239 622 1252 .
639 1219 671 1253 ex
683 1203 757 1266 Greg.
767 1201 934 1261 Nazianzeno,
946 1205 973 1252 oi
984 1200 1036 1267 [cx]
1053 1200 1227 1266 aliia—[Bell

191 1283 266 1346 Apol
277 1297 323 1348 pro
335 1282 419 1348 Resp]
433 1299 456 1348 p.
469 1287 507 1336 52.
526 1285 592 1350 [Op.
604 1288 665 1335 tom.
678 1286 720 1335 rii.
732 1285 778 1335 col.
788 1285 846 1336 734.
855 1283 897 1348 Α]

167 1385 218 1449 De
232 1385 458 1450 Nazianzeno‘
474 1387 537 1450 alia
551 1409 603 1450 res
615 1395 675 1451 est.
724 1385 951 1452 Foedissimum
966 1387 1159 1468 Apostetam
1177 1385 1227 1468 (ut

127 1489 287 1573 parerat)
312 1490 438 1573 punxit,
457 1512 568 1554 verum
592 1499 625 1554 et
647 1498 801 1555 mortuum
821 1493 899 1576 jam,
923 1512 997 1555 cum
1023 1489 1228 1575 resipiscendi
1285 1490 1349 1554 129

128 1614 199 1676 spes
213 1593 321 1657 nulla:
345 1601 378 1658 et
390 1594 506 1674 orbum,
522 1616 596 1658 cum
612 1603 756 1678 posteros
769 1617 834 1659 non
852 1595 996 1674 haberet,
1013 1616 1093 1678 quos
1108 1594 1228 1658 alienos
1241 1597 1391 1711 §Affirm-

128 1696 267 1761 coiecto
281 1706 391 1781 posset
405 1698 547 1761 reddere.
585 1696 742 1782 Cyrillua‘¹
757 1707 875 1777 autem,
887 1699 1082 1782 octogesimo
1098 1699 1228 1762 demum
1242 1668 1345 1790 offla

128 1822 215 1865 anno
229 1808 312 1884 post,
329 1801 369 1864 sd
384 1801 405 1864 J
407 1800 507 1864 uliani
522 1801 641 1884 scripta
658 1802 840 1885 respondit:
864 1824 926 1866 nec
940 1803 1002 1866 nisi
1017 1801 1147 1866 redacto
1159 1803 1228 1887 jam
1241 1791 1392 1852 Alsenos

128 1904 164 1967 in
179 1904 343 1987 pulverem
365 1904 507 1968 Juliano.
554 1907 597 1968 Et
618 1906 733 1970 horum
749 1913 886 1990 uterque
901 1906 986 1989 quod
1000 1905 1088 1984 fecit,
1104 1905 1144 1969 ad
1160 1926 1227 1969 rem
1240 1861 1360 1980 iiiiiff

128 2008 221 2072 nihil.
275 2010 347 2073 Nec
376 2009 463 2072 enim
492 2009 579 2073 inter
607 2012 712 2094 Reges
742 2011 936 2074 Christianos
966 2010 1126 2088 Julianus,
1156 2030 1229 2073 osor
1241 1985 1324 2100 ¹02³,ss
1335 2002 1393 2038 '¹¹⁰⁵

133 2113 260 2190 Chresti,
276 2119 309 2176 ct
324 2114 497 2196 Religionis
515 2115 710 2179 Christiane.
1241 2114 1323 2180 mna]

174 2215 248 2280 Quo
264 2237 338 2280 vero
353 2217 492 2280 redeunt
514 2217 608 2282 haec?
643 2219 780 2302 Nempe,
801 2225 839 2282 ut
861 2218 1019 2301 Pontifici,
1042 2239 1117 2283 cum
1131 2219 1227 2298 volet,

128 2319 223 2383 liceat
246 2322 390 2403 Principi
413 2322 592 2405 cuicunque
612 2322 750 2386 haeresin
771 2323 959 2406 impingere.
1003 2323 1081 2387 Post
1107 2332 1227 2401 autem,

128 2431 167 2487 ut
182 2425 250 2489 sinc
265 2434 342 2490 nota
358 2427 465 2510 aliqua
479 2427 669 2505 insolentiae,
687 2427 911 2492 cardinalibus
933 2427 1028 2492 liceat
1047 2427 1179 2511 impune
1193 2427 1228 2490 in

130 2548 185 2592 eos
214 2527 413 2593 debacchari.
460 2529 500 2593 Id
530 2530 616 2593 enim
647 2529 779 2593 tandem
805 2530 874 2594 vult
904 2530 1010 2595 dicere
1039 2530 1230 2609 cardinalis,

130 2631 308 2714 pepercisse
341 2653 376 2695 se
407 2632 489 2715 Regi
525 2631 683 2712 nonnihil,
721 2652 795 2695 cum
832 2654 893 2696 noe
932 2634 1133 2713 Catholicum,
1171 2655 1233 2696 noa

133 2736 346 2799 Christianum
375 2735 519 2800 diceret:
560 2736 675 2799 saltem
705 2736 734 2799 si
761 2757 827 2800 non
850 2738 1036 2818 pepercerit,
1063 2758 1173 2801 nouum
1198 2739 1233 2800 in

130 2838 276 2901 Ecclesia
297 2860 359 2902 noe
380 2860 445 2902 esse
466 2839 593 2921 linguas
615 2839 649 2902 in
668 2839 826 2903 Caesarem
847 2841 967 2919 lacere,
982 2842 1102 2923 Repam
1124 2847 1232 2904 autem

132 2940 167 3004 in
182 2941 293 3005 eedem
308 2965 392 3006 urna
406 2963 481 3006 cum
497 2944 622 3007 Caesare
637 2951 740 3007 sortes
756 2964 835 3008 esse.

163 3113 176 3146 ι’
193 3114 270 3180 [Vide
288 3115 392 3165 Disseri
411 3114 533 3178 praeviam
550 3114 662 3165 Edimris
705 3113 919 3180 O.,101.0.seq.,
937 3117 991 3166 102.
1004 3115 1046 3180 D.]

131 3179 262 3230 Benedici.
279 3180 307 3229 in
321 3180 389 3229 hunc
405 3180 507 3240 libmm,
524 3184 594 3229 socia
606 3180 661 3229 xiii.
738 3178 749 3210 ²¹
766 3181 815 3245 [De
826 3180 954 3232 (locridis
965 3182 989 3232 S.
998 3181 1054 3243 Cyr.
1066 3181 1233 3244 Alesinsul.

131 3245 192 3304 xia,
209 3245 234 3294 S.
254 3244 307 3295 llil.
328 3245 392 3295 Pico
410 3244 465 3308 Op,
486 3250 546 3295 tom.
559 3245 586 3294 ii.
604 3245 660 3294 coll.
705 3244 763 3295 vide
782 3246 876 3296 Contra
890 3246 943 3296 Jul.
962 3246 1006 3295 lib.
1021 3246 1054 3294 ir.
1074 3244 1105 3296 sd
1126 3247 1193 3305 inin,
1208 3253 1235 3297 ei

132 3309 265 3374 oei-oca]
705 3309 749 3357 lib.
756 3310 809 3371 aii,
826 3309 881 3374 Op,
893 3311 1087 3376 mmaipaali.
1099 3313 1193 3377 pplll
1208 3315 1234 3361 et

165 3381 175 3405 ³
205 3373 269 3424 Vide
287 3374 311 3423 S.
323 3374 397 3437 Grcg.
413 3373 475 3424 Naz.
494 3374 562 3424 Oroi
574 3374 611 3423 iii.
625 3374 660 3437 (io
705 3373 772 3438 224]

131 3438 147 3490 J
150 3439 183 3489 ul.
205 3440 230 3501 .)‚
241 3438 297 3503 Op,
308 3445 370 3490 lom.
382 3441 448 3504 ipp.
458 3440 496 3493 76.
506 3443 538 3490 A.
550 3454 609 3503 seq,
622 3442 661 3488 84.
