2910 4926
250 260 316 326 156
563 276 607 325 ιι)
628 276 820 325 amorreus
840 274 1040 324 amnmnrsr

314 429 446 495 Impulerl,
463 429 514 480 nisi
530 429 562 481 ab
578 444 616 491 eo,
627 444 702 493 qnam
719 430 801 480 nimia
815 429 973 495 perturbatio
990 431 1161 479 transversum
1177 426 1355 493 egat-[Bell.

318 510 390 574 ApoL
402 525 448 576 pro
459 509 546 575 Rosa]
554 526 578 575 p.
591 512 630 562 45.
642 510 711 577 [Op.,
719 511 832 562 tonarii.
844 511 891 561 eol.
904 510 959 562 tao.
973 508 1013 574 B.]

85 617 230 684 [noeonu-
297 612 439 676 Breviter
453 613 582 697 quidem
596 618 627 675 et
642 613 788 676 distincte
801 613 936 676 seribere
949 610 1101 692 superbie
1122 632 1184 674 non
1203 617 1259 674 eet.
1304 612 1352 675 At

85 682 226 814 {fflp‘fffi
249 715 384 778 Mimans
399 736 505 798 agere,
519 715 576 780 ubi
590 716 731 779 Momnm
745 736 806 779 non
820 715 931 799 possis,
946 715 982 778 id
996 714 1147 796 superbie
1163 721 1222 792 est,
1237 722 1271 778 et
1285 735 1354 777 non

249 819 409 884 ferendae:
433 840 506 902 qua,
523 825 560 882 ut
582 819 643 883 hoo
659 819 824 897 scriberet,
845 825 1040 882 transversam
1063 825 1153 882 aetna
1173 827 1221 882 est
1241 819 1354 883 Cardi-

248 922 342 989 nalis.
389 923 491 1006 Regia
513 944 588 986 vero
607 922 714 1000 verba,
739 943 811 1007 quae
825 924 1013 1007 corrogavit,
1030 923 1109 1007 quid
1122 923 1245 987 habent
1267 931 1353 987 atro·

249 1027 397 1091 citatim?
435 1028 633 1090 cardinalem
645 1027 763 1091 seimus
779 1048 867 1103 esse3
883 1027 1038 1090 Jeenitnrn
1051 1026 1168 1103 fuisse3
1181 1027 1215 1090 id
1227 1048 1354 1110 quoque

249 1131 387 1197 seimus:
423 1133 531 1198 Quare
554 1133 773 1210 delenitam,
793 1140 832 1196 ut
861 1132 1041 1194 Cordinolia
1063 1131 1164 1194 tieret.
1209 1131 1356 1214 Epistola

249 1244 358 1301 autem
392 1237 472 1320 ejus,
497 1258 560 1320 qua
583 1237 704 1321 ejerare
728 1237 798 1301 uult
825 1236 1015 1299 fidelitatem
1039 1235 1105 1318 (qui
1128 1257 1200 1299 eam
1229 1236 1354 1319 pridem

246 1341 423 1425 juraverat)
437 1340 761 1425 Archipresbyterum
774 1353 797 1420 ⁰,
822 1341 984 1424 flabellum
997 1340 1059 1404 dioi
1075 1341 1182 1423 potuit
1197 1348 1230 1404 et
1245 1342 1355 1404 calco-r

248 1445 421 1525 seditionis,
437 1445 506 1509 siue
522 1445 622 1509 atroci
637 1445 767 1528 injurio.
811 1446 1020 1509 Ambitioanm
1034 1465 1077 1522 ee,
1087 1466 1150 1526 pro
1163 1445 1355 1509 Monarclaio

248 1546 416 1628 Pontificio
431 1547 597 1628 fulciendo
622 1548 711 1631 (seio)
740 1568 806 1612 non
836 1547 990 1632 negabit3
1017 1569 1170 1631 passurus
1196 1547 1316 1632 alioqui
1335 1571 1355 1612 a

252 1652 368 1725 Quinto
383 1652 454 1731 hoo,
470 1653 555 1736 quod
571 1674 591 1717 a
608 1654 722 1725 Quinto
737 1652 799 1715 alio
822 1653 890 1736 pati
911 1659 1042 1735 paratus
1056 1658 1135 1732 erat,
1155 1653 1211 1735 qui
1227 1652 1353 1716 lentum

248 1757 347 1821 nimis
365 1757 402 1820 in
411 1757 474 1822 hoe
488 1758 619 1841 negotio
634 1758 795 1821 lesuitam
817 1757 1017 1836 autumabat,
1033 1757 1089 1841 qui
1103 1779 1217 1840 parum
1232 1758 1353 1838 aberat,

249 1861 329 1943 quin
352 1869 391 1924 ut
409 1868 480 1926 tota
498 1861 546 1924 illi
571 1861 637 1925 vita
661 1860 842 1925 elaboratas
864 1860 1105 1925 lucubrationes
1120 1861 1199 1945 ejus,
1216 1854 1351 1926 referret

248 1965 285 2029 in
314 1974 422 2031 atrum
451 1967 600 2030 Indieem.
645 1967 757 2030 Potest
785 1986 861 2028 vero
890 1985 1000 2028 errare
1029 1986 1170 2029 errorem
1200 1966 1351 2050 aliquem,

250 2069 368 2155 quippe
389 2071 527 2135 necdum
543 2068 702 2151 Pontifex,
721 2070 916 2151 (cordinello
938 2069 1035 2133 modo
1048 2071 1067 2152 :)
1092 2090 1227 2133 errorem
1242 2078 1351 2135 autem

249 2195 316 2239 non
331 2196 456 2259 semper
471 2174 633 2238 subtilem.
659 2173 890 2237 convincendae
901 2173 1056 2235 mendacii
1070 2172 1176 2237 fuerat
1192 2173 1351 2253 Pontifex,

248 2277 313 2341 nisi
327 2278 575 2342 intervenissent
591 2277 720 2361 quidam
732 2297 749 2339 e
761 2275 980 2339 Cordinolibne
989 2300 1002 2339 .·
1023 2276 1268 2340 intervenerunt
1284 2276 1350 2354 illi3

249 2402 348 2464 quare
367 2381 521 2447 immunis
536 2379 746 2444 emendacio.
792 2379 864 2442 Neo
883 2385 1027 2442 mentem
1046 2378 1144 2442 habet
1160 2379 1349 2458 cardinalis,

248 2491 306 2548 aut
330 2484 449 2547 mentis
479 2490 588 2547 aetum
617 2482 664 2546 ita
693 2482 927 2560 confirmatum,
953 2488 991 2544 ut
1015 2480 1051 2543 in
1073 2502 1149 2544 eum
1170 2482 1350 2561 oereienlna,

247 2587 387 2650 Perdere
417 2608 492 2668 qnos
515 2589 590 2666 onlt,
616 2588 672 2649 lroa
697 2586 862 2662 dementat,
889 2584 1043 2669 quadrare
1067 2606 1132 2648 non
1157 2585 1258 2666 possit
1280 2585 1350 2649 sine

248 2690 337 2772 gravi
361 2689 528 2754 criminer.
575 2691 731 2753 Percurre
755 2690 872 2753 Lector
887 2689 1025 2771 aprime
1044 2687 1084 2750 ad
1099 2688 1261 2765 ultimum,
1279 2709 1350 2770 quae

248 2793 428 2857 Cardinalis
442 2793 495 2856 hic
509 2793 625 2857 inscite
641 2799 738 2876 atque
757 2792 899 2875 maligne
913 2791 1049 2869 vellicat,
1066 2791 1188 2854 dictum
1203 2791 1248 2853 ibi
1264 2792 1350 2875 apud

248 2894 372 2979 Regem
396 2896 484 2959 haud
507 2896 610 2959 ullum
633 2896 781 2979 reperies,
802 2895 866 2959 nisi
893 2894 1068 2977 vulgatum,
1091 2893 1155 2956 nisi
1174 2915 1285 2957 eorum
1309 2895 1349 2958 de

247 3018 376 3080 genere,
393 3019 464 3082 quae
474 2999 561 3062 ultro
576 2998 720 3081 citroque
742 2999 776 3061 in
793 2998 910 3062 scholis
932 2997 1048 3080 jactari
1071 2997 1186 3075 solent,
1202 3003 1300 3079 atque
1314 2997 1349 3060 in

246 3108 330 3163 aestu
355 3100 591 3184 disputationis,
618 3123 675 3184 pro
699 3122 799 3180 more,
818 3101 918 3164 cuivis
942 3100 1089 3183 impingi.
1135 3100 1214 3162 Non
1238 3107 1348 3163 autem

248 3203 356 3286 qualia
376 3204 578 3287 despumavit
592 3206 720 3284 Portus,
737 3204 947 3282 amarulenta,
971 3202 1154 3284 pmulenta,
1177 3201 1347 3265 virulenta.

247 3306 364 3370 Procul
384 3315 495 3370 autem
519 3329 539 3370 a
560 3328 594 3370 se
614 3307 727 3371 habuit
743 3309 812 3371 Rex
827 3328 884 3390 per
899 3327 1028 3369 omnem
1047 3305 1177 3382 librum,
1193 3305 1347 3384 utillum,

246 3415 285 3473 ut
316 3431 486 3493 personam
514 3410 601 3474 illius
630 3432 686 3494 per
715 3410 853 3474 dedecus
876 3409 927 3472 vel
953 3408 1050 3473 verbo
1074 3407 1211 3485 riolarit,
1236 3429 1348 3489 quaeve

246 3533 384 3595 persona
398 3512 483 3576 illius
497 3512 631 3595 indigna
651 3520 758 3577 essent
772 3534 908 3596 usquam
930 3510 1126 3595 insperserit.
1172 3510 1223 3573 De
1238 3511 1347 3572 Amei-

245 3616 339 3694 tione,
358 3616 466 3680 nescio
488 3614 565 3699 quid
591 3615 709 3679 alieubi
735 3615 887 3679 delibavit
912 3615 1006 3693 forto,
1030 3621 1063 3678 et
1087 3613 1230 3677 Honoris
1253 3635 1347 3677 encra

238 3715 368 3798 semet:
392 3717 459 3796 sed,
475 3719 562 3801 quod
577 3719 698 3798 Romae,
719 3718 805 3801 quod
824 3719 860 3781 in
883 3717 1064 3796 Cardinale,
1089 3723 1210 3780 norunt
1232 3738 1346 3779 omnes

245 3820 362 3904 capital
383 3841 451 3883 non
473 3842 552 3885 esse.
598 3821 727 3884 Lenivit
751 3830 870 3900 antem,
901 3820 1032 3904 siquid
1062 3840 1182 3903 aspere,
1209 3819 1249 3882 iis
1275 3841 1346 3902 queo

245 3931 426 4007 sequuntur
439 3925 494 4004 ibi,
511 3932 576 3988 tom
598 3925 682 3988 docti
703 3926 765 3988 oiri
777 3925 975 4006 jndieinm¹s
1007 3924 1116 3989 Cutim
1132 3923 1195 3986 ista
1209 3923 1261 3986 uix
1275 3945 1346 4006 per-

245 4026 419 4110 stringunt.
464 4029 510 4092 At
524 4028 580 4091 illa
594 4029 684 4113 Ejus,
700 4035 856 4112 tanquam
870 4050 995 4111 ungues
1009 4027 1135 4091 haerent
1150 4026 1186 4089 in
1201 4026 1344 4104 vulnere,

246 4150 318 4213 quae
333 4130 444 4195 statim
459 4131 597 4216 subjicit.

276 4306 289 4398 ἒ
318 4299 391 4414 &XL
421 4300 764 4417 ‘ilJmnffntssippiffifilq
848 4310 860 4408 Σ
889 4295 1300 4417 ὒμ].ὶιειοξᾳιιὲιιοιιο,ρ.ἳ88.]

243 4428 298 4479 lum
312 4444 328 4480 a
342 4380 384 4479 bd
391 4380 611 4496 capiribbsppp.
622 4383 735 4489 5135673
740 4383 773 4482 bt
848 4442 857 4467 ¹
887 4382 959 4496 Abbi
970 4361 1183 4497 prl'rli'onie'in,
1194 4440 1219 4490 p.
1227 4426 1296 4490 235]

244 4492 308 4549 neu
343 4508 376 4560 p,
384 4498 446 4547 nm.
457 4495 502 4546 vu.
512 4496 569 4547 0011.
582 4496 732 4560 ιιι-ιιι]
