2910 4926
425 995 479 1057 An
501 994 612 1058 Orruu
634 993 873 1058 Duonncnrcn.

101 1217 139 1268 De
150 1220 257 1282 quotuor
267 1213 407 1265 visionibus
417 1215 443 1265 S.
450 1213 557 1265 Josnnts
568 1215 596 1264 in
607 1214 769 1280 Apocsiypst,
780 1213 808 1264 in
823 1213 916 1277 quibus
927 1211 1101 1263 Antichristus
1117 1211 1201 1277 desig·

248 1295 439 1361 notun—[Bell.
451 1296 526 1361 Apoi
537 1310 583 1360 pro
595 1295 668 1360 itesp.
681 1294 737 1360 Op,
749 1298 811 1344 tom.
822 1293 867 1344 rii
878 1293 925 1344 ool.
938 1293 994 1346 789.
1007 1292 1054 1356 Ι).]

149 1456 198 1518 De
213 1460 346 1537 quotuor
359 1453 528 1517 oieioniirss
542 1453 575 1518 S.
591 1453 724 1516 Joccnis
737 1453 771 1515 in
784 1451 986 1533 Apocalypsi,
1002 1451 1037 1514 ic
1051 1450 1161 1532 quibus

441 1556 659 1620 Antichristus
673 1556 865 1638 designatur.

135 1943 199 1993 (ium
211 1943 362 2006 interpretes
372 1940 447 2005 huius
458 1940 508 1991 loci
518 1940 647 1991 consulere
657 1940 833 2000 instituissem,
844 1937 932 1988 inveni
942 1939 982 1987 tot
992 1936 1131 1987 sententies
1142 1940 1205 2001 quot

166 2024 248 2073 iere..
259 2024 435 2073 .-Auctores
438 2021 515 2086 [Bell.
523 2018 919 2087 ApoimeespwhliMOp
925 2017 1204 2083 tom.ri'scol.79⁰.A.]

103 2164 315 2227 Excussnsus
351 2161 413 2226 hoc
449 2161 563 2246 Cupite
598 2161 740 2225 Visiones
779 2165 913 2243 qcctcer
949 2156 1140 2237 Cerdinsiis,
1170 2163 1204 2222 et
1217 2172 1350 2250 [Divisio

103 2267 207 2351 primo
219 2267 395 2349 Equorum,
405 2266 544 2329 instituit
558 2266 715 2329 comere
726 2265 787 2328 toci
801 2264 867 2346 ejcs
881 2264 1075 2344 interpretes,
1087 2263 1204 2327 invenit
1216 2237 1360 2366 ξέξξᾞζ

104 2377 206 2433 autern
235 2375 308 2451 quot
330 2365 403 2450 sere
431 2368 595 2446 Aroteres,
622 2373 669 2431 tot
692 2367 872 2430 sestertios.
916 2365 960 2430 Et
986 2385 1043 2430 cnr
1065 2386 1142 2448 ergo
1166 2366 1313 2480 indum

105 2473 251 2555 Begcm'
242 2472 385 2556 iniquior
405 2470 457 2548 sit,
472 2477 545 2554 post
560 2469 677 2534 ulios
654 2490 699 2534 ssc
715 2469 802 2534 inter
823 2489 857 2532 se
880 2467 1108 2551 discrepantes,
1131 2489 1204 2532 sen·
1240 2429 1305 2496 ΡΜ]

103 2575 240 2638 tentiam
263 2595 390 2657 quoque
407 2595 498 2638 susm
519 2574 778 2657 proponentem?
825 2572 914 2637 Ncm
927 2571 979 2636 vel
994 2593 1015 2635 a
1036 2573 1111 2636 cuo
1127 2578 1203 2636 sunt

103 2675 168 2739 illae
181 2676 311 2740 illorum
325 2675 503 2754 sententiae,
514 2673 565 2738 vel
580 2674 620 2738 ab
634 2673 849 2738 tominioos·.·
865 2672 938 2738 etsi
953 2695 974 2737 a
988 2674 1063 2738 coelo
1072 2673 1203 2758 quidem

104 2779 221 2855 forent,
245 2783 278 2840 et
300 2798 320 2840 s
343 2775 467 2860 Spiritu
487 2779 607 2841 Sancto
631 2776 768 2853 dicwtae,
791 2775 878 2840 idem
897 2796 1010 2841 omnes
1034 2776 1203 2860 spirarent,

105 2902 165 2945 neo
193 2888 262 2944 tam
286 2879 373 2943 inter
397 2899 431 2943 se
454 2879 549 2943 varies
571 2880 688 2957 forent,
714 2879 857 2963 adeoque
880 2879 1068 2945 contrarie:
1092 2879 1144 2943 sin
1166 2879 1205 2942 ab

105 2984 287 3062 hominibus,
303 2990 337 3046 et
351 3003 369 3046 e
385 3002 444 3046 suo
458 2984 614 3067 cujusque
630 3003 726 3046 sensu
748 2984 934 3066 conjecturs
956 3005 1022 3062 sne,
1039 2983 1126 3067 quod
1139 2984 1204 3047 illis

105 3090 177 3166 fuit,
207 3087 288 3151 illud
310 3086 398 3150 idem
421 3107 479 3150 cur
502 3085 594 3167 Regi,
619 3105 677 3148 cur
700 3084 850 3167 cuiquam
872 3085 1011 3149 liberum
1034 3107 1102 3150 non
1132 3086 1203 3165 siet,

106 3187 248 3271 ponendi
262 3188 383 3251 scilicet
406 3195 503 3270 etque
525 3186 705 3270 exponendi
720 3187 912 3250 sententiam
935 3208 1037 3265 suum,
1054 3209 1113 3250 sus
1134 3196 1205 3251 tum

107 3289 269 3367 methodo,
284 3296 356 3351 tum
371 3289 608 3365 consecutione,
623 3309 728 3372 neque
743 3288 898 3353 fluentem
912 3289 1020 3353 minus
1034 3291 1084 3354 vel
1099 3290 1203 3354 cohae·

107 3394 258 3457 rentem?

140 3535 268 3586 Pallidum
279 3550 371 3600 equum
387 3534 576 3586 Antichristum
590 3550 643 3586 esse
660 3535 715 3587 Rex
731 3534 811 3599 dooct,
825 3551 875 3601 quo
886 3538 996 3589 Auctore
1005 3552 1058 3589 non
1069 3537 1207 3591 iudicet-

176 3616 257 3680 [Bos
266 3617 340 3680 ApoL
351 3631 398 3681 pro
409 3616 497 3681 Resp]
509 3632 533 3682 p.
543 3618 599 3669 152
613 3616 682 3682 [Op.,
693 3620 755 3668 tom.
766 3617 810 3668 rii.
821 3618 868 3668 ool.
880 3621 936 3672 790.
948 3618 994 3682 A.]

151 3723 297 3808 injurius
324 3744 401 3806 ergo
425 3723 461 3787 in
486 3725 620 3806 Regem,
651 3722 730 3787 dum
755 3723 789 3786 id
816 3724 940 3807 quaerit,
964 3747 1023 3807 quo
1041 3728 1260 3804 Aroteres}
1193 3732 1208 3781 9
1221 3746 1351 3862 ffiuidds

109 3829 198 3890 Dum
212 3827 247 3890 id
262 3826 416 3909 queritur,
432 3827 852 3908 qqucetorenonicdicct.
898 3828 987 3893 Nem
1002 3832 1241 3911 qcoAcetore·

1221 3875 1274 3924 rint
1285 3876 1359 3925 Pseu·

111 3930 239 4007 Ribcra,
256 3937 289 3993 et
304 3929 435 4012 Vicgss,
459 3929 526 4012 (qui
549 3929 590 3993 de
606 3929 722 3993 vestris
743 3929 910 3994 novissimi
928 3931 1135 4018 scripserunt)
1152 3936 1208 4000 ille
1221 3938 1338 4003 detur·

110 4030 307 4116 [irajunum
321 4031 466 4116 ejusdem
489 4033 575 4114 Equi
591 4032 711 4113 pallidi
732 4053 882 4098 seesorem
904 4033 992 4114 facit,
1018 4035 1080 4102 iste
1095 4039 1209 4103 Domi·
1221 4002 1330 4128 ,iffi

110 4135 279 4198 tionum⁰i
323 4134 419 4199 Nec
410 4143 547 4200 ustorum
569 4133 651 4200 niter
672 4134 713 4199 de
726 4135 865 4200 Auctore
890 4158 960 4216 suo,
982 4158 1043 4202 neo
1065 4139 1128 4218 aiii,
1153 4163 1210 4224 qur
1199 4129 1312 4197 Boos]

144 4300 255 4365 ·[Mstt.
267 4301 320 4349 xxi
330 4301 383 4366 25]
714 4303 818 4369 [nm
836 4303 947 4370 chteg
1111 4324 1164 4375 csp.
1176 4312 1210 4362 vi.

144 4363 508 4429 b[iiiborocomustudpoc
511 4381 591 4431 osp.
604 4367 638 4418 vi.
682 4367 824 4420 Commtr.
840 4371 932 4423 secto.
905 4305 1185 4543 “possim

112 4443 181 4478 num.
194 4431 232 4479 20.
244 4444 270 4492 p.
279 4430 334 4479 144.
346 4428 426 4494 Lugd
439 4430 522 4495 1592]
