2910 4926
256 274 321 337 452
570 292 614 340 in
635 291 826 340 cunemine
845 291 1045 340 nmmnmm

290 438 379 503 Neque
390 445 473 504 speret
483 443 641 493 eonoordism
652 445 681 493 in
691 444 741 495 fide
751 443 819 507 opud
833 459 875 494 eos
886 459 998 507 unquam
1008 445 1127 504 futurem,
1138 445 1182 508 qui
1198 444 1266 492 eires
1281 440 1363 490 fidem

323 523 512 585 naufragarent,
521 526 564 587 qui
576 525 652 575 fidem
663 525 797 590 [divinem]
810 527 838 576 in
850 527 982 590 opiniones
996 527 1119 576 homenes
1133 528 1365 575 commoreremur.

323 603 431 668 -[Bell.
439 606 513 669 Apol.
524 621 571 670 pro
583 606 666 671 Resp]
677 622 702 670 p.
715 610 766 657 185.
777 607 843 671 [Op.,
851 607 966 656 tomvii.
978 607 1024 657 eol.
1037 608 1091 656 808.
1101 605 1144 667 Β.]

94 729 243 843 ppeformeti
304 719 428 783 Mirum
443 730 561 801 autem,
577 723 782 818 nnnfreqoese
802 726 887 786 eirca
894 721 1002 804 fidem,
1018 722 1074 806 qui
1087 721 1214 785 nullum
1232 720 1366 803 symbo-

95 795 231 920 fmffirffi
259 821 328 884 lum
354 824 504 908 rejiciunt
529 826 680 890 Ecclesiae
702 827 828 904 veteris,
855 826 1032 889 admittimt
1060 825 1178 890 omnia.
1223 823 1366 887 Tabulas

95 923 193 1051 ἓξὲξ]
260 927 428 1009 ergoforte
443 927 564 1011 aliquae
575 930 694 1013 reperit
704 929 883 994 Cardinelis
897 926 1059 1011 neufreqii
1074 928 1208 1011 alicujus
1216 953 1226 1005 3
1241 926 1364 1004 videat,

174 1025 180 1038 '
259 1050 301 1092 ne
317 1030 355 1092 de
370 1028 537 1113 neesraqio
552 1031 617 1094 sint
627 1031 797 1113 fidelitatis
820 1040 957 1095 suorum'
970 1031 1149 1108 hominum,
1164 1051 1232 1093 non
1252 1037 1365 1092 nutem

252 1131 333 1212 fidei
350 1140 478 1197 nostrae.
524 1135 621 1213 Nam,
639 1135 723 1219 quod
747 1135 885 1218 subjicit,
909 1136 946 1197 de
968 1142 1090 1198 meleta
1112 1133 1219 1196 divino
1236 1131 1307 1212 fide
1332 1135 1366 1199 ln

259 1236 417 1316 opiniones
435 1238 595 1314 lnmonne,
607 1237 810 1301 Cardinalem
825 1237 930 1320 ipsum
945 1236 1038 1300 ferit:
1062 1234 1155 1298 nobis
1170 1234 1257 1296 enim
1272 1235 1368 1296 nefas

259 1339 294 1401 in
310 1341 452 1421 opinione
471 1343 607 1403 lennennn
622 1341 792 1424 quiequam
811 1360 949 1424 ponere:
976 1339 1156 1422 Scripturas
1175 1337 1258 1399 solas
1280 1337 1366 1419 sspi-

260 1465 342 1507 mus.
386 1445 433 1507 At
448 1443 635 1526 opinionum
650 1444 839 1507 commentis
859 1443 955 1525 plene
978 1441 1062 1526 npud
1083 1462 1138 1504 vos
1157 1439 1277 1516 omnia,
1295 1438 1366 1522 qui-

260 1544 320 1607 bus
335 1567 353 1608 e
368 1545 522 1609 doctrinis
536 1545 704 1610 hominum
715 1547 794 1610 fides
808 1547 912 1610 omnis
920 1573 930 1623 3
946 1553 992 1623 ut,
1009 1565 1136 1609 aenens
1150 1542 1245 1606 modo
1260 1562 1368 1604 arene

261 1647 312 1725 sit,
323 1670 418 1731 quem
432 1671 487 1713 vos
500 1671 559 1732 pro
569 1650 668 1712 Petra
683 1649 871 1712 venditatis:
889 1657 922 1711 et
937 1650 1040 1731 opinio
1055 1668 1121 1710 non
1137 1645 1200 1709 nisi
1214 1647 1367 1721 hnmana,

261 1751 312 1813 eui
328 1773 382 1813 vos
400 1753 564 1835 (tanquam
580 1750 699 1836 Petne)
714 1752 892 1816 adhaeretis.
1241 1746 1248 1757 ’

294 1903 408 1952 Primum
419 1919 512 1967 qurero,
523 1904 695 1954 undenorum
708 1903 773 1954 illud
792 1904 849 1969 [leq.
862 1902 941 1966 istud]
953 1903 1040 1951 lumen
1052 1902 1145 1964 Anglie
1156 1899 1286 1951 effulserit
1322 1899 1366 1948 Ab

326 1983 460 2046 Aquilone,
473 1984 641 2047 respondebit.
677 1984 739 2034 Inde
750 1986 819 2034 enim
831 2022 837 2034 .
850 2022 855 2033 .
869 2021 875 2032 .
889 1983 1021 2033 Lutheroe
1035 2020 1040 2031 .
1054 2019 1060 2030 .
1072 2018 1079 2031 .
1090 1984 1127 2030 At
1140 1981 1198 2045 [nos
1208 1978 1366 2042 Prophetsm

323 2063 440 2114 eudimus
451 2064 595 2130 dieentem‚]
616 2065 673 2116 ‘Ab
685 2066 811 2129 Aquilone
824 2066 949 2129 pendetur
959 2080 1033 2114 omne
1045 2061 1269 2126 mulum.’-[Bell.
1284 2061 1362 2124 Apol.

323 2160 370 2209 pro
377 2146 464 2212 Resp]
477 2162 501 2211 p.
514 2150 569 2198 185.
582 2146 649 2212 [Op.,
660 2152 722 2198 tom.
731 2149 774 2197 vii.
786 2147 832 2197 eol.
842 2150 898 2197 808.
912 2146 950 2209 0.]

98 2268 247 2334 [numenoio
302 2255 410 2319 Tertia
434 2262 534 2339 perte,
558 2277 621 2339 qua
650 2256 763 2340 quaerit
788 2257 870 2318 unde
895 2275 1006 2318 novum
1026 2254 1107 2315 illud
1125 2254 1228 2315 lumen
1247 2252 1366 2333 Anqlis

96 2334 230 2462 3335?
259 2356 438 2439 effulserit?
469 2359 585 2422 deinde
614 2380 800 2442 responsum
835 2361 865 2441 (a
894 2357 942 2443 se)
972 2356 1104 2439 effingit,
1128 2378 1185 2439 pro
1209 2356 1310 2438 Rege,
1327 2364 1365 2418 ut

260 2461 355 2539 dieat,
381 2463 431 2523 Ab
453 2463 629 2544 Aquilone:
654 2471 724 2545 post
748 2483 766 2525 e
790 2459 1081 2535 Jeremierefutat,
1107 2459 1160 2541 qui
1183 2459 1301 2519 melnen
1324 2458 1365 2519 nb

254 2565 409 2646 Aquilone
424 2567 528 2646 pandi
543 2567 630 2642 dicit,
647 2566 755 2638 idest,
773 2565 943 2628 Cardinale
958 2561 1150 2646 hypophete,
1168 2562 1362 2638 humerum,

255 2689 328 2729 eum
358 2669 493 2730 tenebris
518 2671 606 2730 onis:
645 2669 816 2731 ridendum
846 2689 879 2730 se
909 2667 1030 2750 praebet
1055 2665 1212 2727 omnibus.
1260 2666 1362 2730 Quasi

256 2773 276 2832 J
278 2773 411 2834 eremias
426 2780 521 2854 ceput
536 2772 675 2853 primum
690 2773 865 2854 prophetin*
881 2794 945 2834 sune
961 2772 1000 2833 de
1017 2770 1173 2833 Pontifiee
1189 2770 1362 2851 scripserit,

255 2882 288 2936 et
304 2874 458 2937 Luthero.
506 2876 555 2937 De
571 2875 738 2952 Pontifiee,
761 2877 813 2955 qni
833 2896 926 2955 snper
944 2874 1057 2935 Gentes
1072 2880 1100 2935 el
1116 2874 1225 2953 Reqno
1247 2875 1362 2934 enneli·-

255 2983 351 3053 lnlne‚
368 2980 508 3039 evelleret
524 2999 560 3039 en
576 2983 606 3038 et
622 2978 795 3039 destrueret
804 2987 825 3039 ⁰.
871 2977 921 3060 (Is
940 2977 1026 3039 enim
1048 2997 1154 3038 versus
1170 2975 1360 3037 Pontificem

255 3079 441 3161 designati.)
486 3082 536 3143 De
558 3081 712 3156 Luthero‚
733 3080 786 3161 qui
806 3080 844 3140 nl
865 3081 1019 3160 Aquilone
1038 3080 1160 3140 veniens
1182 3099 1269 3140 enarre
1290 3079 1361 3140 inde

253 3184 539 3264 mnlnmpenelerel,
552 3184 710 3266 praeeipue
726 3185 840 3245 neolone
856 3183 1061 3258 tenebrarum,
1078 3182 1142 3264 (Eo
1157 3182 1242 3243 enim
1256 3203 1359 3259 versu,

253 3288 422 3351 manifesto
446 3288 625 3350 Lutherum
648 3285 883 3368 deprehendit.)
929 3286 994 3350 Qui
1016 3294 1125 3347 tamen
1150 3285 1176 3346 si
1191 3285 1294 3367 (quod
1314 3285 1358 3345 ibi

253 3389 412 3472 sequitur)
428 3410 595 3453 eoneoenre
605 3395 711 3469 poeeel
728 3391 925 3470 eoqnnlt'onee
940 3408 1104 3469 reqnornm
1116 3388 1294 3468 Aquilonis,
1307 3391 1359 3468 qui

253 3495 393 3555 venirent
405 3499 434 3555 el
451 3499 604 3572 ponerent
619 3492 747 3572 quisque
761 3492 871 3553 eolinm
886 3511 974 3551 ennne
989 3492 1023 3551 in
1043 3491 1175 3551 introite
1191 3496 1360 3569 portorum

252 3595 438 3672 lerneam,
455 3593 542 3677 (quee
565 3614 642 3675 proc
664 3594 677 3654 l
701 3593 799 3655 dubio
819 3595 886 3674 jam
904 3593 1078 3670 Romaest)
1095 3598 1125 3654 el
1140 3612 1234 3671 enper
1256 3612 1360 3653 onenes

252 3719 358 3761 meroe
381 3699 455 3778 ejece,
480 3703 514 3758 nl
538 3698 683 3777 loquetur
704 3697 790 3758 Dens
803 3697 929 3776 jndicio
945 3716 1011 3771 nen,
1028 3716 1120 3776 enper
1135 3716 1252 3756 emerem
1269 3697 1360 3756 moli·

252 3800 329 3859 liam
353 3820 467 3875 eor-nm,
490 3800 544 3879 qni
568 3799 611 3859 lbi
636 3800 866 3878 dereliquerunt
890 3819 967 3874 eum,
994 3804 1024 3859 el
1049 3798 1258 3859 odoraverunt
1284 3820 1359 3879 opus

250 3921 393 3963 mannent
408 3911 571 3971 ennrnenss,¹
603 3921 653 3962 nae
673 3900 728 3962 ille
743 3901 856 3981 hospes
873 3921 986 3981 parum
1004 3907 1113 3981 gratus
1130 3899 1257 3961 futurus
1274 3901 1358 3963 Con-

250 4004 377 4066 sistorio
394 4003 623 4067 Cordinalium.
648 4004 772 4064 Melum
788 4004 873 4066 enim
890 4004 959 4080 hoe,
976 4003 1096 4079 bellum,
1108 4024 1175 4065 non
1190 4005 1326 4067 heresis.

281 4222 290 4241 o
308 4199 390 4263 [Hier.
405 4200 420 4247 i.
434 4198 483 4260 lo]
825 4198 910 4247 innoc.
926 4197 972 4246 ΙΙΙ.
986 4196 1065 4246 Serm.
1076 4199 1101 4246 ii.
1116 4198 1141 4245 in
1156 4197 1271 4246 Comecr.
1286 4199 1358 4247 Pont.

282 4257 290 4286 ¹
312 4265 337 4339 [“
347 4264 412 4312 Mihi
425 4264 519 4311 dieitur
528 4264 555 4310 in
564 4261 694 4325 prophete,
704 4263 779 4312 ‘Con-
824 4263 892 4311 Max.
911 4265 966 4325 Op,
978 4267 1038 4310 tom.
1049 4263 1064 4309 i.
1077 4278 1099 4323 p.
1112 4265 1165 4311 189.
1179 4262 1267 4311 Goion.
1281 4267 1358 4315 1555:

250 4328 323 4376 stitui
345 4333 371 4375 te
393 4343 467 4388 super
489 4332 577 4390 gentes
599 4331 625 4375 et
647 4342 731 4389 regna,
752 4333 780 4376 ut
824 4334 849 4376 et
861 4328 923 4376 conf.
941 4327 1005 4375 Bull.
1024 4326 1064 4375 CI.
1079 4326 1117 4374 Pii
1133 4326 1163 4375 V.
1183 4326 1318 4388 ‘Regnum
1331 4331 1356 4377 in

251 4392 350 4449 evelles,
368 4396 394 4440 et
414 4391 534 4447 destrues,
552 4395 576 4439 et
600 4390 736 4453 disperdes,
754 4398 780 4441 et
824 4391 943 4439 excelsis!
956 4391 1049 4439 Bullnr.
1060 4391 1131 4439 Rom.
1144 4395 1205 4439 tom.
1215 4392 1240 4439 ii.
1254 4407 1280 4456 p.
1292 4393 1359 4456 324]

252 4455 366 4518 dissipes,
386 4459 412 4505 et
432 4454 548 4512 edifices,
569 4460 594 4503 et
613 4456 779 4516 plantes.‘''-
856 4466 867 4495 Β
885 4456 966 4517 [Hier.
980 4457 995 4502 i.
1009 4453 1058 4517 15.]
