2880 4928
254 263 296 324 14
564 275 608 323 sn
629 274 820 324 exsomnis
842 274 1041 323 unmmumr

253 431 339 515 quod
353 431 513 516 reliquum
527 439 586 511 cst,
602 432 700 497 debet
718 434 789 516 ipse
811 432 931 496 absumi
942 443 953 470 ²
961 457 972 505 ‚·
1001 431 1120 515 (idest)
1139 436 1176 495 ut
1190 431 1355 513 eleganter

251 535 397 621 inprimis
412 537 533 613 Patres,
540 537 609 618 fide
623 537 763 615 odorari,
779 559 846 601 non
862 539 984 600 ratione
999 537 1139 600 discutit

91 643 215 707 [Nodosae
296 640 397 705 Vobis
419 661 546 724 quoque
574 643 622 724 (ut
637 641 733 705 multi
748 641 904 723 sentiunt)
923 640 1135 725 praestitisset,
1150 640 1238 703 haud
1258 640 1354 703 aliam

88 709 206 823 ffiffi
253 743 292 807 de
323 745 533 808 Sacramento
558 744 655 808 fidem
682 744 853 808 habuisse:
875 765 936 808 nec
958 744 1186 826 vertiginosam
1211 743 1295 806 hane
1317 744 1356 806 de

88 839 239 966 ffielffi
255 847 597 911 Damoetantietiooe
623 848 806 931 opinionem
828 849 982 932 attigisse.
1031 848 1129 926 Nam,
1152 869 1191 912 ex
1211 869 1274 930 quo
1289 848 1353 910 He-

88 968 191 1031 ttones]
252 950 376 1015 tenumb
400 951 485 1015 hanc
506 959 647 1016 vestram
670 952 705 1015 in
726 952 1008 1016 Christianismum
1028 950 1208 1028 advexistis,
1224 959 1274 1014 tot
1288 973 1354 1028 ves,

144 1052 185 1113 12
250 1061 299 1119 tot
325 1055 467 1120 scholam
496 1061 633 1120 vestram
662 1055 803 1137 qnotidie
830 1062 990 1134 exercent,
1017 1064 1086 1119 tam
1115 1055 1261 1138 spinosae,
1286 1063 1354 1117 tam

250 1161 379 1225 nodesae
402 1160 601 1243 quaestiones,
619 1161 697 1242 (tarn
712 1160 747 1224 id
761 1167 870 1225 autem
885 1161 971 1224 tristi
986 1181 1135 1224 successu
1146 1161 1166 1241 :)
1191 1160 1241 1222 De
1256 1180 1354 1240 queo-

250 1267 342 1327 titate
365 1264 486 1329 Christi
505 1264 561 1327 sub
580 1284 675 1346 paee,
702 1265 757 1327 An
770 1266 813 1327 eit
827 1265 872 1327 ibi
886 1264 1035 1329 Christus
1056 1265 1112 1327 sub
1139 1284 1207 1336 cue,
1232 1285 1273 1325 an
1297 1262 1354 1326 eud

242 1370 340 1450 persis
355 1370 579 1451 quontitotffi?
603 1368 656 1445 Et,
673 1367 699 1431 si
714 1368 770 1431 eud
783 1389 851 1446 sua,
867 1390 910 1432 an
920 1368 976 1431 eud
992 1369 1167 1450 quantitate
1180 1369 1249 1429 siue
1263 1366 1353 1428 modo

250 1474 458 1555 quantitative
467 1470 507 1536 l?
535 1473 591 1536 An
605 1472 647 1536 sit
657 1471 703 1536 ibi
715 1471 836 1536 Christi
851 1471 1033 1535 substantia
1047 1471 1107 1535 snb
1122 1470 1353 1547 accidentibus,

248 1582 367 1639 remoto
385 1581 488 1639 tamen
509 1576 732 1639 intuereotiw.⁴
757 1582 869 1639 contra
883 1576 1060 1659 Logieem?
1106 1578 1148 1639 In
1171 1576 1210 1638 iis
1235 1574 1352 1651 verbis,

252 1680 342 1752 Quod
353 1700 415 1761 pro
435 1680 520 1743 vedis
527 1676 703 1761 frenqitur,
725 1701 798 1743 cum
814 1678 928 1763 stenpi
944 1682 1013 1764 jem
1029 1701 1144 1764 eorpus
1161 1701 1228 1743 non
1242 1680 1353 1762 possit,

249 1781 366 1866 quippe
375 1782 522 1863 neopati,
533 1780 702 1865 enfranpi,
713 1803 780 1845 non
794 1782 836 1845 sit
850 1782 895 1846 ibi
906 1782 1040 1846 verbum
1055 1783 1226 1866 passivum,
1240 1789 1353 1846 eontra

250 1883 547 1950 Grammatieamft
592 1886 647 1950 An
667 1905 707 1948 ee
726 1886 937 1950 accidentibus
955 1907 1058 1950 mures
1080 1888 1290 1965 nutriemur&
1310 1908 1352 1949 an

248 1988 341 2052 exiis
360 2008 478 2053 verme
500 1987 716 2070 penarensem,
741 1996 854 2054 eontra
873 1990 1067 2074 Physieam?
1113 1992 1176 2068 An,
1202 1989 1298 2052 simul
1319 1998 1352 2053 et

248 2091 361 2155 eodem
387 2101 561 2172 momente,
578 2092 725 2157 Christus
748 2094 885 2175 quiescet
910 2094 945 2156 in
972 2093 1094 2178 Pyxide
1114 2095 1174 2172 hic,
1191 2099 1351 2156 moveatur

249 2195 326 2257 olibi
351 2195 386 2258 in
406 2193 636 2259 Elevatione¹?
692 2195 795 2258 Simul
824 2194 937 2258 itidem
967 2204 1000 2260 et
1030 2202 1194 2260 momento
1223 2195 1349 2273 eodem,

247 2317 370 2359 sursum
393 2304 561 2376 moveatur,
577 2297 723 2361 elevante
740 2297 892 2362 Hostiam
908 2299 1081 2363 Sacerdote
1101 2320 1184 2362 uno:
1209 2306 1242 2361 et
1263 2299 1352 2360 deor-

248 2423 326 2478 sum,
348 2401 540 2465 demittente
564 2402 695 2465 altero?
748 2402 820 2465 Nec
848 2403 914 2467 seio
944 2410 1023 2486 quot
1054 2403 1135 2481 alise,
1163 2404 1248 2466 eirea
1273 2425 1352 2486 quos

248 2507 383 2588 languet
398 2507 557 2589 Magister
570 2513 684 2584 vester,
701 2515 734 2570 et
751 2506 868 2570 Schola
881 2513 960 2570 tota.
1000 2508 1048 2571 Ut
1070 2507 1221 2591 praeclare
1244 2518 1351 2569 aetum

250 2630 325 2671 eum
339 2630 375 2672 re
391 2610 575 2674 Christiana
590 2617 742 2693 putarent
757 2630 887 2674 omnes:
912 2611 947 2688 si,
958 2619 996 2674 ut
1011 2612 1123 2674 Patres
1138 2631 1203 2673 rem
1218 2612 1284 2691 pue
1298 2632 1354 2674 nec

251 2713 432 2793 arriperent,
461 2713 605 2795 (Jesuitis
627 2713 681 2775 hie
704 2713 833 2792 nostris,
862 2704 1059 2797 eon'soribus)
1079 2715 1137 2790 ita,
1164 2721 1198 2778 et
1224 2716 1352 2779 Posteri

250 2835 359 2877 nomen
373 2815 442 2898 ejus
457 2837 623 2898 nunquam
638 2816 818 2879 audiissent.
864 2817 950 2880 Vere
965 2818 1062 2895 enim,
1086 2816 1125 2881 de
1149 2839 1184 2881 re
1206 2824 1275 2894 tota
1291 2818 1352 2881 diei

250 2925 365 3001 potest,
382 2918 468 3002 qnod
482 2920 560 2984 olim
576 2920 614 2982 de
624 2920 768 2997 Homine,
786 2919 957 2983 Salomon:
976 2922 1062 2983 Deus
1069 2918 1152 3000 fecit
1168 2922 1352 2984 Sacramen-

283 3063 292 3084 ¹
310 3055 336 3132 [“
345 3055 394 3105 Sed
412 3055 459 3105 hoe
473 3056 540 3119 quod
557 3056 683 3119 reliquum
697 3060 735 3106 est
747 3055 778 3105 de
822 3056 878 3119 Op„
890 3062 951 3104 tom.
964 3055 1019 3105 xiii.
1040 3071 1064 3119 p.
1074 3058 1139 3112 2373
1158 3056 1255 3107 Summ.
1266 3058 1352 3108 Theoi.

251 3120 376 3179 carnibus,
387 3125 414 3171 et
427 3122 544 3183 panibus,
555 3122 582 3170 in
600 3122 659 3182 igne
676 3120 778 3170 incendi
823 3121 878 3170 Per.
892 3121 929 3168 iii.
942 3120 1036 3178 Quoest.
1048 3121 1139 3170 lxxvii.
1151 3123 1208 3170 Art.
1219 3121 1247 3185 i.]

251 3186 379 3246 proecepit.
413 3184 486 3243 Quod
497 3201 565 3236 nnnc
576 3185 691 3234 videmus
701 3186 779 3235 etiam
855 3183 863 3216 ¹
879 3184 943 3249 [Pet.
952 3185 1039 3235 Lemb.
1052 3185 1096 3234 lib.
1106 3187 1139 3235 iv.
1153 3186 1221 3235 Seni.
1231 3186 1351 3237 Distinet.

250 3250 405 3298 semibiliier
421 3251 449 3299 in
466 3250 578 3300 Ecclesia
595 3250 658 3308 lieri,
675 3250 780 3313 ignique
823 3250 868 3299 xii.
881 3254 893 3311 t
907 3248 961 3299 ‘De
972 3250 1109 3309 fmetiene,’
1125 3250 1352 3302 totietatem.

250 3313 317 3362 tradi
331 3329 487 3378 quaecunque
498 3330 626 3365 remanere
642 3315 779 3377 eontigerit
821 3329 843 3364 a
855 3313 894 3374 b.;
913 3318 939 3363 et
955 3314 979 3363 S.
992 3314 1082 3364 'lhern
1099 3315 1193 3378 Aquin.
1214 3316 1242 3365 in
1260 3317 1304 3365 lib.
1318 3321 1350 3366 iv.

250 3378 592 3443 inconsumpta'’-Hesyeh.
606 3379 677 3429 Hier.
690 3380 718 3428 in
735 3379 778 3429 le
823 3379 891 3429 Seni
908 3379 1027 3428 Distinet
1040 3378 1085 3430 xii.
1101 3380 1192 3437 Quaest.
1209 3381 1225 3429 i.
1244 3381 1300 3429 Art.
1313 3383 1351 3431 iii.

250 3444 460 3494 vit.viii.-Bibl.
480 3444 548 3495 Max.
569 3445 637 3495 Patr.
659 3448 719 3494 tem.
732 3442 777 3493 xii.
822 3443 912 3506 -Op,
934 3449 995 3493 tom.
1008 3445 1053 3493 xii.
1076 3458 1099 3508 p.
1120 3446 1183 3499 247:
1208 3450 1233 3494 et
1254 3445 1351 3495 Summ.

249 3522 274 3570 p.
288 3510 326 3558 86.
340 3508 365 3558 O.
823 3508 909 3559 Theoi.
922 3509 977 3558 Par.
985 3509 1023 3557 iii.
1035 3509 1225 3566 Queestlxxvii.
1236 3511 1290 3559 Art.
1297 3511 1351 3575 vii]

282 3581 292 3602 ¹
311 3574 342 3686 (ζ’
379 3588 415 3623 aec
431 3574 486 3636 igni
505 3572 639 3623 cremando
660 3577 727 3632 sunt,
750 3573 776 3620 id
852 3582 865 3614 Ι
882 3573 945 3637 [Pet
958 3573 1044 3622 Lomb.
1053 3573 1096 3622 lib.
1105 3575 1137 3622 iv.
1151 3574 1219 3623 Sont.
1228 3573 1348 3625 Distinet.

249 3641 296 3696 est,
330 3637 539 3714 ivinotmdende
556 3638 677 3701 Spiritui;
694 3641 724 3713 nt
741 3652 777 3697 ee,
820 3637 1077 3695 xiii.A.tol.859.b.;
1095 3642 1122 3686 et
1130 3638 1245 3688 S'l'hom.
1256 3639 1351 3702 Aquin.

249 3702 779 3829 tttdtttttdttttttttttti
822 3701 1351 3832 ittitllttitttlttttttt

249 3829 273 3877 S.
284 3829 407 3878 Gaudent.
416 3829 496 3879 'l'raet
505 3829 623 3879 ii-Bib.
633 3829 700 3878 Mox.
711 3829 778 3878 Patr.
823 3828 908 3878 lnnee.
918 3830 954 3878 iii.
965 3829 1002 3879 De
1011 3830 1086 3892 Myst.
1098 3830 1192 3890 liiissee,
1201 3833 1245 3881 lib.
1253 3834 1286 3881 iv.
1297 3849 1350 3897 eap.

248 3897 308 3941 tom.
322 3909 344 3941 v.
364 3908 388 3956 p.
401 3895 456 3944 947.
470 3892 510 3957 B.]
823 3895 857 3942 xi.
871 3894 926 3956 Op,
938 3899 998 3943 tom.
1007 3896 1022 3942 i.
1036 3910 1060 3958 p.
1071 3897 1126 3944 380.
1139 3895 1225 3945 Goion.
1239 3897 1325 3960 ieie]

282 3956 293 3988 δ
312 3957 421 4020 [limem.
434 3957 516 4020 Δάας.
527 3972 569 4020 pp.
577 3958 633 4007 ott.
643 3956 714 4020 766.]
854 3957 865 3990 l
884 3959 921 4022 [S.
933 3958 1020 4008 Thom.
1033 3960 1127 4022 Aquin.
1140 3962 1167 4009 in
1178 3961 1223 4010 lib.
1235 3962 1270 4010 iv.
1281 3962 1350 4012 Sent.

281 4029 291 4052 ⁶
311 4021 348 4085 [S.
357 4021 446 4071 'Phene
456 4023 550 4085 Aquiu
563 4024 591 4071 in
603 4022 647 4070 lib.
660 4023 692 4070 iv.
707 4022 777 4071 Seni.
822 4022 935 4072 Distinet
954 4025 999 4073 xii.
1012 4024 1106 4081 Qnsest.
1116 4026 1131 4074 i.
1148 4028 1202 4075 Art.
1216 4027 1242 4074 ii.
1256 4026 1349 4083 Quaest

248 4084 398 4134 Distinetx.
409 4086 503 4143 Qnsest.
513 4087 529 4136 i.
539 4088 589 4135 Art
605 4087 632 4135 ii.
642 4086 734 4144 Qusest.
743 4087 777 4136 iv.
822 4089 854 4137 iv.
875 4092 901 4138 et
922 4087 1000 4137 Solet
1016 4090 1085 4138 iv.—
1094 4089 1149 4152 Op..
1165 4094 1226 4139 tom.
1240 4091 1294 4139 xiii.
1308 4106 1349 4154 pp.

248 4155 274 4198 et
283 4149 362 4199 Solet
372 4151 562 4214 iv.—Op.,tom.
571 4151 626 4201 xiii
639 4166 681 4215 pp.
691 4152 776 4201 ioth.
822 4155 877 4203 241.
893 4153 917 4202 b.
942 4155 997 4201 244.
1018 4168 1057 4212 a3
1091 4159 1116 4202 et
1137 4154 1234 4204 Summ.
1262 4154 1349 4206 Theoi.

249 4215 303 4263 195.
316 4229 338 4262 a.
353 4217 406 4264 loo.
418 4230 440 4265 a.
452 4215 491 4279 b.]
823 4218 878 4267 Per.
892 4218 928 4266 iii.
943 4217 1037 4274 Queest.
1048 4218 1137 4267 lxxvii.
1152 4222 1207 4268 Art.
1217 4218 1252 4282 v.]

280 4276 292 4308 ‘¹
310 4278 345 4343 [S.
365 4278 454 4329 stom.
469 4280 561 4343 Aquin.
581 4279 679 4329 Summ.
691 4280 777 4331 'l'hool
854 4281 860 4313 ¹
878 4282 917 4346 [S.
928 4281 1016 4331 Thorn.
1030 4282 1122 4346 Aquin.
1135 4283 1164 4332 in
1175 4283 1219 4332 lib.
1233 4285 1265 4332 iv.
1279 4283 1349 4334 Sent.

248 4341 303 4391 Per.
316 4344 353 4392 iii.
366 4344 453 4400 Quaest
471 4345 550 4394 lxxvi.
569 4345 623 4394 Art.
636 4345 671 4409 v.]
820 4345 886 4396 Dist.
898 4362 922 4395 x.
941 4347 1034 4404 Queest.
1047 4348 1065 4396 i.
1083 4348 1139 4396 Art
1151 4347 1190 4396 lii.
1210 4347 1304 4404 Qusest.
1317 4351 1350 4398 iv.

279 4416 289 4437 ⁶
308 4408 376 4472 [Pet.
386 4409 474 4458 Lomb.
485 4410 527 4459 lib.
537 4411 570 4458 iv.
577 4409 646 4464 Sent.
654 4410 773 4460 Distinet
818 4415 845 4460 et
855 4411 934 4461 Solet.
946 4412 980 4460 iv.
993 4411 1049 4475 Dp,
1061 4415 1122 4460 torn.
1134 4413 1181 4461 xiii
1221 4449 1227 4460 .
1238 4413 1292 4464 197.
1310 4414 1349 4474 b.;

246 4473 292 4522 xii.
301 4473 331 4521 A.
343 4474 385 4523 iol.
395 4476 450 4525 355.
460 4474 497 4530 b.;
510 4479 537 4524 et
548 4473 573 4523 S.
581 4474 670 4524 Thom.
679 4475 774 4538 Aqniu.
818 4491 842 4539 p.
860 4478 914 4525 199.
927 4476 968 4533 b.;
986 4481 1013 4525 et
1028 4477 1124 4525 Surum.
1137 4426 1222 4526 'theol
1244 4477 1300 4529 Par.
1311 4479 1350 4527 iii.

246 4539 274 4587 in
285 4538 391 4589 eandem
403 4538 523 4589 Distinet.
542 4540 635 4597 Qusest.
649 4541 665 4588 i.
688 4540 745 4589 Art.
757 4540 773 4589 i.
819 4540 913 4598 Quaest.
925 4541 1004 4589 lxxvi.
1025 4540 1080 4588 Art.
1093 4540 1137 4602 vi]
