2910 4926
439 285 620 333 srornouu
642 284 823 333 nrurouno.
1120 267 1183 332 119

85 441 230 507 animum
249 440 430 527 juventutis
443 442 597 507 informat
611 441 814 527 paedagogus,
829 440 903 506 ideo
917 440 1030 506 cedere
1045 440 1076 505 ei
1087 460 1183 525 opor-

85 553 142 627 tet,
158 547 214 631 qui
229 554 426 630 quaesturam
446 548 539 631 gerit,
557 554 591 611 et
610 547 695 611 circa
714 569 752 612 ea
766 553 921 624 versatur,
936 545 1053 630 quibus
1070 553 1182 609 tamen

84 651 212 715 animus
237 651 334 735 longe
356 651 534 735 pretiosior.
579 651 737 735 Denique,
758 651 814 735 qui
833 649 984 715 Pontifici
1008 672 1029 714 a
1048 650 1181 716 Confert

84 754 228 819 sionibus
251 762 310 833 est,
334 776 372 819 eo
394 757 465 838 ipso
487 751 592 842 ἀρχὴν
611 753 749 836 μείζονα,
773 753 828 819 καὶ
847 751 1048 840 τελειοτέραν
1070 754 1180 833 habet,

83 879 186 942 coque
207 859 242 923 in
264 860 333 924 soro
355 860 498 944 superior
516 867 583 924 est:
608 881 704 943 quem
724 866 835 924 tamen
849 859 902 923 vix
924 857 1041 923 adduci
1058 858 1177 942 (credo)

83 969 192 1047 posset
207 963 396 1042 Cardinalis‚
419 971 457 1028 ut
472 969 634 1047 componat
653 985 728 1027 cum
744 962 911 1043 Pontifice,
935 969 991 1027 aut
1008 962 1110 1045 Caput
1129 962 1180 1026 in·

83 1064 212 1145 scribat,
228 1068 278 1130 De
295 1068 532 1148 Comparatione
547 1068 655 1150 Popoe,
667 1073 699 1131 et
712 1067 946 1130 Paenitentiurii
959 1067 1020 1129 aui.

129 1169 194 1232 Sed
218 1177 251 1234 et
272 1170 354 1233 illud
374 1191 500 1255 quoque
522 1170 630 1253 inique
650 1177 870 1253 comparatum
892 1177 951 1248 est,
973 1176 1012 1233 ut
1033 1168 1075 1233 ad
1096 1169 1181 1233 hanc

82 1292 151 1334 rem
166 1279 370 1356 opponantur
389 1274 452 1337 ista
470 1273 514 1337 sic
528 1273 615 1337 inter
631 1294 675 1350 se,
694 1274 775 1336 Caro
801 1281 834 1337 ct
850 1273 998 1354 Spiritus,
1017 1272 1133 1335 Culum
1147 1279 1180 1336 et

81 1381 178 1439 ima.
215 1375 378 1460 Quicquid
393 1377 479 1440 enim
495 1376 538 1440 sit
554 1375 593 1440 de
608 1375 784 1441 Provincia
799 1376 950 1455 Prende,
965 1397 1033 1440 non
1045 1376 1178 1439 Carnem

81 1478 178 1544 modo
193 1486 285 1543 curat
299 1480 378 1558 Ren,
400 1487 491 1543 curat
505 1486 538 1544 et
554 1479 716 1562 Spiritum.
760 1480 843 1558 Neo,
865 1486 903 1543 ut
924 1479 960 1543 in
979 1484 1065 1542 terra
1082 1477 1179 1543 modo

81 1583 207 1666 populis
222 1583 288 1647 suis
298 1583 382 1648 bene
397 1583 448 1663 sit,
465 1583 522 1647 sed
537 1592 570 1648 et
585 1606 712 1648 sirrsum
727 1584 768 1648 ad
780 1585 916 1648 ooekstin
929 1582 1068 1668 respicit,
1083 1583 1180 1667 idque

81 1685 160 1768 agit,
189 1693 228 1750 ut
252 1686 408 1770 perducat
429 1708 468 1751 eo
490 1687 697 1752 commissum
723 1687 785 1752 sibi
811 1689 962 1771 Gregem.
1017 1688 1061 1750 Et
1084 1685 1181 1751 nimis

80 1787 220 1854 libenter
240 1812 382 1856 errorem
402 1793 491 1856 hunc
513 1798 623 1856 errant
645 1791 817 1871 Pontificii,
846 1800 884 1856 ut
907 1793 1030 1875 Regem
1055 1811 1181 1854 merum

81 1894 245 1975 opitiorum
255 1902 381 1979 putent,
391 1896 448 1979 qui
462 1896 634 1980 prospiciat
647 1895 833 1960 hominibus
843 1896 883 1961 de
898 1917 1027 1961 annona
1040 1902 1180 1974 tantum,

81 2005 180 2080 atque
202 2004 309 2062 arceat
330 2020 371 2062 ne
387 1999 473 2064 calce
493 1999 575 2063 alter
590 1998 736 2077 ultorum,
752 1999 803 2063 vel
823 2020 924 2063 cornu
945 1998 1050 2079 feriat,
1066 2005 1182 2064 caetere

80 2100 162 2164 nihil
177 2110 277 2176 curet,
293 2102 385 2187 quasi
400 2103 456 2187 qui
475 2102 647 2186 imperium
668 2103 786 2167 habeat
804 2104 841 2166 in
855 2124 929 2168 oves
944 2125 1010 2168 non
1024 2103 1088 2167 nisi
1102 2124 1180 2187 qua·

82 2203 250 2288 drupedes,
284 2205 334 2270 vel
359 2206 460 2290 Gregi
483 2207 590 2290 praesit
619 2206 788 2271 brutorum
818 2206 1016 2270 animalium.
1060 2205 1107 2271 At
1132 2205 1182 2270 illi

81 2308 256 2373 rationales
272 2330 346 2373 oves
367 2311 474 2375 sciunt
494 2310 555 2374 sibi
571 2310 726 2375 creditas:
751 2311 868 2390 sciunt,
883 2332 951 2375 non
966 2310 1062 2375 modo
1075 2309 1180 2375 homi·

81 2409 187 2490 nibus,
211 2433 272 2476 nec
293 2412 402 2477 liberis
428 2413 533 2492 modo,
555 2413 611 2478 sed
626 2412 819 2479 Christianis
842 2413 941 2478 etiam
962 2434 1100 2498 praeesse
1124 2434 1158 2477 se
1169 2438 1179 2491 3

81 2515 210 2580 solliciti
235 2516 330 2600 proin
354 2523 388 2581 et
414 2517 575 2600 quomodo
600 2519 722 2601 Spiritu
750 2525 933 2601 pascantur,
964 2525 997 2583 et
1020 2518 1180 2602 quomodo

82 2619 127 2681 ud
151 2620 293 2683 Coelestea
320 2621 436 2684 Caulas
460 2620 650 2705 dirigantur.
697 2622 780 2684 Cum
803 2620 843 2685 de
865 2621 1078 2704 praeficiendo,
1108 2621 1179 2686 loco

80 2743 149 2801 suo
168 2723 364 2807 Magistratu
379 2724 488 2788 Deum
503 2724 709 2808 compellaret
724 2722 845 2802 Moses,
858 2725 1029 2788 Prooideot
1046 2723 1176 2808 (inqiut)

80 2826 233 2889 Dominus
247 2829 336 2891 Deus
353 2827 432 2909 (uon
446 2828 550 2891 carnis
573 2827 641 2910 sed)
658 2829 824 2909 spirituum
838 2829 937 2891 omnis
951 2829 1065 2907 cumis,
1081 2828 1178 2891 tomi-

80 2950 158 3008 nem,
175 2931 227 3012 qui
241 2933 285 2993 ait
299 2952 392 3012 cuper
406 2931 633 2994 multitudinem
648 2933 738 3009 tono,
760 2951 798 2994 ne
811 2932 854 2994 ait
870 2932 1006 3013 populna
1020 2932 1086 3014 ejus
1097 2933 1180 2996 sima

80 3053 151 3097 ovea
178 3036 246 3096 sine
269 3036 404 3098 Pastore
413 3045 436 3098 Υ.
481 3036 512 3099 A
538 3038 608 3100 Deo
633 3036 799 3117 spirituum
829 3035 982 3119 praefecti,
1012 3036 1179 3116 spirituum

79 3158 190 3201 curam
205 3138 246 3202 ad
261 3160 294 3202 se
309 3138 469 3222 pertinere
484 3139 608 3204 sciunt:
625 3141 745 3222 Populo
760 3140 888 3203 Domini
902 3137 1055 3223 praefecti,
1067 3160 1177 3203 curam

80 3250 194 3324 gerent
209 3242 249 3307 de
264 3243 382 3326 populo
398 3243 439 3306 ad
453 3244 622 3307 Dominum
637 3243 823 3306 deducendo.
868 3243 948 3306 Ideo
961 3242 1113 3326 praefecti,
1135 3264 1177 3306 ue

79 3346 144 3408 sint
158 3347 240 3409 siem
261 3367 331 3409 oves
350 3349 417 3410 aine
427 3353 568 3428 pastore,
592 3367 711 3409 munus
729 3345 789 3410 sibi
806 3345 958 3429 pascendi
972 3346 1176 3410 commissum

80 3454 240 3513 statuent:
263 3469 324 3512 nec
346 3449 454 3512 minus
477 3451 537 3513 hoc
554 3451 651 3513 Josue
667 3456 797 3526 statuet,
814 3470 911 3532 quam
926 3449 1067 3512 Eleazar.
1100 3448 1177 3513 Gul-

79 3551 181 3615 liones
195 3573 263 3616 non
278 3559 383 3630 crunt,
400 3552 455 3636 qui
473 3553 513 3616 de
530 3552 650 3637 injuria
664 3559 697 3616 et
716 3552 858 3616 facinore
873 3552 1048 3617 sustineret
1062 3552 1177 3632 libens,

80 3654 244 3737 religionis
258 3677 311 3720 res
326 3656 488 3739 professus
504 3677 586 3720 curn
599 3657 660 3719 sibi
674 3677 736 3719 aon
748 3667 839 3719 esse'.
865 3656 911 3721 At
926 3654 987 3719 sibi
1005 3656 1179 3719 Christiani

80 3758 190 3841 Repes,
208 3780 276 3822 nou
291 3779 422 3841 corpora
442 3759 538 3824 modo
554 3759 664 3844 populi
684 3760 719 3824 in
734 3758 964 3842 temporalibus
979 3767 1180 3844 perterrens

80 3861 150 3926 baeo
166 3869 332 3928 statuent:
358 3864 414 3927 sed
438 3871 471 3927 et
488 3865 627 3945 Spiritus
645 3865 754 3946 popina?
768 3864 832 3927 Dei
853 3862 889 3926 in
904 3863 1122 3946 spiritualibus
1137 3863 1179 3928 ad

80 3972 202 4029 aeterna
227 3966 454 4049 gubernandos
478 3988 546 4031 esso
557 3993 566 4044 3
589 3976 627 4031 ut
652 3966 693 4030 ad
714 3968 880 4049 api-rituum
901 3973 1031 4050 portum
1049 3968 1177 4049 (coelum

79 4067 197 4151 ipsum)
222 4069 345 4152 possint
371 4070 504 4133 tandem
531 4070 697 4153 appellere.
743 4070 869 4134 Praeses
893 4070 976 4133 forte
991 4070 1177 4149 Provinciae,

80 4193 176 4255 quem
205 4171 323 4235 affatur
349 4173 394 4236 ibi
417 4174 654 4250 Nazianzenus7
677 4194 745 4236 non
774 4172 908 4236 curabat
936 4172 1015 4251 haeo,
1045 4173 1087 4236 ad
1116 4172 1179 4235 alia

78 4274 220 4359 positus:
254 4274 452 4339 Theodosius
482 4276 551 4360 ipse
580 4274 723 4354 curabat,
749 4281 787 4340 ut
817 4275 871 4359 qui
891 4297 958 4338 non
978 4275 1178 4338 Provinciam

79 4377 186 4458 modo,
203 4377 308 4442 sedet
323 4379 514 4441 Ecclesiam:
539 4400 598 4442 uec
614 4379 769 4441 Praesidea
791 4386 931 4455 tantum,
946 4399 1058 4440 verum
1080 4377 1178 4440 etiam

220 4515 229 4544 ¹
247 4505 273 4556 N
276 4520 325 4555 om.
338 4505 416 4555 xxvii.
429 4509 467 4555 lo.
813 4514 821 4535 ²
840 4506 901 4554 Acis
910 4505 979 4554 xviii.
994 4505 1031 4557 17.
