2910 4926
469 279 649 327 arenosum
673 277 854 326 nssronsro.
1149 260 1213 323 253

113 438 252 514 seorsim,
268 437 332 500 duo
347 446 424 500 sunt
440 437 521 501 duo:
545 458 605 501 nec
620 437 811 512 coalescent,
828 436 854 498 si
869 435 963 497 simul
970 461 980 507 ;
1005 432 1173 510 dissilient,
1189 432 1216 495 si

113 539 253 602 seorsim.
277 540 332 602 An
346 540 463 602 excidit
478 538 530 601 hic
545 538 709 603 cardinali
724 538 969 600 Concomitnntic
985 536 1086 599 sual?
1109 535 1160 598 vel
1174 554 1216 597 an

89 689 96 710 .
116 640 263 703 simultas
286 640 368 704 forte
391 641 497 724 aliqua
519 662 623 724 nuper
636 640 828 717 intercessit,
844 640 930 703 inter
944 638 1217 702 concomitantiam

116 749 149 804 et
160 742 382 819 Sam-isicium?
403 742 523 805 mansit
538 752 649 805 tamen
660 743 745 806 bona
757 743 869 825 gratia,
880 742 1041 804 inteream
1056 747 1088 803 ct
1101 741 1217 802 Sacra·

115 851 271 918 mcntnm;
295 853 341 923 ut,
359 847 502 908 concitari
517 846 594 908 velit
610 847 735 927 Corpus
757 845 964 927 Sanguinem,
988 842 1124 926 Sanguis
1139 843 1217 905 Cor·

116 969 186 1030 pus,
196 948 282 1010 intcr
297 949 597 1021 contraconicandmm
616 948 765 1010 secedant
777 956 885 1010 autem
898 969 917 1009 a
928 968 961 1009 sc
972 946 1120 1022 invicem,
1133 946 1218 1008 inter

116 1049 377 1130 somficcndnnm
409 1071 470 1113 nec
489 1051 566 1113 velit
590 1072 669 1128 esse,
693 1050 743 1112 vel
768 1048 925 1133 Sanguini
946 1049 1069 1131 Corpus
1092 1069 1217 1125 comes3

115 1153 165 1215 vel
182 1154 319 1235 Sanguis
334 1153 482 1236 corpori?
519 1153 669 1215 Sacrifico
686 1152 833 1235 Corpus?
858 1152 953 1215 simul
969 1159 1018 1214 est
1034 1162 1067 1214 ct
1080 1150 1218 1233 Sanguis

116 1276 191 1318 curn
202 1257 352 1339 Corpore.
380 1257 504 1339 Corpus
520 1256 606 1318 enim
620 1255 741 1319 Christi
757 1276 917 1337 exsangue
932 1276 999 1318 non
1014 1262 1083 1318 est:
1109 1256 1218 1321 Quare

119 1359 316 1440 Sacrrficiam
338 1381 405 1422 non
427 1359 596 1423 mutilum:
624 1359 773 1422 Sacrifico
796 1358 1010 1441 sanguinem?
1031 1380 1091 1422 nco
1114 1360 1216 1422 solnm

118 1466 246 1537 tamem
271 1462 419 1525 Christus
443 1462 529 1525 enim
553 1461 734 1544 utrobique,
758 1483 818 1525 nec
841 1461 972 1539 divisus,
995 1461 1050 1524 sed
1072 1462 1216 1544 integer:

120 1562 229 1627 Quare
251 1584 313 1626 nec
335 1563 386 1626 rel
408 1563 453 1627 ibi
478 1565 618 1625 mentitam
644 1563 850 1626 Sacrificium.
897 1564 969 1626 Imo
988 1565 1138 1641 mutilam,
1155 1564 1218 1628 cla-

120 1672 187 1727 mat
203 1665 391 1741 Cardinalis,
406 1667 501 1749 plane
524 1666 673 1728 mutilum
683 1692 692 1743 ;
716 1672 800 1728 recte
821 1666 884 1728 diei
901 1671 1006 1746 potest
1023 1665 1220 1746 Samrficinm

120 1769 305 1830 mutilatam.
350 1768 576 1850 Nequicquam
602 1768 655 1830 hic
680 1767 853 1831 intervenit
880 1768 1146 1831 concomitantia:
1169 1790 1219 1832 re·

115 1870 189 1953 jicit
211 1892 359 1953 prorsus:
382 1871 506 1954 rejiciat
524 1891 600 1952 ergo
620 1881 653 1934 et
677 1871 711 1933 in
732 1872 954 1933 Sacramenta:
978 1871 1051 1934 Imo
1075 1892 1167 1934 sccus
1185 1872 1221 1935 in

121 1965 332 2035 Sacramenta.
378 1973 431 2035 Ibi
443 1974 511 2056 jam
526 1973 562 2035 iu
575 1973 766 2045 Quodlibetia
780 1980 838 2045 est,
859 1973 1006 2045 Qataelibet
1020 1973 1066 2036 ibi
1080 1975 1221 2058 sufficite

120 2074 248 2136 dandas.
281 2073 380 2138 Quasi
394 2081 523 2136 maneat
539 2094 605 2156 prae
620 2073 742 2136 foribus
755 2074 1012 2152 Concomitcntin,
1024 2075 1221 2137 sacrificante

121 2174 308 2251 Cardinale3
331 2175 388 2238 ubi
404 2175 601 2256 Sacmficinm
626 2185 803 2258 peractum,
824 2183 895 2239 tum
922 2175 1053 2239 demum
1077 2176 1219 2253 advocet,

123 2278 172 2359 (ut
192 2278 245 2341 ille
268 2278 391 2341 Sosiam
409 2279 445 2339 in
461 2278 636 2355 Comoedia,
654 2279 853 2359 Admetum.)
902 2279 976 2344 Quo
1001 2278 1069 2341 haec
1095 2278 1221 2361 glutine

120 2380 326 2447 cohaereant?
372 2381 468 2443 Certe
483 2380 546 2442 nisi
560 2380 669 2443 credat
684 2381 765 2462 quis,
782 2381 838 2444 sed
853 2401 913 2444 nec
928 2401 1002 2444 cnm
1017 2381 1135 2459 credet,
1151 2381 1221 2443 haec

120 2483 290 2566 intelliget.

164 2585 329 2648 Gratulari
349 2593 457 2648 tamen
477 2586 531 2648 hic
546 2586 626 2650 libet
640 2587 788 2649 Romane
802 2588 961 2664 Ecclesia,
978 2587 1018 2651 de
1039 2594 1133 2650 aucto
1151 2587 1220 2670 jam
1234 2589 1332 2654 [Aliter

119 2685 149 2750 ei
166 2687 437 2749 Sacramentmnm
460 2708 603 2751 numero.
650 2689 738 2751 Nam
753 2688 780 2751 si
796 2689 999 2752 concinnavit
1014 2690 1082 2772 jam
1098 2689 1127 2751 ei
1142 2689 1219 2753 Car·
1231 2661 1384 2770 ffigw,

120 2788 235 2851 dinalis
252 2790 496 2851 Sacramentum
519 2810 624 2851 omnm
646 2796 739 2871 ctqne
761 2793 914 2872 integram
929 2791 985 2853 sard
1000 2793 1100 2873 specie
1112 2793 1219 2872 panis,
1232 2788 1374 2911 fflffi

118 2911 223 2953 verum
239 2899 347 2953 autem
363 2890 460 2953 etiam
477 2897 507 2954 et
522 2893 675 2973 integrum
690 2893 745 2954 aab
760 2895 861 2973 specie
872 2894 957 2956 nini:
983 2893 1220 2975 (accedentibus
1353 2885 1357 2895 ’

120 2993 237 3056 dnobus
262 2993 313 3055 his
343 2993 383 3056 ad
412 2993 535 3076 reliqua
553 2997 626 3077 aar)
658 3003 829 3077 consurget
855 2996 925 3078 jam
950 2996 1220 3058 Scernmcntmnm

119 3116 276 3158 numerus
296 3097 484 3173 octonarius,
508 3117 604 3177 quem
627 3097 805 3160 Cardinalis
829 3097 984 3160 beneficio
1003 3098 1147 3161 Ecclesia
1167 3120 1219 3162 ac·

119 3205 248 3282 ceptum
263 3198 356 3261 ferat.
404 3201 647 3262 Sacramentum
664 3220 746 3276 vero,
759 3199 841 3262 nihil
855 3199 916 3262 nisi
932 3200 1078 3263 sacrificii
1091 3201 1219 3283 partici-

118 3301 214 3382 patio.
274 3301 471 3363 Sacrificium
503 3301 589 3363 enim
615 3302 782 3384 pacificam
808 3301 864 3377 ibi,
888 3309 920 3364 et
949 3301 1218 3367 Eucharisticum.

127 3402 235 3465 Videte
248 3403 352 3465 Israel
364 3404 529 3466 sectandam
546 3423 681 3478 carnem,
696 3404 808 3465 Nonne
824 3404 877 3484 qni
892 3403 986 3465 edunt
1005 3405 1132 3481 hostica,
1139 3425 1221 3484 pcr-

121 3506 231 3585 ticr'pea
249 3511 321 3568 anm
342 3508 502 3568 atterrat?
546 3508 664 3588 Atque,
679 3516 717 3568 ut
740 3506 930 3568 sacrificium
955 3526 1022 3568 non
1045 3505 1219 3587 integrum,

119 3605 184 3668 nisi
209 3607 333 3689 Corpus
362 3608 512 3682 fractum,
542 3607 606 3670 nisi
635 3616 668 3671 ct
697 3607 788 3671 fusus
815 3608 962 3690 Sanguis,
990 3608 1045 3670 scd
1069 3608 1220 3673 mutilum

125 3707 258 3788 (fatente
268 3709 468 3791 Cardinalo);
488 3710 534 3772 ita
548 3731 608 3772 nec
625 3710 779 3774 Sacrificii
793 3710 921 3793 integra
932 3711 1142 3794 participatio,
1158 3711 1221 3774 nisi

121 3810 219 3892 siquis
233 3812 409 3894 utriusque,
422 3821 492 3874 tum
507 3812 601 3875 fracti
613 3814 771 3896 Corporis,
785 3822 855 3876 tum
870 3813 933 3876 fusi
945 3814 1119 3896 Sanguinis
1135 3835 1220 3877 com·

120 3933 178 3994 pos
193 3913 259 3975 fiat.
294 3914 397 3976 Notat
412 3914 458 3977 ibi
469 3915 643 3996 Apostolus
658 3916 847 3999 Symbolum
856 3917 1015 3999 Corporis,
1026 3937 1120 3996 pane,
1133 3937 1220 3998 quem

112 4012 294 4096 frangimus
304 4041 315 4078 .·
340 4016 523 4098 Sanguinis,
540 4018 646 4093 calice,
659 4020 709 4080 mai
724 4019 937 4081 benedicimus.
970 4019 1076 4096 Panis,
1092 4019 1218 4102 partici-

121 4116 238 4198 cipatio
266 4119 433 4201 Corporis:
467 4118 559 4194 calix,
585 4121 832 4184 communicatio
861 4121 1045 4204 Sanguinis.
1091 4122 1219 4203 Repetit

155 4308 171 4327 '¹
196 4301 276 4363 [vide
299 4301 362 4351 Bell.
386 4303 417 4352 de
440 4303 547 4352 Sacram.
570 4303 649 4352 Euch.
693 4319 717 4368 p.
730 4307 784 4354 183.
798 4305 827 4353 D.
840 4304 901 4368 scq.]

121 4364 165 4413 lib.
184 4366 200 4413 i.
223 4381 276 4429 cap.
295 4369 317 4415 2.
336 4369 349 4425 a*
370 4367 485 4417 ‘Tertio'
510 4366 566 4430 Op,
588 4376 648 4417 tom.
725 4377 735 4399 ¹
755 4369 867 4431 [Terent.
879 4370 959 4418 Andr.
972 4368 992 4418 I.
1003 4372 1025 4419 1.
1035 4367 1070 4431 2.]

121 4428 159 4478 iii.
172 4444 196 4493 p.
208 4432 247 4482 97.
261 4430 302 4489 E.;
321 4439 347 4480 ct
359 4432 402 4481 lib.
415 4433 447 4481 iv.
466 4447 519 4495 cap.
533 4435 572 4481 21.
587 4431 649 4483 ibid.
726 4433 921 4483 thor.218.
