2910 4926
263 270 326 335 182
576 284 620 333 sn
641 284 834 334 caanrusrss
855 285 1055 335 ocumanius

294 437 407 501 Longius
415 438 581 503 exspatiando
591 442 667 502 atque
677 439 813 502 evagando,
821 439 854 490 ed
864 440 916 490 alia
922 440 1005 503 magis
1015 439 1097 491 adhue
1108 441 1205 489 remota
1215 437 1368 502 digreditur.

327 555 334 569 .
352 554 359 568 .
376 557 383 570 .
402 520 451 579 Qui
462 520 556 571 multas
566 521 673 585 paginas
684 522 811 571 consumit
821 522 849 570 ln
860 520 1033 571 describendis
1044 520 1169 571 Historiis
1181 520 1369 594 Imperatorum

329 604 356 650 et
368 599 475 664 Regum,
488 601 532 664 qui
549 616 605 650 cum
624 600 790 651 Pontificibus
807 602 928 652 Romame
946 601 1096 652 inimicitias
1112 601 1370 667 gesserunt-[Bell.

329 681 405 745 Apol.
420 696 466 746 pro
478 681 563 746 Resp]
575 696 599 747 p.
608 684 647 734 68.
666 682 736 747 [Op.
747 687 809 733 tona
818 684 862 733 vii.
879 682 935 733 8811
949 682 1047 736 7311).
1059 683 1116 735 72⁷.
1126 681 1169 748 A.]

101 790 241 857 [nepotas
306 779 436 844 Lectori
466 788 576 844 tamen
600 802 769 864 nunquam
794 781 940 864 imponet
964 781 1155 858 Cardinalis,
1178 788 1217 845 ut
1241 779 1272 845 ei
1294 802 1369 865 pcr-

101 857 253 971 ,fflffi
266 882 410 960 suadeat,
428 883 485 947 ubi
505 884 643 947 maxime
666 906 734 947 rem
756 885 874 967 premit
894 886 974 962 Rex,
995 884 1042 949 ibi
1063 884 1103 948 ad
1125 891 1245 948 remoto
1259 886 1369 948 nescio

103 984 187 1034 Ponti·
266 1007 338 1070 quae
352 988 536 1068 cespatiori.
567 988 698 1050 Remota
709 1009 776 1051 non
788 993 864 1050 sunt
875 989 1102 1070 laqueatorum
1116 989 1256 1069 88881918
1270 995 1369 1070 atquc

102 1047 180 1114 Μ]
265 1090 393 1171 Regum,
410 1091 604 1171 quinalium,
620 1092 750 1169 881188,
767 1093 802 1154 ia
823 1111 856 1154 88
871 1093 1070 1174 Pootifieiam
1083 1092 1141 1173 jas
1158 1097 1348 1173 8988881881
1357 1117 1369 1164 ,-

264 1197 385 1255 remoto
404 1193 558 1275 (inquam)
578 1214 645 1256 non
666 1200 752 1256 sunt.
798 1194 935 1258 Haerent
955 1195 1041 1257 enim
1064 1194 1100 1256 in
1122 1214 1226 1257 causac
1239 1194 1369 1257 visceri-

264 1292 336 1372 bus,
361 1301 399 1357 ut
426 1295 562 1359 doceant
585 1296 670 1360 hane
693 1296 728 1359 in
752 1298 859 1380 Reges
884 1304 1089 1379 potestatem,
1113 1318 1132 1359 a
1155 1296 1368 1360 Pontificibus

264 1398 376 1481 inique
403 1406 614 1482 usurpatam
648 1421 791 1482 pugnare
823 1400 911 1463 enim
941 1421 1015 1463 cnm
1046 1399 1200 1483 exemplis
1230 1400 1368 1483 Regum,

265 1500 370 1583 priseo
386 1501 519 1578 saecule;
537 1523 679 1584 quasque
694 1502 808 1566 inillis
823 1503 996 1566 recitandis
1010 1502 1143 1586 paginas
1158 1502 1368 1585 consumpsit,

264 1601 350 1666 bene
372 1623 483 1666 omncs
503 1603 616 1668 locatae
631 1611 717 1669 sunt.
763 1606 881 1683 Quare,
898 1605 939 1668 ad
953 1604 1164 1689 abjurandam
1179 1612 1368 1689 usurpatam

266 1704 350 1768 hanc
371 1712 564 1788 potestatem
580 1707 725 1772 subditos
733 1735 742 1787 3
767 1708 807 1771 ad
823 1708 1047 1772 excutiendam
1062 1708 1146 1771 hanc
1159 1716 1367 1791 potestatem,

265 1808 430 1891 Principes
445 1808 601 1873 hortatur.

299 1942 395 2005 Qualis,
412 1942 522 2004 obscero,
539 1943 594 1994 hsce
612 1944 799 2008 argumentatio
816 1948 897 2005 emet,
920 1944 998 1993 blulti
1014 1943 1095 2007 Reges
1114 1943 1214 1992 nullum
1231 1941 1276 2006 jus
1294 1943 1322 1992 in
1341 1958 1368 1993 se

331 2024 422 2075 babere
435 2025 584 2076 Pontificem
596 2026 738 2077 Romanum
749 2026 919 2086 crediderunt,
931 2025 973 2075 sed
986 2031 1074 2076 contra
1084 2026 1170 2089 potius
1186 2039 1252 2085 eum,
1264 2024 1368 2087 quando

331 2104 416 2163 libuit,
434 2106 620 2170 deposuerunt;
644 2108 712 2170 Ilrgo
732 2107 787 2158 ltcx
805 2109 947 2169 Anglorum
964 2108 992 2156 in
1005 2107 1152 2170 juramento
1173 2120 1218 2155 suo
1235 2105 1368 2155 fidelitatis

331 2186 398 2236 nibil
409 2187 488 2248 aliud,
498 2189 549 2238 nisi
560 2189 669 2245 civilem,
681 2193 708 2238 ct
723 2189 888 2254 temporalem
905 2188 1076 2238 obedientiam
1092 2187 1222 2251 requisiti
1254 2186 1323 2237 Nam
1334 2201 1368 2236 ne

331 2268 386 2332 ipse
402 2268 505 2331 quidem
521 2270 671 2319 Aristoteles
689 2270 801 2320 medium
821 2271 959 2320 terminum
977 2271 1005 2319 in
1024 2270 1071 2320 hae
1092 2268 1311 2332 argumentatione
1332 2282 1369 2317 re

331 2349 413 2411 periet
433 2349 495 2414 [leg.
513 2350 740 2414 reperiret-Bell.
752 2351 828 2414 Apol.
842 2366 888 2414 pro
904 2349 989 2415 Resp]
1008 2365 1032 2415 p.
1046 2353 1085 2402 ts.
1105 2349 1172 2414 [op.,
1187 2348 1302 2399 tomuli.
1318 2348 1367 2398 col.

331 2430 386 2483 737.
399 2433 431 2480 A.
443 2431 487 2494 Β.]

308 2521 381 2584 Nec
402 2522 509 2585 illudit
525 2523 655 2586 Lectori
670 2523 860 2601 Cardinalis,
880 2523 935 2585 sed
955 2522 1025 2602 sibi,
1043 2523 1121 2585 dum
1142 2523 1258 2585 miram
1276 2520 1366 2583 illam

266 2625 680 2705 88981888181188181888818
696 2626 867 2689 concinnat
891 2625 952 2688 sibi
975 2626 1114 2707 primurn
1130 2624 1279 2701 suaviter,
1294 2630 1368 2706 post

267 2726 395 2791 fortiter
410 2728 558 2791 debellat.
604 2730 667 2793 Illa
684 2729 770 2792 enim
793 2729 1031 2811 argumentatio
1052 2728 1152 2791 stulta
1173 2734 1268 2804 essct,
1284 2725 1368 2788 addo

266 2831 368 2894 stulta
391 2840 449 2910 cst,
472 2839 505 2895 ct
528 2854 567 2895 ex
591 2832 691 2895 stulto
713 2832 844 2896 cerebro
868 2833 1014 2895 conficta.
1059 2832 1105 2894 At
1127 2831 1196 2893 baec
1222 2849 1366 2893 nervosa.

266 2933 366 2997 Malta·
381 2936 455 2997 olim
470 2936 569 3017 118988
583 2937 700 2997 nullam
706 2937 764 3017 jas
777 2937 811 2998 18
824 2956 857 2998 88
872 2936 984 2997 babere
999 2935 1182 3015 Pontificem
1195 2935 1368 2995 Rooaonam

267 3038 476 3114 erediderunt,
492 3039 549 3100 sed
562 3040 789 3120 888188981188
803 3060 880 3116 mm,
897 3039 1019 3119 qnaado
1035 3038 1135 3115 libuit,
1152 3037 1367 3117 deposcerunt.

267 3141 365 3224 Ergo,
381 3163 473 3223 qoem
488 3162 569 3204 8888
588 3144 622 3205 ia
636 3144 735 3225 118988
751 3142 938 3204 888881181ὸὶ
951 3147 1147 3222 potestatem,
1164 3161 1200 3202 88
1215 3145 1368 3220 amsperto

267 3252 324 3323 881,
354 3267 410 3309 aec
439 3248 512 3309 olim
538 3268 557 3309 8
583 3247 719 3329 Regibus
749 3248 868 3328 898118.
913 3247 955 3308 In
981 3245 1042 3308 hac
1068 3265 1142 3307 vero
1168 3243 1278 3306 statim
1299 3244 1369 3324 (cur

267 3346 436 3412 Aristoteli
457 3349 611 3412 molestus
635 3349 711 3430 8111)
741 3350 826 3432 Tyro
846 3346 948 3431 quinis
969 3346 1003 3409 in
1026 3343 1210 3409 Dialecticis
1233 3344 1368 3406 acediam

266 3453 408 3532 reperiet.
458 3454 549 3525 Quod
569 3454 698 3515 8118118
718 3472 776 3514 888
799 3450 939 3531 nonfuit
958 3451 1030 3531 (imo
1046 3450 1111 3529 8188
1127 3448 1368 3510 8881888188818

266 3555 346 3635 888)
366 3556 403 3616 id
421 3576 527 3618 recens
547 3561 602 3633 cst,
619 3561 648 3618 81
670 3561 810 3617 recenter
826 3559 1029 3635 usurpata-m:
1054 3553 1201 3614 Ρ8188188
1220 3552 1254 3613 ia
1268 3552 1369 3632 118988

271 3656 376 3735 (qaum
394 3657 534 3719 vindicat
547 3658 620 3738 jorn
634 3656 694 3718 sili
709 3655 872 3737 Pontisea)
893 3656 1014 3717 8118818
1035 3674 1093 3716 asae
1114 3675 1176 3715 aon
1194 3652 1369 3733 9181188188

266 3779 328 3820 noo
343 3757 422 3838 soit,
440 3765 474 3822 81
495 3761 686 3822 contrariam
710 3760 776 3840 ejus
795 3760 829 3821 ia
847 3779 905 3821 888
930 3765 994 3821 tana
1009 3755 1131 3838 fuerim
1164 3754 1370 3837 (Pontificem

267 3861 354 3922 enim
369 3880 443 3923 cum
457 3861 554 3926 libuit
569 3861 797 3944 deposuerunt)
818 3862 975 3942 Usarpoto
991 3881 1063 3942 8898
1077 3866 1107 3921 81
1122 3878 1237 3922 recens.

309 3964 356 4026 At
370 3963 413 4040 id,
430 3965 556 4042 Lector,
573 3964 714 4029 observa.
749 3965 823 4028 Duo
839 3972 932 4027 crant
946 3962 1101 4046 principio
1116 3962 1230 4043 capita.
1270 3961 1300 4022 l.
1317 3959 1369 4023 Dc

262 4065 449 4149 juramento
464 4068 564 4130 civilis
578 4067 769 4131 obedientiae
789 4068 889 4131 licito.
934 4067 966 4129 2.
989 4067 1040 4129 Dc
1055 4070 1215 4148 potestate
1229 4063 1263 4125 in
1279 4062 1369 4145 prin·

266 4167 352 4251 cipes
374 4169 496 4248 illicita,
520 4170 594 4253 quia
615 4176 779 4252 usurpata.
824 4169 986 4230 Posterius
1009 4166 1071 4230 boc
1095 4164 1275 4229 dissimulat
1294 4185 1368 4246 per-

265 4278 363 4354 petuo
379 4272 568 4351 cardinalis,
585 4273 717 4337 abducit
730 4278 764 4335 tc
779 4292 905 4354 semper
919 4271 959 4334 ad
968 4272 1082 4352 priua:
1106 4271 1240 4351 Regem,
1255 4266 1312 4331 ubi
1329 4266 1370 4330 de

259 4376 436 4454 9881881888
457 4375 544 4454 (11811,
568 4376 609 4439 do
628 4378 738 4457 priore
760 4374 856 4457 fingit
878 4374 993 4438 (licere.
1038 4374 1116 4436 Non
1135 4371 1195 4434 hoe
1211 4371 1250 4433 dc
1265 4370 1369 4433 nihilo

265 4483 324 4539 cst.
369 4478 504 4561 Aliquid
523 4481 659 4543 monstri
682 4480 740 4542 alit
762 4485 902 4561 potestas
925 4478 981 4541 illa
1002 4478 1035 4540 in
1052 4479 1168 4560 Reges,
1184 4476 1231 4539 ita
1247 4474 1369 4557 refugit

79 4580 132 4640 Ιι.
