2910 4926
260 250 304 312 62
575 266 618 313 ,11
640 265 831 314 ennomus
853 266 1051 315 1111111111

97 422 211 488 [numi
305 421 379 486 Pari
396 431 504 486 eutem
526 422 590 486 fide
612 407 780 505 exequitur
801 422 846 486 ibi
867 444 946 486 rem.
993 424 1065 487 Nee
1080 425 1166 487 enim
1182 445 1252 506 quoe
1268 424 1360 486 affert

95 489 237 605 ffiffi}
260 524 335 604 illie,
351 525 418 589 fere
433 526 482 590 vel
497 526 584 590 illius
599 548 727 590 11111111
738 528 862 610 juvant,
878 527 929 591 vel
943 536 1061 590 nostrae
1076 535 1203 591 nocent.
1249 528 1360 590 Basilii

95 619 222 735 &affin
261 628 368 692 loonm
394 630 498 709 affert,
525 629 565 693 de
595 652 659 713 qno
684 629 782 694 verbo
808 631 970 694 monuisse
996 642 1046 693 sat
1072 631 1143 694 erit.
1198 631 1361 712 Reliquias

115 719 121 732 ’
206 683 246 749 ¹¹⁹]
261 733 367 797 nullus
388 733 439 825 *ibi
465 734 582 797 Lector
608 733 745 817 reperiet
775 734 969 817 Martyrum,
997 733 1053 796 sed
1078 735 1238 819 Martyres
1264 734 1359 816 ipsos

261 837 308 899 ffi
329 843 412 915 suut,
433 836 549 920 (inquit
560 838 579 919 1)
614 859 674 900 vox
693 837 764 920 ipso
784 838 831 899 lsi
852 836 891 900 ad
915 838 1077 918 Reliquiae
1102 837 1211 901 referri
1237 837 1360 920 nequit.

262 939 375 1004 Genus
398 940 485 1004 enim
509 960 576 1003 non
599 941 732 1023 potitur,
755 948 793 1003 ut
817 939 857 1003 de
871 941 1025 1022 deliquiis
1050 962 1161 1004 sensus
1179 941 1231 1017 sit,
1256 962 1360 1023 neque

262 1043 388 1122 Latine,
401 1043 458 1108 ubi
473 1043 645 1108 dicendum
656 1045 734 1106 Ha:
759 1064 864 1126 neque
876 1045 997 1120 (111111,
1013 1044 1070 1106 ubi
1086 1043 1258 1106 dicendum
1267 1045 1359 1105 Haec:

260 1154 299 1210 ut
314 1147 354 1211 ud
363 1155 516 1211 neutrum
530 1144 677 1231 λείψανα
691 1147 858 1210 reseratur.
903 1148 947 1210 Et
962 1168 1063 1230 ecqua
1077 1154 1186 1210 tamen
1201 1149 1270 1230 ejus
1285 1168 1359 1210 eon-

261 1251 452 1334 sequentia?
496 1252 615 1313 Divisa
631 1257 805 1332 perlatam
830 1252 985 1332 repleuem
1007 1257 1088 1329 sant,
1107 1273 1175 1314 eam
1197 1256 1358 1328 adornant,

261 1355 395 1417 turrium
412 1355 514 1416 instar
528 1359 609 1431 sunt,
625 1375 701 1437 ergo
716 1354 895 1418 adoranda.
940 1355 1031 1419 Num
1056 1362 1088 1418 ot
1113 1360 1215 1417 turres
1237 1356 1358 1429 Romae,

261 1464 294 1520 et
309 1457 393 1520 aedes
408 1463 526 1520 arunte
541 1457 671 1519 adorari
688 1457 819 1522 solenti

293 1567 365 1617 Idem
377 1567 405 1617 in
418 1567 482 1617 Psoi.
493 1569 547 1617 115.
561 1566 624 1625 ‘Qui
636 1567 779 1630 contingit:
791 1568 884 1630 inquit,
896 1571 966 1618 ‘osso
978 1567 1119 1631 Martyrum
1131 1567 1257 1631 quondam
1270 1568 1359 1618 suncti-

324 1649 450 1700 flcotionis
465 1650 608 1700 sociotatem
619 1650 726 1699 assumit
744 1665 776 1699 ex
791 1650 875 1712 gretia
892 1651 989 1714 corpori
1001 1650 1269 1714 insidente·.’—[Bell.
1283 1649 1358 1713 Apol.

325 1748 370 1797 pro
380 1731 468 1796 Resp]
481 1746 504 1795 p.
518 1734 556 1782 13.
572 1730 640 1796 [Op.,
652 1737 712 1781 tom.
725 1733 769 1780 111.
781 1732 826 1781 ooL
840 1731 895 1783 712.
908 1732 953 1796 A.]

305 1823 369 1888 Sed
378 1823 576 1905 participare
598 1821 675 1885 alibi
697 1822 784 1900 dicit,
802 1824 1009 1887 Sanctitalem
1029 1825 1193 1905 quandam,
1210 1826 1262 1907 pul
1281 1825 1359 1886 Ossa

259 1927 442 2010 Martyrum
457 1927 647 2008 eontinpuat.
689 1926 870 1999 Quendam:
894 1927 1033 1990 termino
1049 1928 1269 1991 diminuente:
1293 1949 1358 1990 non

259 2031 354 2114 plene
370 2051 456 2112 ergo,
468 2029 518 2092 vel
533 2029 659 2112 proprie
673 2029 888 2092 sanctitatem.
928 2030 1016 2096 Quid
1027 2032 1123 2093 turn?
1163 2032 1227 2096 Qui
1243 2054 1358 2113 aquam

259 2135 436 2210 lustralem,
459 2133 513 2215 qui
534 2152 634 2215 ugnos
654 2133 727 2208 Dei,
750 2138 782 2194 et
797 2153 896 2213 grana
912 2139 1051 2216 tangunt
1067 2133 1151 2215 opud
1173 2156 1237 2211 νοε,
1262 2156 1358 2214 paon-

260 2241 332 2302 alam
361 2239 409 2319 (ut
438 2236 546 2317 vultis)
579 2235 776 2296 sanctitatem
806 2234 883 2297 iude
912 2235 1122 2319 participant:
1160 2258 1219 2300 nec
1249 2246 1358 2300 tumen

259 2340 439 2405 Cardinelis
456 2338 558 2421 (puto)
577 2358 692 2419 aquam
715 2335 813 2415 111111,
835 2337 884 2399 vel
904 2359 1013 2419 grana,
1030 2338 1080 2401 vel
1094 2340 1206 2421 Agnos
1222 2341 1357 2403 adorau-

256 2448 312 2509 dos
342 2442 467 2506 dixerit.
525 2441 620 2503 Certe
644 2460 715 2522 quae
744 2439 854 2502 Sancti
878 2440 971 2503 Pauli
997 2462 1111 2524 eorpus
1140 2444 1356 2525 contigerunt,

255 2558 289 2612 et
304 2547 438 2610 virtutes
462 2551 593 2628 operata
613 2551 689 2606 sunt
709 2543 927 2622 semicinctia&
948 2564 967 2607 a
986 2544 1076 2607 nullo
1094 2554 1204 2608 tamen
1224 2548 1357 2609 adorata

254 2650 405 2734 legimus.

287 2759 383 2820 Quidni
395 2757 475 2822 igitur
485 2772 632 2807 veneremur
647 2757 796 2807 Sanctorum
807 2758 934 2821 reliquias,
946 2757 1012 2809 undo
1024 2764 1094 2809 tanto
1106 2760 1171 2810 bona
1186 2761 1260 2810 nobis
1276 2776 1360 2824 prore-

321 2838 518 2904 ninntl-[Bell.
531 2838 605 2902 Apol.
618 2854 663 2902 pro
675 2838 759 2903 Resp.]
771 2855 795 2902 p.
808 2841 846 2890 13.
859 2839 925 2905 [Op.,
937 2846 998 2890 tom.
1010 2842 1054 2890 rii.
1067 2842 1113 2891 col.
1127 2842 1182 2893 712.
1197 2843 1218 2891 A
1231 2842 1240 2906 ]

300 2933 381 3009 Neo,
397 2931 479 2993 ratio
495 2951 591 3013 quam
606 2929 652 2992 ibi
668 2929 776 2993 subdit
795 2930 835 2992 de
854 2952 921 3008 suo,
937 2932 1060 2995 melior.
1108 2932 1156 2996 Eo
1172 2934 1357 3010 adorandas,

257 3036 341 3118 quod
358 3035 430 3098 inde
448 3033 527 3096 bona
549 3032 636 3095 nobis
653 3034 850 3114 proveniant.
898 3034 971 3099 Quo
992 3046 1192 3118 argumento,
1212 3037 1358 3100 odoraret

258 3137 358 3203 solem
379 3144 412 3202 ot
434 3137 596 3221 pluviam:
628 3135 705 3199 inde
730 3137 816 3199 enirn
841 3136 925 3200 bona
949 3138 996 3200 illi
1015 3139 1132 3221 (eredo)
1155 3141 1357 3222 proveniunt.

256 3241 412 3306 Adorevit
436 3240 513 3304 olim
538 3261 651 3322 agrurn
676 3260 770 3301 suum
794 3239 920 3303 Atheus
943 3241 1007 3319 ille,
1034 3238 1071 3303 τὸ
1095 3239 1158 3327 γὰρ
1184 3239 1300 3326 τρέφον
1320 3268 1360 3322 με

256 3342 340 3410 τοῦτ’
363 3341 424 3426 ἐγὼ
447 3338 537 3407 καλῶ
561 3339 660 3422 leave,
677 3343 768 3426 cujus
782 3343 990 3427 Theologiam
1014 3345 1150 3428 resipere
1166 3345 1292 3408 ridetur
1307 3347 1359 3409 hie

257 3448 449 3514 Cardinalis.

288 3552 313 3600 N
314 3567 425 3614 ysaenns,
442 3548 566 3612 ‘Corpus’
577 3549 668 3612 inquit,
681 3548 864 3599 ‘venerandum
874 3587 879 3598 .
889 3586 895 3598 .
907 3587 913 3598 .
928 3565 986 3599 enm
998 3551 1079 3599 multo
1089 3550 1198 3600 honore.
1208 3587 1214 3599 .
1225 3553 1361 3615 ,1111111ιί-

320 3639 375 3682 tum
392 3634 420 3681 in
438 3635 544 3694 angusto
557 3666 563 3679 .
575 3666 601 3680 ..
619 3630 673 3680 loco
691 3631 769 3679 sitnm
787 3632 907 3681 est¹.''-
918 3632 995 3696 [Bell.
1013 3632 1086 3697 Apol.
1110 3648 1155 3696 pro
1175 3633 1262 3697 Resp]
1283 3650 1306 3698 p.
1321 3638 1358 3684 13.

322 3712 391 3777 [Op.,
403 3717 463 3761 torn.
476 3713 519 3760 vii.
531 3711 576 3760 eol.
589 3712 644 3763 712.
658 3711 700 3774 B.]

289 3844 384 3908 '[Nwi
404 3842 430 3891 dl
449 3844 461 3890 d
479 3840 598 3904 ἁψόμενος
621 3841 712 3892 ὀστέων
728 3844 784 3907 adp
861 3844 953 3909 ‘[net
969 3845 1054 3908 Aponi
1064 3845 1117 3893 xix.
1130 3842 1180 3907 lu]

255 3926 332 3970 τυροι,
350 3906 469 3968 λαμβάνοι
483 3908 537 3955 τινὰ
554 3908 684 3965 μετουσίαν
702 3910 785 3969 ἀγιασ-
862 3919 874 3942 “
894 3910 958 3974 [Hie
978 3910 1046 3959 locun
1062 3909 1126 3959 hand
1144 3909 1290 3971 comparuit.
1312 3909 1359 3957 Ob-

254 3976 301 4035 μοῦ
323 3974 350 4022 ἐκ
372 3974 416 4028 τῆς
438 3974 472 4033 τῷ
490 3973 582 4031 σώματι
600 3972 786 4034 ταριδρευαύση1
829 3981 913 4024 servat
937 3979 1022 4024 antem
1050 3973 1206 4032 Plutarchus,
1235 3975 1358 4036 (Sympos.

255 4037 512 4100 χοίρειοι-1111111
530 4034 569 4082 Pe.
583 4049 638 4085 exv.
651 4041 663 4096 ξ
677 4040 708 4096 4,
719 4037 786 4100 apud
829 4039 874 4090 lib.
886 4041 920 4089 vl.
930 4038 1021 4097 Qnaest.
1036 4042 1074 4088 10.
1087 4039 1143 4101 Op,
1154 4045 1214 4088 tom.
1228 4040 1254 4086 ii.
1267 4054 1290 4101 p.
1303 4042 1357 4088 ost.

255 4101 282 4153 S.
303 4101 377 4152 Basil.
401 4100 421 4150 0
441 4136 456 4158 .,
475 4106 536 4150 tom.
557 4099 573 4147 i·
593 4115 617 4162 p,
634 4102 689 4152 375.
710 4104 741 4151 A.
758 4103 786 4151 in
831 4103 869 4165 B.)
888 4106 911 4154 αί
928 4105 976 4167 γὰρ
992 4105 1108 4166 ἄνθρωποι
1124 4104 1155 4152 τὰ
1174 4104 1240 4152 κοινὰ
1259 4105 1296 4151 rol
1314 4105 1359 4159 διή-

254 4166 372 4231 Append.
433 4163 632 4215 oncHomilnm
644 4166 785 4227 Gomorrae,
830 4187 903 4218 κοντα
929 4171 982 4218 ταῖς
1009 4169 1099 4232 χριίαιι
1126 4169 1164 4217 tut
1191 4169 1220 4216 τὸ
1242 4171 1360 4217 πλείστων

256 4233 294 4294 (in
306 4231 379 4281 Proef.
390 4230 423 4281 sd
438 4235 500 4281 tom.
511 4230 528 4279 1.
540 4242 593 4291 αφ.
606 4234 645 4280 39.
662 4246 686 4294 p.
698 4233 785 4281 xxxiv.
830 4233 998 4295 ἐκθειάζουσιν,
1017 4236 1048 4283 ὣς
1067 4235 1096 4283 τὸ
1118 4235 1185 4295 ὕδωρ,
1203 4235 1233 4283 ὥς
1250 4234 1279 4281 τὺ
1302 4239 1358 4294 φὼς,

254 4296 315 4347 Odit.
329 4295 432 4361 Bened.)
444 4300 474 4346 ut
490 4293 602 4358 spuriam
620 4296 715 4358 rejicit;
735 4296 786 4346 Ma·
829 4299 874 4347 τὰς
895 4301 962 4363 ὧρας·
979 4300 1024 4359 τὴν
1046 4297 1071 4347 δὲ
1089 4301 1136 4359 γῆν
1157 4299 1184 4347 οὐ
1200 4298 1272 4359 μόνον
1290 4301 1358 4356 θεῖον,

254 4375 331 4413 nnus
351 4376 418 4422 vero,
440 4362 468 4411 in
486 4362 546 4410 Vin
569 4359 593 4410 S.
609 4360 698 4410 Basilii
721 4363 784 4423 (cap,
830 4361 894 4412 ἀλλὰ
906 4365 944 4412 aral
956 4363 1016 4412 Θεὸν
1027 4361 1238 4425 ὑπολαμβάνουσι]

253 4426 299 4477 xli.
314 4430 373 4477 sect.
387 4429 408 4478 5.
428 4442 453 4492 p.
465 4426 589 4488 clxxviii.)
605 4425 699 4477 Basilio
717 4427 785 4475 resti·
862 4435 873 4458 ¹
892 4429 1007 4492 [tapeti
1017 4429 1046 4476 τὸ
1063 4429 1150 4488 σεμνὸν
1160 4428 1201 4477 rat
1213 4428 1360 4485 ἀκηλίδωτυν

253 4489 324 4555 tuln]
830 4492 1040 4558 dirimimur,
1054 4495 1156 4555 οὐδαμοῦ
1170 4496 1222 4543 τοῖς
1238 4494 1303 4544 ἰδίοις
1318 4494 1360 4541 τά·
