2910 4926
256 245 321 310 100
567 261 611 309 an
633 260 822 308 conomius
844 259 1043 309 omomnrur

255 424 364 502 negat.
419 418 578 500 Sequatur
607 416 739 482 'Phomae
768 416 947 482 doctrinam
977 416 1033 500 qui
1061 415 1141 494 vult,
1176 437 1236 480 nos
1265 415 1359 480 Pauli

256 521 439 606 sequimur:
462 521 515 586 cui
530 520 620 585 nulla
634 528 683 585 est
698 521 851 586 Ecclesiae
867 521 1028 585 sententia
1041 522 1075 583 in
1090 541 1140 583 eos
1155 521 1209 602 qui
1215 518 1313 601 foris.

289 656 333 718 Ut,
344 657 387 722 (1.)
398 658 420 707 sl
437 660 516 708 terras
533 656 734 707 Christianorum
749 656 776 706 vi
792 657 976 720 occupaverint,
988 655 1034 720 (2.)
1046 655 1086 705 rol
1103 655 1219 705 subditos
1234 654 1324 705 fideles
1338 671 1355 706 a

319 737 370 788 lide
380 741 491 789 avertere
502 737 732 802 satagat-[Bell.
744 738 819 803 Apol.
830 752 877 801 pro
890 736 977 802 Resp]
995 752 1019 802 p.
1030 738 1068 786 26.
1093 736 1160 801 [Op.,
1178 741 1240 786 tom.
1249 737 1292 786 rii.
1311 736 1357 786 col.

321 818 376 873 719.
387 818 431 885 Ι).]

300 921 401 985 Casus
416 927 525 984 autem
538 920 643 983 notati
659 919 857 996 aCardinole
869 919 934 983 duo
949 926 1035 982 sunt.
1054 921 1083 982 1.
1094 919 1195 997 Prior,
1211 920 1240 981 si
1255 926 1359 983 terras

260 1025 508 1088 Christianorum
527 1025 559 1087 vi
579 1025 806 1106 occupaverint.
850 1024 897 1087 At
915 1023 993 1107 quid
1012 1045 1092 1107 opus
1108 1023 1297 1088 Christianis
1318 1023 1358 1088 ad

256 1129 345 1193 hunc
359 1150 468 1193 cusum
484 1129 634 1191 Eccteeiae
652 1129 804 1191 sententia
825 1136 937 1191 contra
955 1126 1118 1205 Infideles,
1134 1147 1218 1206 cum,
1240 1126 1358 1209 absque

256 1232 321 1311 illa,
334 1233 407 1317 jure
422 1232 490 1315 ipso
506 1231 665 1296 Gentium
680 1231 816 1314 experiri
829 1231 947 1294 liceat?
986 1229 1073 1296 Quid
1083 1251 1162 1313 opus
1180 1230 1353 1314 (inquamtl

258 1335 395 1400 Perinde
414 1336 502 1399 enim
522 1342 581 1414 est,
602 1334 762 1399 Ethnicus
782 1334 923 1411 Ethnici,
947 1355 990 1397 an
1009 1334 1167 1397 Ethnicus
1184 1334 1358 1398 Christiani

258 1445 361 1503 terrac
369 1460 431 1521 per
443 1440 506 1502 vim
521 1443 667 1520 occupet:
690 1437 838 1516 Perinde,
854 1458 893 1501 ex
908 1439 929 1502 J
931 1458 989 1502 ure
1005 1437 1160 1502 Gentium
1179 1438 1357 1502 remedium

259 1550 320 1620 est,
336 1550 433 1627 atque
446 1542 589 1607 vindicta
604 1543 703 1626 justa,
721 1541 896 1606 Christiani
910 1541 945 1605 in
960 1541 1148 1619 Ethnicum,
1165 1549 1261 1625 atque
1276 1543 1358 1606 Eth-

258 1645 325 1709 niei
348 1646 413 1710 sive
437 1645 583 1709 Infidelis
606 1645 702 1709 unius
727 1645 762 1708 in
783 1644 931 1722 alterum,
962 1645 990 1707 si
1017 1644 1054 1707 in
1076 1643 1212 1708 ditiones
1237 1645 1357 1709 alienas

257 1748 416 1832 impetum
429 1749 536 1812 faciat.
580 1749 652 1814 Nec
665 1748 765 1831 igitur
784 1768 864 1831 opus
882 1748 996 1812 ullum.
1036 1747 1118 1813 Quis
1132 1769 1209 1811 usus
1224 1751 1357 1812 autem?

258 1873 301 1916 an
316 1853 402 1916 enim
417 1853 595 1917 Ecclesiam
610 1852 742 1915 audient
758 1851 932 1915 Infidelcs?
977 1852 1021 1915 Et
1036 1852 1149 1934 quanti
1163 1858 1258 1934 putas
1273 1852 1358 1935 apud

258 1955 330 2019 illos
346 1955 506 2019 Sententia
521 1956 696 2018 Ecclest'oe?
719 1954 831 2037 quanti
846 1954 1040 2033 Anathema,
1056 1954 1083 2017 si
1115 1954 1281 2018 Sententia
1293 1976 1358 2019 non

258 2058 431 2141 pareatur?
476 2061 598 2123 Annon
620 2063 663 2138 et,
687 2078 759 2142 quae
780 2057 866 2136 tulit,
881 2057 1066 2136 Ecclesiam,
1088 2064 1130 2136 et,
1152 2080 1248 2142 quam
1271 2058 1356 2136 tulit,

260 2161 463 2239 Sententiam,
488 2161 557 2224 risu
582 2161 678 2224 simul
702 2160 887 2244 excipient?
940 2160 1012 2224 Nec
1037 2182 1116 2223 usus
1139 2160 1237 2244 igitur
1259 2160 1354 2224 ullus.

261 2263 323 2328 Sed
353 2285 458 2348 neque
488 2265 559 2328 Jus.
607 2264 685 2328 Non
713 2264 800 2328 enim
830 2285 968 2347 aequum,
998 2270 1036 2327 ut
1064 2264 1167 2347 privet
1196 2264 1357 2328 Dominiis

258 2367 413 2443 Ecclesia,
430 2387 501 2451 quae
516 2387 582 2430 non
590 2364 763 2448 fundavit:
786 2374 824 2430 ut
839 2367 943 2446 tollat,
960 2388 1031 2451 quae
1046 2388 1113 2431 non
1127 2366 1245 2450 posuit.
1292 2367 1357 2432 Sed

140 2490 148 2501 ·
258 2489 373 2552 neque,
389 2476 426 2532 ut
439 2476 572 2552 propter
593 2471 807 2552 infidelitatem
821 2472 969 2534 Dominio
989 2473 1089 2550 tollat,
1106 2493 1178 2556 quae
1197 2493 1264 2536 non
1278 2470 1357 2553 fun·

259 2572 376 2635 dantur
389 2573 424 2635 in
437 2572 548 2654 fidet:
572 2595 706 2658 quaeque
730 2575 792 2639 alio
813 2595 910 2658 quam
928 2574 1081 2639 Ecclesiae
1101 2577 1175 2661 jure
1193 2576 1357 2659 possiden-

257 2682 323 2755 tur,
348 2676 410 2740 alia
424 2698 520 2760 quam
535 2679 685 2742 Ecclesiae
705 2679 865 2743 sententia
878 2686 1079 2763 repetuntur.
1117 2681 1262 2745 Alterius
1282 2703 1358 2764 ergo

255 2779 338 2863 juris
352 2778 430 2858 haeo,
447 2779 508 2844 alia
523 2781 576 2845 hic
589 2782 742 2845 cententio
757 2803 834 2865 opus
848 2788 918 2846 est:
942 2783 1173 2846 Eccleciaattcae
1194 2805 1254 2848 nec
1271 2804 1357 2866 opus,

258 2900 318 2946 nec
343 2902 428 2960 nouo,
455 2904 561 2966 neque
584 2905 659 2949 vero
689 2884 828 2966 (adhoc)
846 2886 904 2967 jos
918 2885 1032 2949 ullum.
1078 2888 1108 2950 2.
1133 2886 1303 2966 Posterior,
1321 2888 1358 2950 Si

257 2984 396 3049 ntbdltoa
403 2983 515 3067 fideles
533 3008 552 3048 a
571 2986 639 3068 fide
658 2994 797 3052 avertere
810 2994 967 3071 ratapant.
1007 2990 1129 3072 Sateptt
1144 2999 1252 3054 autem
1267 2991 1358 3055 Nero

257 3086 290 3151 id
302 3087 416 3166 facere,
432 3089 652 3171 persecutione
666 3090 820 3155 nimirum
835 3092 924 3174 gravi
939 3097 1078 3155 avertere
1091 3092 1230 3155 sabditos
1244 3092 1357 3174 fideles

257 3211 278 3252 a
293 3188 362 3271 fide
372 3216 384 3264 ,·
406 3190 511 3276 idque,
534 3192 661 3257 vivente
677 3200 709 3256 et
729 3194 859 3258 vidente
879 3195 985 3274 Petro,
1006 3201 1039 3259 et
1061 3201 1128 3259 tota
1149 3196 1249 3258 Romo
1270 3217 1357 3278 epec-

257 3300 353 3359 tante.
399 3296 471 3361 Nec
483 3297 572 3360 Petri
586 3304 697 3361 tamen
713 3299 873 3362 sententia
887 3299 953 3362 ulla
967 3307 1072 3364 exstat
1087 3300 1122 3363 in
1137 3301 1354 3383 Extravagan-

256 3397 355 3477 tibus,
372 3421 435 3483 qua
449 3400 539 3465 Nero
555 3402 735 3485 Imperator
757 3402 891 3465 dominre
906 3405 1054 3485 privatus
1073 3410 1129 3483 est,
1145 3404 1228 3485 qnod
1248 3404 1356 3468 tabuit

256 3519 349 3585 cuper
362 3504 520 3568 Romonm
526 3503 647 3585 fideles.
692 3506 764 3569 Nec
777 3505 812 3569 id
824 3507 939 3571 Petrus
949 3507 1078 3571 molitus
1092 3529 1245 3590 unquam.
1271 3508 1356 3571 Satis

257 3607 343 3669 enim
358 3607 474 3671 durum
496 3608 526 3671 ei
538 3608 653 3687 visum,
673 3616 712 3672 ut
728 3630 870 3691 pascere,
887 3610 927 3673 de
942 3631 1005 3693 quo
1019 3611 1208 3674 mandatum
1230 3610 1354 3687 habuit,

253 3709 383 3790 privare
404 3711 538 3773 dominio
558 3696 761 3794 significaret.
809 3713 880 3775 Nec
896 3713 1022 3791 Petrus,
1042 3734 1113 3793 neo,
1130 3714 1184 3796 qui
1203 3734 1277 3777 eum
1298 3735 1355 3798 per

257 3818 419 3876 trecentos
434 3833 535 3876 annos
551 3813 653 3876 secuti
673 3821 760 3892 aunt,
775 3821 825 3879 tot
836 3816 935 3879 Urbis
951 3816 1108 3900 Episcopi,
1126 3817 1181 3900 qui
1196 3817 1354 3881 Domitia-

255 3935 346 3992 num,
376 3915 560 3998 Trajanum,
592 3917 738 3996 Decium,
762 3918 1011 3998 Diocletianum,
1040 3926 1216 4002 satapentea
1242 3920 1355 3984 eodem

255 4015 361 4094 modo,
391 4023 426 4080 nt
450 4017 554 4098 afide
579 4025 753 4083 averterent
780 4022 919 4086 subditos
940 4022 1062 4104 fideles,
1087 4025 1221 4087 dominio
1245 4031 1355 4087 tamon

255 4120 431 4204 privarunt.
475 4122 631 4185 Doctrina
656 4124 712 4187 illa
739 4125 884 4198 stenem
918 4126 987 4190 haec
1016 4129 1121 4211 praxis
1143 4128 1355 4191 Hildetrandi

255 4223 360 4308 prima
372 4222 474 4289 tuith:
500 4226 656 4308 Sequatur
673 4229 793 4293 Ytomoe
808 4230 991 4308 doctrinam,
1006 4230 1215 4296 Hildebrandi
1229 4233 1354 4315 prarin,

284 4422 297 4455 Ι
315 4412 392 4478 [Bell
400 4413 431 4464 de
443 4412 515 4463 Rom.
528 4413 600 4464 Pont
612 4413 656 4464 lib.
664 4430 687 4465 r.
699 4429 752 4479 cap.
760 4416 783 4465 2.
860 4413 871 4445 ¹
889 4415 966 4479 [Vide
985 4416 1050 4466 Gott.
1063 4415 1162 4466 Viterb.
1181 4416 1273 4466 Chron.
1297 4416 1353 4466 Par.

254 4476 310 4541 Op..
322 4483 383 4527 tom.
396 4478 414 4528 i.
427 4492 452 4542 p.
467 4480 524 4529 231.
536 4477 577 4543 u]
827 4480 889 4529 xvii.
903 4494 927 4544 p.
940 4483 1004 4544 499,
1016 4481 1083 4546 opud
1096 4480 1187 4532 Plator.
1199 4481 1255 4533 Ber.
1268 4480 1352 4532 Germ.
