2910 4926
467 281 651 338 naumann
673 279 854 328 nesrousra.
1147 261 1209 325 281

112 436 190 499 satis
204 442 340 513 constet,
353 435 381 498 si
397 436 577 499 Cardinalis'
591 432 711 518 regulae
726 435 803 497 satis
818 433 878 497 sibi
894 437 1061 497 constent:
1084 439 1213 497 verten-

113 540 191 603 dum
206 538 293 603 enim
308 539 354 607 sie
367 538 451 603 foret
465 540 500 602 in
514 539 606 604 nihil.
651 539 802 622 Namque
816 538 865 602 illi
878 538 1010 617 Idolum,
1026 539 1116 603 aiiii.

146 677 196 728 sad
208 677 293 728 labora
304 692 367 741 opus
378 692 429 726 non
440 681 485 727 est.
520 675 548 727 si
560 678 628 726 enim
640 681 730 740 agatur
741 677 772 726 de
784 677 904 740 imagine,
916 692 972 740 quta
984 676 1066 726 Deum
1078 677 1162 740 ipsum
1175 678 1214 738 (ut

178 764 217 810 est
227 760 256 808 in
267 759 309 822 So)
322 764 492 823 repraesentat,
505 758 629 822 ejusmodi
645 760 730 822 imago
741 759 812 808 nulla
828 760 925 809 rationo
941 759 997 809 fieri
1013 756 1213 824 potest—[Bell.

178 841 252 905 Apol.
265 856 311 905 pro
322 839 406 905 Resp]
423 856 448 905 p.
460 843 514 890 116.
534 841 591 906 [Op.
602 845 664 890 tom.
676 841 719 890 vil.
736 841 782 890 ool.
794 842 850 892 769.
863 839 905 905 Ι).]

156 941 229 1004 Nec
244 924 407 1004 Cardinali
422 940 578 1005 habendae
593 941 644 1005 hic
660 942 779 1024 gratiae.
791 941 877 1026 quod
891 942 1046 1024 largiatur
1060 963 1128 1006 non
1142 942 1212 1026 pin·
1238 960 1366 1024 Imagines

113 1045 256 1125 gendum
271 1045 378 1108 Deum
392 1051 428 1108 at
443 1051 489 1108 eat
507 1047 541 1107 ia
557 1045 607 1123 Se,
624 1065 707 1122 cnm,
723 1051 758 1107 at
773 1051 819 1109 ert
834 1047 868 1107 ia
883 1046 933 1123 Se,
943 1047 1036 1126 piapi
1051 1066 1214 1126 donperre
1226 1025 1369 1154 quidmffl

106 1149 262 1230 fateatur.
295 1149 446 1231 Pingerct
462 1147 489 1210 si
504 1155 623 1231 posset,
639 1148 666 1210 si
680 1148 758 1211 visio
773 1149 840 1211 nlla
855 1155 958 1211 exstet
974 1149 1108 1231 uspiam,
1128 1150 1212 1231 (qua,
1227 1156 1366 1206 muman-

113 1273 180 1316 non
196 1254 286 1317 Deus
305 1252 382 1334 ipse,
399 1260 528 1314 tantum
548 1274 627 1335 opus
648 1253 717 1335 ejus
742 1252 871 1334 aliquod
893 1250 1089 1332 designetur)
1109 1251 1214 1334 pingit
1226 1221 1377 1348 zffffim

114 1354 237 1432 statim,
267 1354 373 1438 pingit
399 1355 468 1417 siue
492 1355 650 1437 scrupulo.
706 1356 750 1419 Et
774 1355 900 1419 odiosas
926 1354 998 1417 illas
1022 1355 1084 1417 Dei
1109 1353 1214 1418 Patris

118 1456 225 1539 (senili
246 1456 386 1519 hominis
407 1456 521 1539 forma)
549 1478 586 1520 ac
601 1458 770 1521 damnatas
792 1458 853 1537 (vel
868 1480 888 1521 a
903 1458 979 1541 suis)
1004 1465 1214 1541 repraesenta-

112 1559 218 1623 tiones
238 1581 304 1622 non
325 1559 403 1622 sinit
423 1558 552 1623 aboleri.
599 1560 640 1623 In
660 1560 730 1643 lege
746 1560 876 1643 quidem
896 1560 1077 1643 ingeminat
1093 1560 1213 1637 Moses,

118 1663 276 1728 Crutoditc
290 1664 422 1726 sollicite
438 1665 559 1726 animae
573 1670 702 1743 vertrae,
714 1663 853 1745 formam
861 1665 989 1746 penitae
1003 1685 1065 1727 aaa
1078 1665 1214 1729 maura.

116 1767 188 1829 Noa
210 1767 335 1829 vidistis
358 1769 497 1849 aliquam
520 1770 754 1831 similitudinem
775 1770 809 1833 ia
827 1770 878 1831 dic
903 1790 964 1850 paa
988 1770 1108 1832 locatae
1128 1769 1214 1831 vobio

114 1871 231 1933 Deest
277 1872 356 1935 Non
377 1879 448 1935 tum
471 1873 601 1955 quidem
622 1873 719 1954 (dicet
734 1874 938 1954 cardinalis),
955 1873 1011 1936 sed
1027 1879 1109 1955 post,
1126 1871 1214 1936 visus

114 1973 217 2037 forma
239 1975 334 2053 senis,
362 1976 448 2059 apud
469 1977 638 2040 Danielem
662 1975 785 2040 Deusl.
830 1979 876 2041 At
899 1999 996 2061 quem
1017 1985 1129 2040 tamen
1151 1975 1214 2057 (vel

113 2085 188 2161 post
203 2079 358 2143 visionem
373 2080 473 2162 illam)
487 2102 574 2144 acmo
589 2082 669 2144 vidit
683 2102 817 2163 anquam
826 2091 848 2159 ⁰,
864 2082 890 2144 si
902 2081 1032 2145 Christo
1042 2080 1212 2144 eredimus.

115 2181 187 2244 Nec
209 2181 297 2245 enim
322 2182 378 2261 ibi,
404 2205 550 2266 persona,
574 2185 717 2268 operatio
742 2185 839 2248 modo
855 2184 927 2262 Dei,
951 2183 1132 2265 significata
1153 2190 1211 2245 es‘a

114 2284 186 2347 Nec
211 2306 288 2348 sane
312 2292 384 2348 tuta
409 2287 461 2349 via
483 2288 534 2351 vel
562 2288 675 2370 regula
703 2288 747 2355 sie
778 2287 819 2351 ad
844 2288 982 2351 visiones
1012 2286 1214 2371 propheticas

116 2386 289 2469 imaginem
314 2389 477 2471 pingendi.
524 2392 578 2455 Ita
600 2413 739 2475 namque
760 2393 864 2475 Cyrus
881 2392 1013 2468 Arietis,
1029 2389 1213 2454 Alexander

116 2491 211 2553 Hirci
240 2491 343 2555 torma
372 2493 572 2576 pingendus:
605 2495 757 2578 Namque
783 2515 821 2557 ea
849 2494 953 2557 forma
977 2493 1058 2557 vidit
1084 2515 1138 2557 eos
1167 2491 1212 2555 ibi

118 2592 233 2655 Daniel
256 2615 329 2657 cum
350 2595 458 2658 Senem
480 2596 560 2659 vidit
569 2595 592 2659 ¹¹.
638 2598 762 2661 Verum
785 2597 898 2662 Romae
924 2598 972 2679 (ut
994 2595 1121 2659 videtur
1158 2616 1213 2658 aar

117 2697 219 2777 magis
235 2697 408 2761 nebulosus
424 2707 483 2778 est,
495 2700 629 2762 Lovanii
643 2699 698 2763 lux
715 2700 838 2764 clarior.
877 2701 1012 2764 Lovanii
1027 2699 1114 2764 enim
1129 2700 1213 2762 Ima-

113 2800 203 2880 aiaee
216 2801 274 2862 liae
294 2801 403 2882 quibem
417 2803 503 2865 Deae
519 2803 618 2865 Pater
632 2805 788 2887 effigiatur
802 2805 835 2867 ia
858 2805 993 2866 lamara
1010 2804 1120 2884 aperie,
1135 2823 1214 2885 quas

118 2902 296 2966 Cardinalis
315 2925 381 2966 non
401 2905 559 2987 prohibet,
584 2907 704 2988 Regius
718 2905 763 2969 ibi
779 2907 945 2971 Professor
962 2906 1129 2970 Hesselins
1144 2925 1214 2968 cea·

115 3010 162 3067 aet
177 3007 372 3084 omittendas,
395 3052 403 3069 .
430 3055 436 3069 .
462 3056 470 3070 .
498 3009 590 3090 idque
604 3029 637 3072 ae
651 3030 691 3072 ea
702 3009 853 3072 Patribus
859 3008 977 3090 seciam
992 3006 1215 3090 maais‘eotom0.

118 3110 179 3174 Ille
214 3110 286 3193 [lep.
315 3110 428 3194 Illum]
463 3112 550 3174 enim
579 3112 631 3175 hio
661 3112 829 3195 scrupulus
859 3110 1009 3174 nonnihil
1039 3110 1214 3174 sollicitat:

116 3217 291 3280 Idiotarum
306 3216 340 3277 ia
350 3216 490 3296 aratiam
503 3216 660 3296 precipue
674 3215 825 3296 imaaiaea
839 3215 897 3275 dac
909 3215 1011 3295 porri:
1038 3213 1216 3296 periculum

117 3327 226 3383 autem
249 3340 326 3397 esse,
348 3339 400 3395 ne,
429 3317 456 3380 si
476 3318 618 3380 humana
641 3317 745 3400 specie
772 3318 862 3400 (puta
886 3317 977 3378 Serio
997 3325 1053 3378 aut
1076 3315 1218 3397 dedicio),

118 3422 207 3485 Dens
236 3421 441 3505 exprimatur,
471 3419 570 3503 sorite
599 3422 633 3482 io
662 3441 799 3482 errorem
827 3419 1217 3500 Anthropamorpllitaram

116 3525 227 3589 Idiota
248 3525 400 3588 incidant.
423 3570 431 3587 .
456 3570 464 3585 .
493 3524 588 3603 Uada,
612 3545 673 3586 aaa
690 3522 791 3604 facile
811 3522 1021 3585 admittendas
1043 3520 1218 3601 hujusmodi

117 3629 277 3709 imagines,
302 3675 310 3690 .
334 3672 341 3689 .
366 3628 428 3688 imo
458 3621 654 3690 omittendas.
711 3627 845 3689 Seritam
882 3630 990 3687 autem
1027 3623 1116 3687 illam
1155 3623 1218 3686 Dei

118 3729 223 3792 Patris
250 3730 424 3811 imaginem,
449 3750 517 3791 cam
535 3729 607 3809 siaa
629 3736 754 3792 maneat
755 3775 894 3807 .....
918 3733 949 3790 et
978 3726 1117 3789 manibus
1146 3746 1217 3789 cou-

115 3833 226 3913 rpicua
240 3852 360 3912 semper
374 3835 426 3910 rit,
443 3852 498 3894 acc
512 3852 631 3913 seraper
644 3832 774 3894 ruditas
788 3838 906 3913 praeto
927 3831 971 3893 sit
984 3830 1113 3907 Doctor,
1133 3832 1218 3911 (qao-

117 3937 206 3998 modo
228 3937 327 3998 iouor
349 3939 490 3997 tremeat
512 3936 557 3997 ad
577 3937 736 4016 ecemplar
761 3935 947 4012 immediate,
975 3939 1005 3997 et
1026 3933 1218 4014 formaliter,

118 4045 150 4100 et
173 4039 322 4119 quomodo
344 4038 478 4100 mediate
500 4044 531 4100 et
549 4036 803 4120 coaeeprmtrrss)
832 4036 1022 4100 diruendam
1045 4056 1125 4098 esse.
1171 4034 1220 4098 Ui

118 4149 150 4204 et
180 4143 408 4223 metaphoricae
439 4142 530 4220 alias,
562 4163 639 4224 quaa
669 4163 730 4205 aaa
761 4147 825 4204 tom
854 4139 956 4221 facile
987 4138 1221 4219 apprehendant

150 4304 299 4400 ;Deat.ir3
310 4304 414 4353 12-15.
725 4300 892 4365 ⁸[Hesselius
920 4301 949 4348 in
968 4297 1052 4348 Decal.
1088 4299 1154 4345 aul.
1167 4310 1219 4359 eap.

151 4440 160 4466 t
177 4368 253 4482 llll
263 4365 355 4482 ild]
693 4364 1082 4559 661'lgiiaii'illidiiiiiia
1107 4425 1220 4540 [auhn

151 4496 162 4528 ⁶
180 4497 254 4561 [Dan.
266 4497 319 4546 viii.
332 4498 356 4558 4,
370 4497 405 4560 a]
692 4495 754 4560 [cap.
778 4497 816 4544 21.
828 4494 895 4559 [Op.,
907 4492 1004 4544 tomii.
1014 4508 1041 4557 p.
1051 4495 1106 4542 456.
1118 4492 1149 4540 A.
1194 4489 1205 4554 ]
