2910 4926
280 273 345 336 898
590 286 634 335 sn
655 286 847 336 cnnnmms
868 283 1068 335 marmur

286 445 365 527 (non
379 444 430 509 vel
445 444 534 510 Avus
544 444 724 509 Carsliualis
740 442 896 508 Ricardus
906 441 932 525 bl
956 463 1023 507 nou
1045 441 1117 506 dieo
1130 440 1207 524 quid
1220 438 1382 524 factm,

282 555 369 613 certe
383 547 512 632 quidem
532 569 597 612 non
617 548 695 631 quid
707 549 845 631 ficturus
862 546 1087 631 Antichristus.
1133 545 1233 630 Plaga
1246 565 1322 610 vero
1335 545 1384 609 ibi

280 658 423 717 sanatur.
467 651 546 717 Nou
571 658 704 716 sanatur
726 658 834 714 autem
859 650 962 734 plaga,
985 650 1048 714 nisi
1072 650 1176 713 scria.-
1202 650 1384 713 simmam

279 755 386 818 sanari
408 753 491 819 nihil
512 775 601 838 opus.
646 753 778 818 Favebit
803 753 1037 836 aequivocationi
1063 753 1111 836 (ut
1132 751 1270 834 videtum)
1287 753 1385 815 Ansi-

279 858 424 936 ctrristus,
444 859 599 940 oequiroca
613 856 674 921 hae
684 858 785 941 plapa
800 878 866 936 sua,
881 857 1037 939 aequivoca
1050 856 1196 920 sanitate.
1240 856 1312 920 Nos
1326 855 1385 938 qui

278 959 348 1024 istis
362 982 429 1025 non
444 960 647 1040 assuevimus,
660 961 682 1025 J
682 982 819 1025 oannem
832 960 887 1025 hic
901 980 1032 1024 narrare
1046 959 1214 1040 credimus,
1229 980 1302 1043 quse
1315 958 1383 1023 fac-

226 1124 231 1132 .
278 1067 372 1126 turus
386 1063 437 1143 sit,
452 1085 520 1128 non
527 1062 663 1145 ficturus
677 1064 902 1127 Antichristus.
940 1063 1072 1130 Quanto
1085 1062 1139 1126 hic
1154 1063 1225 1127 Rex
1238 1062 1383 1127 rectius?

282 1166 383 1249 Caput
405 1167 495 1246 illud,
511 1168 621 1247 Roma,
636 1169 743 1231 Roma
756 1167 934 1250 Imperium,
958 1166 1043 1250 quod
1064 1166 1162 1231 modo
1175 1185 1243 1230 nou
1258 1166 1384 1230 extinc-

279 1276 361 1349 tum,
378 1271 517 1355 graviter
531 1271 661 1355 quidem
677 1270 830 1335 afflictum
852 1270 1020 1335 aGotthis
1037 1277 1071 1334 et
1085 1269 1252 1348 Vandalis,
1268 1274 1385 1332 astrata

278 1380 389 1437 tamen
411 1375 513 1458 pleps
539 1375 617 1459 ejus,
648 1373 730 1439 viras
758 1394 842 1458 pene
870 1373 1020 1457 pristinas
1048 1379 1121 1456 post
1149 1371 1281 1455 recepit,
1308 1392 1385 1434 aum

279 1483 463 1561 exsurgeret
479 1478 519 1543 de
533 1499 627 1558 noro,
643 1484 677 1542 et
691 1477 915 1562 grandesoeret
936 1477 973 1540 in
994 1476 1075 1540 serie
1090 1477 1252 1558 Paparam
1266 1475 1385 1538 Roma·

283 1602 342 1646 ms
356 1583 581 1648 Antichristus.
619 1583 672 1648 Ibi
686 1583 797 1667 Caput,
811 1581 858 1647 ibi
873 1582 966 1666 plaga
977 1580 1109 1664 Capitis,
1130 1580 1224 1664 plaga
1236 1579 1385 1643 lethalis:

280 1684 327 1750 ibi
355 1687 459 1771 plagae
482 1707 568 1767 cura,
591 1707 676 1766 vera,
705 1688 800 1751 seria.
845 1686 919 1750 Hoc
948 1685 1046 1768 siquis
1075 1682 1116 1748 ad
1144 1683 1386 1746 Univereitatem

279 1788 460 1854 cardinalis
475 1790 631 1874 quadrare
644 1790 750 1870 facist,
762 1791 894 1875 Jejunus
909 1789 960 1852 sit.
1024 1784 1027 1788 ⁴
1155 1848 1158 1856 .

322 1891 501 1956 Postericre
520 1912 595 1957 vero
613 1894 724 1957 Bestia
747 1891 928 1956 adumbrari
946 1891 1015 1954 vult
1037 1889 1266 1953 Pradieatores
1288 1888 1384 1951 Anti-

275 1995 400 2059 christi.
445 1994 538 2059 Idem
558 2003 591 2060 et
614 1996 696 2079 Regi
710 1996 842 2060 videtur.
897 1996 1019 2058 Clerum
1038 1993 1124 2056 enim
1143 1993 1190 2057 ibi
1209 1993 1385 2055 Romanam

277 2095 424 2180 intelligi,
440 2097 504 2181 qui,
520 2097 597 2181 quid
616 2098 703 2162 aliud
722 2099 851 2182 (quaeso)
874 2105 959 2176 sunt,
975 2117 1072 2180 quam
1092 2096 1256 2159 Proecoaes
1270 2095 1384 2158 Posti-

271 2198 356 2281 ficis,
373 2200 429 2285 qui
442 2222 519 2267 vose
533 2210 567 2266 et
586 2202 704 2287 scripto
725 2203 904 2266 chdeum⁰
918 2199 1116 2286 pradicant?
1155 2200 1203 2263 Re
1223 2219 1300 2282 ergo
1314 2199 1386 2283 ipsa

278 2303 331 2367 vix
346 2304 516 2387 quioquam
531 2304 711 2390 discrepant
726 2305 935 2389 expositiones
949 2304 1001 2367 hae
1015 2302 1096 2366 duae.
1131 2302 1248 2380 Draco,
1264 2301 1385 2364 Diabo-

280 2407 349 2470 lus:
372 2408 483 2470 Bestia
496 2409 657 2490 septieeps,
672 2408 852 2492 Impiorum
870 2406 1058 2470 universitas
1066 2429 1076 2481 3
1102 2403 1311 2486 (universitas,
1327 2403 1385 2467 sed

279 2511 488 2574 Barcanorum
502 2511 636 2595 imperio
656 2512 891 2595 comprehensa,
906 2531 1004 2595 penes
1023 2529 1103 2593 quos
1116 2515 1188 2572 tum
1204 2507 1384 2572 dominium

278 2614 437 2696 sniumei.)
475 2614 547 2677 Nec
561 2614 587 2677 si
601 2614 740 2677 Bttnica
755 2635 792 2678 ea
807 2615 857 2693 sit,
879 2615 922 2698 (et
937 2620 1004 2677 esto
1013 2612 1151 2675 Ettrica
1165 2610 1215 2675 vel
1229 2611 1380 2688 maxime)

281 2715 408 2779 delicias
429 2715 482 2779 hic
504 2716 599 2780 faciet
621 2716 807 2782 cardinalis.
852 2718 967 2800 Neque
984 2736 1059 2779 vero
1079 2722 1194 2798 potest.
1228 2713 1385 2777 -Omnino

281 2817 321 2880 ad
336 2839 406 2880 eam
417 2819 638 2882 Monarchiani
652 2820 827 2884 revocanda
841 2828 898 2883 est.
945 2821 1068 2901 Septem
1082 2818 1168 2880 enim
1183 2816 1252 2880 hac
1266 2818 1384 2897 capita,

281 2927 396 3002 septem
410 2923 503 2985 colles
517 2928 589 2986 suat
607 2923 733 3006 (quibus
747 2923 864 2987 insidet
878 2923 966 3005 urbs)
979 2922 1058 2987 Orbi
1070 2920 1237 2985 notissimi.
1260 2920 1385 2982 Eadem

281 3043 357 3088 vero
368 3025 478 3088 Bestia
494 3024 620 3090 XVII0.
637 3034 670 3090 et
685 3027 799 3090 XIII0.
816 3047 884 3110 cap.
901 3047 996 3110 supra
1010 3024 1113 3089 docui.
1154 3024 1255 3105 Caput
1268 3023 1386 3086 Bestiae

281 3128 424 3206 sedeam,
441 3127 585 3211 quodibi
599 3131 714 3193 revicit
728 3136 809 3213 post,
825 3130 951 3212 utrique
966 3127 1185 3192 Antichristus
1199 3133 1257 3189 est.
1298 3126 1386 3188 Vere

282 3229 388 3312 Caput
401 3228 615 3293 universitatis
628 3231 713 3293 illius
727 3231 907 3314 impiorum.
952 3231 1023 3293 Nec
1038 3229 1077 3292 de
1085 3229 1260 3311 posteriore
1273 3227 1385 3289 Bestia

282 3332 425 3395 cornibus
447 3353 560 3415 apuam
580 3332 741 3415 referente,
756 3333 795 3398 lis
816 3334 892 3398 ulla.
937 3334 1087 3417 Namque
1108 3354 1147 3396 ea
1160 3330 1384 3415 psescdo-Apo-

281 3438 377 3499 stolas
398 3427 588 3499 Antichristi
613 3437 730 3517 referri,
754 3437 905 3520 utrinque
929 3437 1131 3501 inconfessa
1154 3447 1212 3499 est.
1270 3437 1384 3499 Restat

284 3540 465 3618 character,
485 3561 535 3604 res
558 3540 599 3605 ab
621 3541 720 3605 oculis
745 3543 814 3626 ejus
836 3541 1038 3606 abscondita:
1067 3541 1136 3604 Rex
1158 3539 1285 3603 retulit:
1310 3560 1383 3622 qua,

281 3642 419 3725 primum
441 3643 520 3725 lege,
533 3643 602 3726 jam
622 3644 719 3708 refert
738 3645 853 3729 etiam,
866 3665 908 3707 ne
931 3644 1000 3726 quis
1028 3640 1174 3727 (seilicet)
1195 3641 1323 3724 sugillet
1345 3663 1384 3704 ex

280 3751 370 3827 parte
385 3744 499 3826 aliqua,
517 3766 612 3828 quam
629 3745 697 3830 ipse
717 3748 833 3831 posuit,
849 3747 910 3810 nisi
932 3753 1066 3830 reponat
1081 3746 1177 3810 aliam
1194 3746 1271 3828 ipse,
1287 3766 1385 3827 quam

281 3845 416 3927 probare
432 3847 559 3912 Lectori
579 3856 736 3926 teneatur,
751 3851 877 3914 veritati
897 3850 999 3932 magis
1022 3850 1092 3930 (nec
1112 3870 1187 3926 una,
1210 3847 1275 3931 sed)
1295 3849 1384 3912 omni

247 3959 251 3967 ’
281 3956 424 4031 exparte
439 3958 697 4015 consentaneam.

314 4080 403 4132 Gotthl
415 4087 441 4134 et
448 4083 558 4135 Vandali
569 4085 666 4136 nullam
673 4087 774 4150 plagam
783 4087 896 4137 Romano
905 4087 1024 4137 Pontifici
1032 4085 1296 4150 inflixerunt-[Bell.
1308 4085 1384 4149 Apol.

348 4179 393 4228 pro
405 4163 488 4229 Resp]
500 4181 523 4230 p.
537 4169 593 4216 159.
612 4166 679 4231 [Op.,
695 4171 756 4217 torn.
766 4170 809 4218 vil.
820 4170 866 4219 eol.
879 4169 936 4220 794.
949 4169 993 4232 Α.]

314 4363 326 4396 l
342 4364 392 4429 [De
407 4364 514 4415 Ricardo
533 4365 647 4426 (lanino,
667 4369 810 4432 Astrologo,
855 4368 968 4419 Marcell.
981 4367 1014 4417 ll.
1026 4381 1050 4431 p.
1059 4368 1115 4416 354.
1126 4366 1157 4416 ed
1170 4365 1229 4414 cale.
1242 4363 1323 4426 Plat]

282 4428 357 4479 Patra
368 4428 482 4479 Marcelli
495 4428 570 4493 Papae
584 4431 617 4481 ll.
630 4433 735 4483 etCard.
747 4433 809 4482 Ball.
888 4442 897 4462 ‘⁴
916 4432 994 4496 [Vide
1006 4446 1087 4496 supra,
1104 4445 1128 4495 p.
1144 4432 1196 4479 166.
1215 4432 1268 4478 nol.
1280 4427 1309 4490 t]

142 4516 145 4521 ·
280 4506 334 4553 svo,
361 4493 419 4543 vide
447 4493 549 4557 Onuph.
576 4494 680 4547 Panvin.
703 4498 730 4547 in
758 4498 812 4547 vita
857 4534 862 4538 -
930 4546 936 4554 ,
