2910 4926
235 269 303 332 404
549 281 593 329 aa
614 280 805 330 amararum
826 280 1026 330 ammana

236 441 275 504 de
299 439 527 520 dispensatione
551 459 613 502 aaa
638 438 841 515 admittenda,
865 440 993 521 pariter
1016 438 1182 502 dissolatas
1197 434 1283 518 sare,
1303 437 1342 498 ia

228 542 353 625 sumam
379 543 475 620 abire,
499 543 715 624 ablipatiaaem
743 544 897 606 arculam
922 544 1025 605 minae
1047 561 1112 605 ease
1135 561 1228 623 qaam
1253 545 1341 602 stra·

236 641 402 710 miaeam‘.
448 646 541 710 Adeo
569 646 624 709 ille
653 647 799 710 inustum
835 653 929 731 putat
966 648 1087 710 deatrta
1114 644 1342 727 frontibusque

236 751 349 815 vestris
373 751 586 812 characterem
605 749 710 813 hunc:
743 750 824 814 adeo
847 772 903 814 vos
925 771 999 814 vere
1024 751 1218 832 stipmattcas
1241 748 1341 809 Anti.

237 853 359 916 chricti.
402 851 481 916 Nan
496 861 573 934 ergo
586 851 716 914 Clericia
730 852 806 917 solis
819 853 931 931 haeret,
946 854 1078 916 aliarum
1094 871 1219 935 quoque
1234 848 1342 914 mani-

237 957 298 1021 bus
320 956 496 1039 impressus
520 961 589 1021 est:
620 977 679 1040 pro
706 977 781 1039 qno,
808 964 840 1021 et
863 957 950 1035 olim,
977 963 1010 1021 et
1036 977 1138 1040 nuper
1160 962 1211 1019 tot
1232 953 1342 1017 turbae

238 1061 332 1138 datae,
347 1065 478 1123 tantum
493 1058 670 1123 Christiani
685 1060 851 1142 sanguinis
865 1061 1002 1124 effusum
1017 1065 1077 1124 est.

270 1212 308 1261 At
318 1215 381 1273 quot
390 1213 451 1261 sunt
462 1211 490 1260 in
500 1211 556 1276 ipsa
565 1210 627 1261 urbe
638 1209 719 1261 Βοιω
728 1210 822 1272 Judaei,
837 1211 882 1275 qni
898 1210 999 1275 publice
1008 1211 1131 1271 rendunt,
1141 1212 1169 1259 et
1184 1210 1282 1267 emunt,
1292 1221 1343 1256 nce

303 1293 398 1342 habent
416 1292 539 1356 ejusmodi
559 1291 875 1357 Ghameteremt-[Bell.
893 1292 969 1357 Apol
984 1306 1031 1356 pra
1047 1291 1135 1355 Resp]
1155 1304 1180 1354 p.
1192 1291 1248 1339 161.
1268 1287 1344 1353 [Op.

304 1376 365 1423 tom.
377 1373 421 1422 vii.
440 1374 486 1423 eal.
499 1374 554 1426 tet.
566 1373 609 1438 0.]

77 1492 185 1572 [tanais
285 1490 330 1554 At
351 1510 447 1572 nepta
469 1491 502 1553 in
528 1489 609 1554 Urbe
630 1491 711 1572 ipsa,
731 1511 793 1553 aaa
810 1491 926 1569 Rama,
950 1508 1053 1554 amaea
1072 1487 1214 1572 prosecat.
1261 1486 1344 1551 Non

93 1557 227 1672 mffidm
240 1595 368 1657 Rana!
412 1592 477 1660 Qui
491 1593 624 1657 tandem
638 1595 729 1657 non?
773 1595 848 1657 Noa
859 1595 963 1657 Jaaat
978 1594 1109 1658 scilicet.
1154 1594 1200 1656 At
1214 1589 1344 1674 profes-

76 1686 206 1752 exaspera]
241 1700 339 1762 eiaaia
359 1697 418 1777 vis,
443 1703 481 1761 ut
496 1699 717 1780 priuilepiatas
738 1697 872 1763 reddat:
896 1705 939 1777 et,
962 1720 1005 1762 an
1027 1699 1155 1781 uspiam
1179 1703 1343 1760 terrarum

241 1804 361 1866 Jaaais
385 1786 606 1886 privilegium}
640 1800 717 1865 alibi
746 1802 865 1886 passim
892 1803 982 1886 (puto
1011 1808 1044 1866 et
1075 1801 1198 1883 Bamael
1225 1799 1344 1878 exosis,

240 1911 327 1970 certe
351 1904 509 1988 expilatis.
563 1904 670 1968 Hasce
689 1904 786 1969 moda
804 1905 976 1968 Character
995 1925 1064 1968 nan
1085 1903 1207 1982 eximit,
1222 1902 1343 1986 quibus

242 2008 415 2070 character
432 2006 512 2068 Gaia
534 2006 662 2070 inustus
681 2014 741 2085 est,
761 2014 799 2071 ut
818 2006 940 2091 ubique
961 2013 1101 2071 eatarres
1126 2014 1160 2071 et
1182 2007 1265 2088 capi,
1288 2025 1344 2068 re·

237 2108 379 2195 jectanei
408 2108 486 2186 sint,
515 2108 686 2192 mancipia,
712 2116 746 2173 et
768 2107 1063 2196 rrcpaeaddpparau
1091 2109 1191 2174 totius
1217 2107 1343 2172 Orbis:

241 2212 360 2296 quique
379 2209 414 2273 in
437 2211 542 2274 Rama
562 2211 633 2294 ipsa
651 2210 740 2294 gravi
759 2233 858 2277 censu
881 2220 995 2293 emant,
1015 2221 1053 2276 ut
1072 2218 1196 2284 auant·
1223 2210 1345 2294 quibus

240 2314 346 2398 ipsum
359 2313 489 2377 venare
503 2299 608 2392 suum,
622 2316 729 2377 aeraale
743 2321 809 2378 est:
832 2315 894 2379 nisi
909 2316 1015 2381 deleto
1033 2317 1134 2396 Caini,
1152 2316 1260 2398 (quem
1271 2315 1343 2399 jam

240 2417 362 2499 ferunt)
394 2417 585 2480 Antichriati
616 2418 828 2480 characterem
863 2418 1032 2484 inducant.
1084 2420 1203 2482 Parum
1234 2425 1347 2481 autem

241 2522 407 2603 Pontificta
421 2520 472 2582 sui
487 2519 601 2583 honori
616 2520 669 2583 hic
684 2519 832 2600 consulit,
856 2523 909 2585 cui
930 2543 1062 2586 necesse
1087 2530 1135 2588 est
1156 2523 1189 2585 in
1205 2521 1348 2605 ignomi-

241 2625 329 2686 niam
352 2623 456 2700 cedat,
476 2621 572 2706 quod,
588 2622 638 2685 vel
660 2624 789 2701 Jaaais,
810 2624 862 2688 vel
881 2627 1084 2706 lupanaribus
1106 2626 1231 2689 Rama¹
1253 2626 1347 2688 locus

241 2727 304 2804 sit;
327 2725 415 2788 unde
431 2725 458 2787 si
482 2725 577 2788 ambo
596 2725 772 2805 exalarent,
788 2727 876 2791 haud
892 2729 957 2793 scio
971 2751 1014 2792 an
1028 2731 1200 2811 opalentia,
1217 2728 1348 2790 Sancti-

242 2829 302 2890 tati
318 2827 449 2911 quidem
465 2826 574 2906 Urbis,
590 2828 704 2892 melius
718 2837 921 2913 prospectum
937 2831 1030 2896 foret.

235 2960 244 2981 ‘
276 2979 335 3030 uia
349 2979 413 3030 sora
426 2979 547 3045 praepa
558 2994 616 3030 eum
633 3017 640 3029 .
658 3016 663 3030 .
681 3017 688 3030 .
706 2980 849 3046 Hippolyta
866 3019 872 3032 .
889 3019 896 3032 .
914 2983 996 3034 arare
997 3019 1096 3044 .....
1108 2981 1277 3032 ‘caucasea
1290 2982 1349 3032 eua-

308 3065 430 3111 meterem
442 3063 494 3111 fore
511 3097 517 3111 .
535 3097 541 3111 .
560 3061 647 3111 Crucis
658 3061 851 3113 abolitionem:’
872 3064 941 3128 quali
952 3063 1094 3114 charactere
1106 3063 1307 3127 dignoscantur.
1322 3099 1328 3112 .
1343 3101 1349 3112 .

308 3143 462 3204 Calviniani,
479 3146 509 3192 nt
527 3157 691 3206 praecursores
710 3143 986 3209 haricuriae-[Bell.
1001 3146 1077 3210 Apol.
1093 3161 1139 3210 pro
1151 3144 1235 3209 Resp]
1252 3160 1277 3209 p.
1291 3148 1348 3194 162.

309 3223 380 3288 [Op.,
398 3228 459 3273 tam.
472 3224 515 3273 vii.
532 3224 578 3274 col.
591 3223 734 3289 rerba]

82 3349 200 3427 [Qutssit
288 3340 421 3404 Dudum
435 3360 519 3417 vero,
535 3339 611 3422 quid
633 3340 694 3404 sibi
707 3340 802 3404 vellet
821 3343 1001 3420 Character,
1021 3344 1109 3406 rudis
1132 3343 1225 3426 plane
1250 3349 1348 3424 atque

81 3417 172 3528 ihnrllsti
244 3443 394 3526 ignarus:
417 3442 471 3505 hic
488 3443 557 3526 jam
573 3442 611 3504 de
627 3451 767 3525 repente,
782 3445 907 3508 rescivit
922 3466 990 3507 rem
1006 3445 1203 3510 Cardinalis:
1227 3452 1260 3507 et
1276 3445 1347 3528 jam

80 3540 225 3605 chamaan]
245 3545 362 3609 arridet
378 3546 406 3608 ei
423 3545 591 3629 Hippolyti
607 3546 775 3609 sententia.
816 3548 1034 3611 characterem
1053 3549 1180 3625 Christi,
1195 3548 1345 3609 Gmcem:

244 3649 444 3725 Autielaisti,
464 3648 573 3710 Gracia
597 3648 836 3711 abolitioneml:
861 3671 924 3732 quo
945 3659 1143 3733 argumento,
1163 3651 1217 3733 qui
1236 3650 1348 3712 Crucis

235 3753 308 3831 jam
332 3752 454 3831 siphara
477 3750 608 3828 aboleat,
634 3751 821 3829 Calviniani,
846 3751 1036 3815 Antichristi
1054 3772 1265 3833 pracarearea
1288 3753 1347 3813 ha-

245 3853 345 3914 heaali.
391 3851 454 3914 Vix
483 3853 545 3916 hoc
573 3861 683 3916 tamen
711 3855 787 3917 satis
814 3855 930 3937 (credo)
960 3855 1185 3940 philosophice.
1232 3855 1281 3917 Ut
1311 3853 1346 3916 in

278 4040 286 4068 ²
304 4037 362 4099 Peg.
376 4039 415 4086 10.
815 4038 894 4103 llipp.
907 4039 965 4088 trib.
977 4040 1034 4088 libr.
1047 4038 1079 4088 dc
1088 4038 1232 4088 Consumm.
1246 4037 1347 4097 Mundi,

279 4111 289 4131 ⁸¹
308 4102 335 4164 [1
349 4102 403 4151 Car.
416 4102 448 4149 iv.
463 4100 512 4165 13.]
599 4101 602 4108 “
814 4118 866 4166 cap.
879 4119 921 4152 xx.
940 4104 995 4167 Op,
1012 4108 1073 4153 tom.
1086 4105 1101 4154 i.
1120 4101 1237 4165 Append.
1249 4117 1290 4164 pp.
1306 4105 1345 4160 13,

277 4173 288 4196 ¹
307 4166 388 4228 [Vide
399 4180 481 4229 supra,
498 4181 521 4241 p.
534 4165 589 4215 164.
606 4169 659 4214 nat.
671 4165 704 4229 ‘¹.]
815 4169 855 4216 14.
868 4170 912 4216 Kal
921 4167 991 4217 δόσει
999 4170 1079 4219 αὐτοῖς
1088 4169 1202 4231 χάραγμα
1211 4169 1237 4214 ἓν
1245 4169 1277 4230 τῇ
1282 4168 1347 4227 χειρὶ

277 4239 288 4269 t
307 4230 383 4293 [Haec
400 4233 525 4278 sententia
541 4243 572 4277 ex
589 4229 656 4278 hisce
674 4230 771 4280 duabus
814 4234 845 4295 τῇ
858 4235 928 4296 δεξιᾷ,
945 4233 983 4281 καὶ
1001 4236 1026 4282 ἐν
1042 4236 1076 4295 τῷ
1093 4231 1202 4293 μετώπῳ,
1219 4231 1258 4278 ἵνα
1275 4231 1347 4288 μήτις

245 4295 306 4343 locis
339 4293 445 4344 conflata
480 4293 586 4342 videtur.
622 4293 728 4343 Ἔδωκεν
757 4297 770 4342 ό
813 4296 858 4344 τὸν
875 4294 951 4355 τίμιον
968 4297 1071 4360 σταυρὸν
1086 4297 1172 4360 ποιήσῃ
1191 4299 1226 4358 τῷ
1242 4294 1347 4356 μετώπῳ

245 4358 349 4470 Xptards
365 4361 416 4408 τοῖς
434 4356 468 4407 εἷς
486 4358 558 4407 αὑτὸν
572 4359 710 4409 πιστεύουσι
726 4358 771 4408 τὸν
813 4361 917 4424 ridetur?
926 4362 1000 4411 αὐτοῦ
1008 4361 1172 4426 xenii-Cap.
1182 4360 1272 4409 xxviii.
1282 4359 1345 4407 ibid.

245 4441 322 4482 τμιον
333 4421 499 4482 ral‘l'aarasbr
515 4422 626 4482 σταυρὸν,
642 4424 682 4472 rai
699 4423 770 4474 αὐτὸς
814 4439 838 4488 p.
849 4424 898 4486 la]

245 4486 328 4546 daciae
349 4485 420 4536 adca
441 4486 470 4534 τὸ
492 4487 577 4535 ἑαυτοῦ
603 4488 768 4548 carreiam-S.
