2910 4926
290 275 356 340 466
418 352 425 364 .
604 288 648 336 uu
669 288 860 338 conuiuium
880 288 1080 338 omninum

324 444 361 496 Ita
375 443 407 495 de
424 457 497 495 ceusu
513 442 602 507 scripsi
614 478 620 491 .
633 477 639 491 .
652 478 658 492 .
669 441 703 493 ud
714 441 864 494 Pontificem
875 478 901 493 ..
917 443 1044 507 pertinere
1060 444 1229 507 potestatem.
1241 476 1248 490 .
1261 477 1268 491 .
1280 438 1399 492 solvendi

357 527 473 591 apoouis,
480 525 599 586 censuris,
610 525 716 588 legibus,
728 524 803 586 votis,
809 525 973 589 juramentis,
979 525 1100 589 quonism
1111 525 1196 575 nullm
1205 522 1398 575 Catholieorum

357 612 436 671 negiu
445 606 501 657 haec
510 606 596 656 omnio
607 606 639 656 od
650 620 778 655 summum
785 604 936 656 Pontificem
948 607 1082 670 pertinere,
1091 620 1171 670 neque
1183 605 1308 656 rationem
1319 603 1400 654 effiee

358 691 451 740 cionem
467 687 571 739 reddere
590 691 703 751 possunt,
721 701 797 750 quom
816 687 1003 751 amplissimum
1023 691 1050 738 et
1071 687 1212 738 universale
1231 686 1399 751 privilegium

359 769 433 829 illud,
451 775 457 798 ¹
467 769 637 832 Quodcunque
653 768 765 829 solveris,
777 768 828 818 doc!
861 767 895 819 Et
905 769 1021 833 quumvis
1032 784 1119 820 verum
1131 770 1174 830 sit,
1185 768 1254 833 quod
1265 766 1400 831 'theophy-

359 851 440 902 lactus
448 851 525 902 etalii
537 850 634 908 dicunt,
646 848 714 913 qnod
725 849 770 899 uni
778 848 854 900 Potiu
860 851 1013 915 promissum
1021 850 1079 912 init,
1091 850 1166 901 Mstt.
1176 851 1238 911 xvi,
1245 849 1336 901 dutum
1347 863 1401 898 esse

360 934 527 984 omnibusJo.
539 949 597 995 xx.;
615 937 702 984 umen
719 947 771 982 non
787 937 826 983 est
838 947 926 983 verum
944 933 1027 997 quoad
1045 933 1137 985 omnis
1171 931 1304 997 Siquidem
1324 932 1401 983 Petro

359 1016 434 1067 Mate
447 1016 496 1066 xvi.
508 1016 632 1080 promises
640 1015 690 1064 fuit
698 1019 816 1079 potestus,
827 1030 879 1066 nou
888 1016 970 1066 solum
981 1015 1129 1067 remittendi
1140 1019 1250 1079 paeeatu,
1261 1014 1306 1065 sed
1318 1016 1398 1065 etism

360 1097 474 1148 solvendi
488 1097 575 1147 omniu
592 1096 701 1158 vincula,
718 1111 775 1160 quse
791 1096 916 1161 impedire
931 1102 1036 1162 possunt
1051 1097 1213 1161 adeptionem
1229 1095 1314 1160 Regni
1327 1095 1400 1146 ooele·

360 1178 534 1244 rum-[Bell.
546 1178 621 1241 Apol.
633 1193 679 1242 pro
689 1177 776 1243 Resp]
790 1193 814 1243 p.
827 1181 884 1230 192.
897 1179 969 1242 [op.,
980 1183 1042 1229 tom.
1053 1179 1097 1229 vii
1109 1179 1155 1230 coi
1168 1179 1224 1229 812.
1237 1177 1267 1229 B.
1279 1177 1323 1243 C.]

132 1317 285 1384 [mineat
341 1311 396 1378 Ad
412 1310 628 1377 Secundum
674 1311 783 1376 Etiam
806 1312 995 1376 insecundo
1010 1312 1177 1377 cavillatur
1202 1310 1309 1390 modo,
1338 1331 1400 1376 nec

131 1383 257 1500 ’01ξῇᾱᾷ
299 1415 504 1482 mendacium
519 1415 650 1481 excutit.
699 1413 787 1482 Quid
809 1422 919 1480 sutem
941 1415 1039 1480 refert
1055 1437 1117 1498 pua
1131 1416 1169 1478 de
1187 1435 1283 1479 cauea
1297 1416 1402 1497 scrip·

130 1517 197 1641 2:3¹1
214 1528 287 1578 ¹108*
298 1521 385 1596 serit,
416 1518 454 1598 si,
484 1517 570 1602 quod
593 1539 705 1582 verum
735 1524 793 1597 est,
818 1539 884 1582 uon
914 1518 1086 1601 scripserit.
1131 1518 1284 1582 Potestne
1311 1518 1403 1601 justa

299 1622 448 1706 cuiquam
478 1643 547 1685 esse
576 1641 682 1698 causa,
712 1620 799 1704 quod
824 1620 942 1685 falsum
966 1629 1026 1699 est,
1056 1620 1238 1685 scribendi?
1283 1621 1403 1684 Italos

301 1725 529 1788 catholicorum
549 1730 642 1807 nepot
657 1726 721 1788 doc
740 1725 844 1788 omnio
862 1726 990 1809 (nempe
1005 1724 1039 1788 in
1053 1726 1143 1803 votis,
1159 1723 1286 1806 lepidio,
1301 1725 1402 1787 Juro·

296 1829 407 1892 mentis
423 1827 618 1912 dispensare)
645 1827 690 1890 ad
701 1847 851 1890 summum
866 1825 1049 1910 Pontificem
1063 1828 1233 1910 pertinere.
1277 1827 1402 1890 Nullus

201 1948 204 1953 ·
299 1931 540 2008 catholicorum,
570 1929 691 1993 seilicet
715 1931 925 1992 Romanorum
949 1931 1004 2014 qui
1023 1931 1092 2014 jam
1116 1936 1204 1994 sunt.
1248 1930 1295 1994 At
1311 1938 1400 2007 sunt,

296 2033 463 2118 indiesque
491 2033 598 2118 plures
623 2031 725 2095 futuri
752 2039 828 2097 sunt
856 2033 1019 2112 Catholici,
1037 2033 1158 2117 absque
1177 2033 1239 2096 hoc
1263 2033 1400 2096 Romani

298 2137 469 2201 additione.
510 2136 597 2203 Quid
612 2142 683 2200 tum
698 2144 818 2216 autem,
835 2137 864 2200 si
878 2138 981 2200 nullus
992 2137 1085 2220 jam?
1122 2136 1276 2199 Nullusne
1291 2135 1398 2199 olim?

301 2241 494 2304 catholicum
512 2247 558 2304 est
580 2240 664 2322 quod
686 2260 816 2322 semper,
839 2240 923 2322 pood
942 2240 1063 2322 ubique,
1079 2239 1163 2321 quod
1184 2239 1222 2302 ab
1249 2240 1399 2319 mnibus,

297 2343 449 2406 creditum
463 2340 538 2408 ests.
583 2343 692 2425 Neque
713 2344 866 2406 rationem
887 2344 1090 2428 efficaciorem
1110 2342 1239 2406 reddere
1253 2348 1399 2425 possunt,

297 2467 390 2531 psam
402 2447 623 2529 amplissimum
634 2446 754 2509 illudet
764 2447 937 2509 scismate
945 2447 1156 2528 priuilepium,
1169 2449 1179 2480 ‘
1191 2445 1401 2528 Quodcunque

296 2550 446 2628 soloecisss
463 2557 514 2635 850.
562 2549 649 2616 Quid
664 2571 768 2633 porro,
792 2549 819 2612 si
836 2571 897 2612 uon
913 2557 1047 2631 possunt
1061 2549 1158 2613 vestri
1179 2549 1258 2633 jam,
1275 2549 1332 2631 qui
1355 2548 1400 2612 sio

298 2653 467 2716 sentiunt?
511 2654 641 2735 Ergone
656 2674 722 2717 uon
745 2674 783 2715 ea
804 2652 1016 2736 plurimorum
1032 2653 1202 2730 sententia,
1225 2652 1312 2735 quod
1327 2674 1400 2736 pro·

296 2756 431 2819 missum
452 2755 548 2818 Mott.
565 2755 639 2833 xvi,
654 2756 835 2839 praestitum
851 2759 945 2820 Joou.
963 2779 1025 2834 xx„
1043 2756 1098 2840 qui
1114 2777 1214 2834 secus,
1232 2762 1331 2838 atque
1346 2777 1399 2819 vos

296 2858 400 2937 hodio,
417 2857 493 2921 olim
510 2859 704 2932 senserunt?
738 2860 850 2923 Verum
865 2866 921 2938 est,
938 2860 1021 2942 puod
1028 2860 1216 2941 promissum
1231 2865 1278 2922 est
1290 2860 1399 2938 Petro,

296 2962 395 3024 Mau.
411 2962 486 3040 coi,
509 2961 616 3023 dotum
639 2963 778 3025 omuibus
799 2964 892 3026 Joon.
908 2984 987 3036 πω
1008 2964 1065 3026 sed
1086 2984 1148 3026 noa
1170 2983 1277 3025 oerum
1294 2963 1400 3045 pooad

296 3065 409 3127 omnia.
455 3063 532 3126 Plus
556 3085 632 3145 orgo
654 3065 858 3147 promissum,
879 3066 985 3129 miuus
1000 3066 1122 3144 dutum,
1139 3065 1299 3148 aequivoce
1315 3067 1397 3130 hoe:

301 3167 398 3251 (quod
413 3167 507 3231 bouae
521 3167 596 3231 fidei
612 3168 792 3252 promissor,
810 3169 895 3253 quod
905 3169 1053 3234 Christus
1067 3191 1134 3232 non
1150 3168 1248 3251 facit)
1269 3168 1297 3232 si
1313 3169 1398 3252 quod

295 3269 442 3352 promisit
472 3270 576 3351 quood
596 3272 709 3348 omnio,
740 3273 844 3352 quoad
868 3273 972 3335 omoia
1001 3294 1069 3336 non
1093 3271 1191 3349 dedit,
1215 3271 1271 3334 sed
1296 3273 1402 3353 quoad

296 3374 402 3454 aliquo
426 3379 563 3435 tantum.
610 3373 756 3456 Longam
780 3396 854 3438 vero
876 3374 928 3438 hic
949 3374 1064 3458 occipit
1087 3395 1216 3437 narrare
1242 3373 1397 3439 fabulam.

296 3475 490 3537 Promissam
516 3475 613 3538 Petro
634 3482 823 3557 potestatem
847 3478 1026 3540 caseolum
1049 3475 1227 3540 remittendi
1250 3483 1398 3557 peccato,

295 3577 352 3639 sed
368 3578 506 3640 soluendi
526 3579 629 3640 omnio
652 3579 785 3658 vinculo,
804 3601 871 3662 pace
891 3581 1041 3662 impedire
1058 3585 1187 3662 possent
1202 3578 1398 3659 adelitionem

295 3680 395 3761 Repai
411 3681 564 3743 colorum.
610 3681 764 3760 Primum,
782 3705 890 3747 annon
905 3684 1084 3746 remittendi
1100 3688 1233 3764 peccata
1255 3683 1396 3746 sufficit?

297 3781 361 3845 Hic
381 3790 428 3845 est
450 3782 564 3858 Eseiae,
592 3785 689 3847 omnio
704 3783 833 3866 fructus
848 3792 883 3848 ut
902 3785 1068 3867 auferatur
1081 3790 1280 3867 peccatum&
1327 3785 1397 3849 Ali-

294 3905 392 3946 umne
416 3884 558 3949 fructum
588 3889 784 3970 concupiscit
808 3889 1012 3952 Cardinolis?
1057 3889 1101 3951 Et
1127 3909 1169 3950 au
1194 3893 1278 3964 vota,
1306 3888 1398 3972 lepos,

285 3986 478 4066 juramento,
498 3987 573 4068 (nisi
590 3990 666 4071 quid
677 3990 722 4053 eis
738 3990 815 4053 insit
830 3992 965 4074 peccati)
991 3992 1115 4054 siricolo
1137 3997 1223 4068 sunt,
1240 4012 1313 4073 quae
1329 3991 1398 4054 coeli

294 4089 488 4170 adeptionem
502 4091 699 4171 impediunt?

327 4279 337 4304 ⁰
349 4271 427 4336 [Vide
435 4272 508 4337 Resp.
517 4272 589 4323 'I'orti
600 4289 640 4338 pp.
652 4277 691 4335 10,
700 4280 737 4325 11.
751 4277 818 4327 Edit.
897 4279 904 4309 ¹
927 4279 1056 4343 [Vincent
1078 4278 1156 4328 Lirin.
1183 4277 1281 4328 Comm.
1303 4294 1358 4344 cup.
1370 4282 1397 4329 ii.

294 4334 389 4397 Polit.;
414 4343 440 4386 et
458 4338 521 4388 Bell.
550 4339 688 4404 Op.‚ptom.
706 4343 749 4391 vii.
773 4345 819 4392 eol.
863 4358 887 4408 p.
900 4348 921 4393 6.
940 4343 1113 4406 Oxon.1837.]

293 4401 347 4451 641.
360 4400 404 4467 Δ.]
895 4418 906 4449 s
924 4408 1013 4474 [dissi]
1027 4423 1078 4473 cup.
1088 4408 1170 4458 xxvii.
1183 4412 1206 4458 9.
