2910 4926
276 274 342 341 288
591 291 635 339 su
656 290 846 339 assumtus
867 288 1066 338 amararum

276 446 533 530 inPurgatorio.)
570 447 823 529 Quisprolribet?
852 448 925 509 Imo
941 446 1012 529 quis
1024 444 1142 528 jubet?
1175 443 1240 508 Sed
1254 452 1378 522 manen,

280 547 532 630 Quiaprolribel?
554 551 833 631 annonperspieuu
846 549 1093 612 demonstratio?
1115 548 1165 611 De
1176 547 1246 611 loco
1257 555 1379 625 autem,

277 651 306 714 si
324 652 372 733 (ut
395 652 440 715 ait
463 652 652 736 cardinalis)
672 653 846 717 consistere
865 651 965 735 possit
987 650 1165 728 dubitatio;
1189 672 1241 728 an,
1262 650 1322 714 abs
1343 670 1380 714 re

277 754 340 817 suit
364 753 524 818 dubitatio
549 756 656 837 Regis,
683 763 715 818 et
742 756 876 839 quaestio
900 755 940 818 de
966 762 1083 817 natura
1103 753 1176 832 lori,
1200 755 1230 816 si
1252 772 1380 836 campus

278 858 399 935 uiridis,
416 878 519 921 canoa
533 859 619 921 rictu
633 859 822 941 interfluat?
845 866 882 922 ut
896 859 1011 921 illudat
1026 856 1116 920 vobis
1130 854 1257 932 merito,
1274 855 1330 938 qui
1345 864 1379 919 et

277 962 385 1026 locum
410 962 517 1045 ipsum
541 962 729 1042 describitis,
757 964 797 1026 de
823 984 887 1046 quo
912 969 1023 1025 tamen
1049 959 1242 1025 dubitationi
1267 958 1377 1025 locum

276 1065 468 1149 relinquitis.

309 1209 381 1267 Quod
399 1210 493 1260 attinet
510 1209 542 1259 ad
561 1211 670 1260 viridem
682 1246 689 1259 .
700 1247 707 1259 .
719 1246 726 1260 .
738 1225 855 1275 campum
874 1211 1026 1274 Purgatorii,
1045 1211 1109 1260 sciat
1120 1246 1127 1259 .
1139 1246 1146 1259 .
1158 1246 1165 1259 .
1177 1209 1258 1261 relata
1275 1224 1330 1260 ene
1345 1225 1378 1261 ex

341 1291 478 1341 venerabili
492 1290 561 1341 Beda
569 1291 697 1356 s-[Beu.
709 1292 784 1356 Apol.
796 1306 841 1356 pro
853 1292 926 1354 Resp.
945 1291 1001 1355 Op,
1014 1300 1077 1341 tom.
1086 1291 1130 1340 vii
1143 1289 1189 1339 col.
1203 1289 1258 1342 771.
1271 1288 1312 1355 a]

116 1414 193 1478 [Qua
320 1399 407 1463 Nam
434 1398 524 1462 Beda
548 1405 659 1462 noster
683 1400 816 1478 Auctor,
839 1407 956 1463 caetera
977 1420 1044 1461 non
1069 1396 1183 1476 malus,
1207 1404 1246 1461 ut
1271 1418 1378 1481 neque

115 1479 227 1594 ffiff,
278 1503 453 1584 Gregorius
465 1511 578 1580 vester,
589 1511 623 1566 at
639 1503 680 1566 ad
695 1503 834 1586 cujusvis
849 1502 889 1566 de
904 1502 996 1585 plebe
1012 1503 1138 1564 somnia
1152 1511 1185 1565 et
1200 1501 1268 1565 visa
1282 1502 1378 1565 vehe-

116 1608 208 1686 Perga
276 1616 404 1670 menter
427 1607 592 1682 credulus3
627 1615 660 1670 et
687 1607 878 1670 eonomine
907 1613 1039 1670 notatus
1065 1628 1085 1669 3
1110 1606 1252 1669 vestrim.
1306 1606 1378 1670 Nos

113 1673 264 1803 fflffii
277 1718 385 1775 autem
401 1710 529 1773 silentio
543 1710 599 1773 illa
613 1710 714 1792 premi
730 1710 917 1789 sineremus,
933 1709 996 1773 nisi
1011 1709 1192 1775 Cardinalis
1207 1732 1267 1773 nos
1281 1709 1329 1773 ita
1344 1711 1378 1773 ia

277 1815 417 1895 apricam
435 1814 583 1894 Curapum
598 1812 792 1876 deduxisset.
829 1814 1005 1876 Gebeuuum
1020 1834 1145 1877 manere
1159 1835 1211 1876 eos
1225 1814 1279 1895 qui
1293 1813 1377 1875 Pur·

273 1921 432 2002 potorium
452 1940 512 1982 aon
535 1919 674 1995 madunt,
690 1918 824 1981 Tortum
845 1917 929 1981 olet:
955 1940 1088 2001 quaeque
1113 1918 1255 2001 maligno
1278 1918 1377 1983 'l'orto

278 2022 376 2105 digna
389 2044 449 2085 vox
465 2022 517 2099 sit,
533 2042 598 2085 non
615 2022 734 2084 Sancto
750 2020 930 2098 Cardinale,
946 2031 983 2084 ut
1001 2021 1036 2084 in
1057 2042 1120 2104 qua
1142 2022 1250 2084 minus
1273 2021 1378 2085 adhuc

278 2125 419 2189 caritatis
435 2124 487 2203 sit,
501 2146 598 2207 quam
612 2123 688 2187 fidoi
702 2123 737 2186 in
752 2144 786 2186 re
802 2122 993 2205 Purgatorii.
1027 2125 1148 2188 Caveat
1161 2146 1254 2188 vero:
1282 2124 1379 2187 Omea

277 2229 382 2313 ipsum
397 2250 480 2311 saepe
496 2227 592 2311 rediit
606 2227 641 2289 in
656 2228 736 2289 male
751 2227 947 2290 eminentem.

310 2371 497 2435 Superraeanea
510 2371 631 2433 cogitatio
641 2374 687 2430 est,
698 2368 911 2433 quemadmodum
920 2385 947 2419 se
958 2369 1049 2420 habeat
1061 2369 1239 2432 Purgatorinm
1250 2369 1317 2433 apud
1328 2384 1380 2431 eos,

341 2454 385 2517 qul
403 2456 499 2515 negant
516 2451 702 2513 Purgatorlum,
722 2466 781 2500 eum
799 2451 861 2500 satis
879 2456 984 2509 constet,
1004 2465 1046 2501 eos
1066 2465 1118 2500 non
1138 2450 1316 2513 l'urgatorium
1333 2451 1379 2501 sed

342 2534 488 2584 (ichaonam
510 2531 731 2596 manere-[Bell.
756 2532 830 2596 Apol.
851 2547 898 2595 pro
922 2531 1009 2596 Resp]
1034 2548 1058 2596 p.
1078 2535 1133 2582 119.
1162 2532 1232 2597 [Op.,
1253 2537 1314 2582 tona
1334 2533 1379 2583 vii.

342 2616 379 2664 col
401 2616 455 2667 771.
469 2614 508 2679 0.]

114 2736 187 2803 [spes
198 2737 258 2787 Pur-
321 2723 443 2786 Justior
465 2730 573 2785 autem
593 2723 675 2785 ratio
694 2729 754 2800 est,
770 2730 806 2785 ut
824 2723 879 2805 qui
894 2723 1122 2805 Purgatorium
1142 2743 1209 2785 nou
1229 2722 1378 2801 credunt,

113 2803 211 2916 mli,
277 2848 318 2890 ne
334 2848 388 2890 cos
406 2832 536 2888 maneat
557 2825 796 2908 purgatorium:
820 2825 976 2902 sedeam
995 2825 1111 2889 coelum
1133 2824 1275 2902 credaut,
1291 2846 1329 2888 eo
1345 2846 1379 2888 se

114 2930 237 3007 gehenne
277 2938 487 3011 comparent:
522 2950 596 2991 cum
622 2934 655 2991 et
677 2929 858 3010 pellectum,
882 2928 970 2990 omni
997 2948 1067 2990 eam
1091 2927 1216 2992 ratione
1240 2928 1377 3009 fugiant.

114 3009 206 3123 xiiii
217 3011 258 3045 ⁰¹'
277 3034 333 3109 At,
350 3032 404 3114 qui
424 3031 561 3094 creduut
581 3030 812 3113 purgatorium,
835 3038 928 3092 caute
946 3029 1121 3092 admodum
1140 3029 1320 3107 attendant,
1335 3050 1379 3092 nc

278 3134 403 3216 decepti
432 3132 720 3216 regionariorum,
748 3135 919 3213 pelicanum
949 3133 1065 3196 adeant
1094 3153 1153 3216 pro
1176 3135 1378 3213 peccatorio.

279 3238 359 3300 Sunt
378 3239 459 3300 enim
481 3238 549 3298 loca
567 3237 696 3315 viciam,
714 3235 741 3298 si
758 3234 921 3299 Cardinali
941 3235 1112 3299 credimus.
1157 3235 1292 3298 Vestros
1307 3233 1378 3317 qui·

278 3340 351 3403 dem
366 3340 496 3415 multos,
509 3338 587 3400 dum
597 3338 737 3401 adeundi
747 3337 842 3400 modo
852 3337 1037 3418 Paryatorii
1052 3359 1106 3421 spe
1118 3338 1215 3400 lactat
1228 3336 1378 3400 Pontifex

238 3424 241 3429 ¹
276 3465 334 3527 per
348 3443 564 3522 Indulqealias
584 3463 667 3518 suas,
684 3439 817 3503 deduxit
832 3440 873 3502 ad
885 3442 1066 3521 petentem,
1084 3439 1149 3522 qui,
1165 3439 1192 3501 si
1206 3441 1380 3521 petranum

276 3546 359 3609 forte
381 3545 482 3608 solam
506 3543 700 3620 timuissent,
720 3542 917 3624 (timuissent
940 3550 1059 3620 autem,
1074 3542 1137 3604 nisi
1162 3541 1380 3607 dementasset

276 3669 332 3710 eos
349 3668 420 3728 spes
435 3645 512 3727 illa,)
529 3647 700 3726 pelicanum
716 3645 815 3707 vitare
830 3644 1020 3727 potuissent.

311 3790 451 3839 Primatum
463 3787 510 3851 [8.]
519 3787 587 3836 Petri
600 3823 605 3835 .
619 3824 624 3836 .
637 3824 643 3836 .
656 3788 811 3850 praecipuum
823 3788 959 3836 articulum
971 3802 1023 3837 esse
1035 3787 1106 3845 dicit,
1119 3789 1146 3835 in
1159 3803 1208 3850 quo
1219 3803 1235 3836 a
1245 3787 1320 3836 nobis
1331 3787 1381 3837 dis-

337 3870 437 3917 sentiat.
450 3904 456 3916 .
469 3903 475 3915 .
488 3905 494 3916 .
509 3867 548 3916 lta
559 3872 597 3917 est
607 3869 718 3924 omnino,
731 3870 775 3931 qui
787 3873 863 3930 negat
875 3869 996 3931 [negant]
1011 3868 1093 3930 Caput
1107 3868 1224 3917 lloclcsiae
1240 3868 1264 3917 S.
1275 3867 1381 3918 Petrum

327 3951 425 4009 luisse,
437 3948 594 4012 eundemque
609 3950 747 4013 primatum
764 3951 792 3999 in
805 3950 939 4013 Apostolos
952 3950 1076 4008 babuisse,
1087 3954 1162 4013 atquc
1180 3951 1207 3998 iu
1224 3949 1313 3999 eodem
1331 3950 1381 4014 pri·

311 4176 321 4207 ¹³
339 4166 427 4231 [Bedae
435 4165 503 4214 Hist
515 4166 561 4214 lib.
571 4180 593 4213 v.
606 4166 703 4227 cap13.
716 4179 740 4227 p.
749 4166 804 4212 416.
848 4168 874 4211 et
881 4162 1046 4225 creditaque
1054 4163 1128 4225 hujus
1140 4163 1281 4224 prasertim
1291 4163 1381 4212 saeculi

282 4231 354 4282 Cant.
370 4234 439 4280 1643.
457 4235 487 4279 ut
499 4231 567 4279 citat
582 4228 672 4279 chll.
685 4228 716 4277 de
730 4229 803 4288 Purg.
850 4227 990 4276 Aristarchi
1004 4229 1098 4276 ineerta
1115 4242 1167 4275 esse
1185 4228 1381 4276 ceuselmnt”-

280 4296 325 4345 lib.
334 4297 361 4344 ii.
376 4311 429 4358 cap.
439 4297 460 4344 5.
473 4295 529 4357 Op,
540 4303 599 4342 tom.
610 4294 636 4341 ii.
650 4308 673 4355 p.
683 4295 738 4341 410.
748 4292 788 4355 G.]
850 4290 941 4340 Melch.
955 4291 1037 4340 Canus
1053 4291 1083 4339 dc
1097 4290 1200 4340 Human
1222 4290 1289 4339 llisa
1302 4292 1379 4341 Auel.

313 4368 323 4401 t
342 4360 421 4424 [⁴¹llle
436 4359 523 4419 (Beda)
540 4359 567 4406 in
584 4356 698 4405 llistoria
714 4356 807 4417 Anglo
851 4355 895 4405 lib.
909 4356 943 4404 xi.
955 4371 1008 4419 cap.
1021 4360 1045 4404 6.
1063 4360 1117 4418 (lp,
1130 4370 1154 4417 p.
1165 4354 1231 4419 alu]

278 4439 343 4484 rum,
354 4424 397 4474 ille
409 4422 564 4485 (Gregorius)
576 4422 603 4470 ln
615 4420 730 4482 Dialogis
742 4435 807 4482 quae·
883 4429 892 4452 ¹
912 4419 986 4484 [Bell.
1005 4419 1036 4468 de
1057 4420 1131 4481 Purg.
1153 4418 1209 4484 lib]
1223 4419 1248 4465 li.
1268 4418 1380 4533 [capha.

278 4489 337 4539 dam
354 4488 474 4538 miracula
486 4485 601 4537 scribunt
612 4485 687 4546 vulgo
704 4484 806 4547 jactata.
851 4482 1025 4548 [s]‘Qulnts·
1044 4483 1223 4548 [Op.,tom.ii.
1235 4485 1325 4546 plot.
1363 4483 1382 4548 .]
