2910 4926
459 303 642 351 nomana
663 302 844 351 sessorem.
1138 291 1201 352 251

104 461 132 524 si
146 460 228 524 forte
247 459 284 522 in
299 458 468 523 hectorem
487 460 624 542 aliquem
646 459 767 523 incidat
789 467 857 523 tam
880 459 1015 539 fatuum,
1032 460 1084 523 cui
1101 460 1203 543 possit

104 563 287 628 obtrudere.
340 563 387 626 At
412 584 467 626 vos
490 563 595 627 tollite
622 563 662 626 de
685 563 790 627 Missa
811 562 1202 627 Transubstautiationem

104 675 263 743 vestram3
285 686 345 729 nec
360 665 417 729 diu
431 666 600 730 nobiscum
611 667 651 729 lis
667 666 729 730 erit
743 667 783 730 de
799 666 963 731 sacrificio.
1008 666 1200 730 Memoriam

55 853 56 856 Ἴ
104 771 150 834 ibi
164 771 234 834 fieri
249 769 404 846 sacrificii,
421 769 535 832 damus
550 790 617 832 non
631 769 736 833 inviti.
783 769 961 833 Sacrificari
975 768 1021 834 ibi
1036 769 1203 833 Christum

105 880 246 937 vestrum
269 872 309 935 de
325 893 408 955 pane
423 872 556 949 factum,
571 895 739 956 nunquam
755 871 871 936 daturi.
919 872 1078 954 Samsflcs'i
1092 893 1202 937 vocem

106 977 166 1039 scit
183 975 331 1040 Patribus
354 983 552 1058 usurpatam,
567 997 627 1039 nec
642 977 735 1056 posit
757 977 904 1038 interrae
919 996 1033 1038 manas:
1058 982 1092 1038 at
1106 975 1204 1039 vestri

105 1079 141 1141 in
155 1079 260 1141 Missa
276 1077 445 1157 Samifieii,
467 1085 499 1141 et
524 1079 627 1155 audet,
653 1087 686 1141 et
704 1079 806 1158 ponit,
826 1076 918 1160 ponit
944 1075 1112 1160 (inquam),
1129 1097 1203 1140 cum

109 1181 499 1245 Transubstantiationem
521 1189 594 1264 post
617 1182 686 1244 loco
707 1202 765 1244 suo
784 1181 1004 1265 jugulatque
1025 1180 1088 1244 ista
1106 1180 1204 1263 perti-

106 1292 197 1362 nent,
213 1303 413 1367 praeprcpere
433 1283 558 1364 (dicam,
575 1305 615 1346 an
634 1285 839 1367 praepostere)
856 1283 910 1347 hic
926 1283 965 1347 ab
981 1304 1019 1347 eo
1033 1283 1204 1347 inculcata.

106 1388 178 1450 Nec
194 1387 336 1450 divinare
352 1386 404 1449 hic
419 1387 449 1449 ei
464 1407 552 1470 opus,
569 1389 703 1451 Missam
712 1389 873 1469 privatam
888 1387 1039 1451 Patribus
1060 1386 1205 1470 ignotam

107 1490 228 1566 asserit,
245 1490 354 1552 asserit
371 1497 404 1552 ct
424 1510 485 1552 aaa
498 1492 670 1571 privatam,
688 1511 760 1572 qua,
777 1489 907 1568 scilicet,
922 1509 1040 1573 panem
1054 1488 1101 1553 ibi
1114 1495 1205 1553 tran-

107 1593 358 1656 substantiatam
373 1592 522 1657 adoratis.

140 1727 229 1791 Neque
241 1765 247 1776 .
259 1765 264 1778 .
276 1732 388 1778 vetustas
399 1729 496 1789 erroris,
508 1728 551 1778 sed
563 1729 647 1792 potius
657 1729 832 1778 testimonium
844 1727 959 1778 veritatis
972 1728 1023 1778 dici
1035 1727 1125 1779 dehet:
1141 1766 1147 1778 .
1159 1765 1166 1778 .
1178 1766 1183 1778 .
1197 1767 1202 1778 .

172 1809 271 1859 Vide..
282 1808 582 1869 .deSaorlficiohlissae,.
595 1847 601 1858 .
612 1808 779 1870 .Justinum,.
793 1846 798 1859 .
811 1809 973 1870 .Irenaeum,.
986 1846 992 1859 .
1004 1809 1203 1860 ,Tertullianum

173 1929 179 1940 .
192 1928 197 1940 .
210 1927 217 1940 .
228 1891 377 1957 δια-[8111.
390 1892 464 1955 Apol.
477 1906 522 1954 pro
533 1891 618 1955 Resp]
629 1907 652 1955 p.
663 1893 717 1942 101.
736 1891 802 1956 [Op.,
812 1895 874 1941 tom.
883 1892 926 1941 vli.
938 1891 984 1941 col.
994 1891 1049 1944 tol.
1059 1891 1098 1955 B.]

158 1993 346 2054 vetustatem
361 1994 479 2054 emeris
498 1991 542 2054 ibi
558 1990 638 2053 dixit
653 1990 688 2054 in
703 1994 803 2076 Δώρῳ
815 2013 872 2054 suo
888 1992 1059 2077 Βασιλικῷ
1069 1992 1097 2056 ⁸:
1123 1992 1203 2055 dixit

107 2094 161 2158 hic
180 2095 338 2157 novitiam.
389 2094 483 2157 Vetas
505 2094 593 2157 enim
617 2099 650 2156 et
672 2115 761 2173 aava,
776 2115 869 2158 voces
893 2103 1083 2180 comparatae
1106 2103 1201 2160 sunt:

115 2197 217 2274 Vetas,
234 2197 260 2258 si
280 2196 321 2260 ad
342 2217 402 2259 nos
423 2203 456 2260 et
473 2202 585 2260 nostra
606 2197 675 2260 haec
696 2203 860 2280 tempora3
883 2219 972 2275 aava,
988 2198 1015 2261 si
1030 2198 1205 2282 adprimae

108 2299 189 2378 illos,
206 2307 239 2363 et
254 2322 274 2363 a
289 2300 420 2364 Christo
434 2307 579 2364 recentes
596 2299 806 2364 Christianos.
849 2302 941 2364 Vetas
956 2322 1045 2365 error
1059 2302 1163 2381 abeat,
1179 2303 1206 2365 si

108 2403 150 2466 ad
164 2425 234 2483 nos,
251 2403 300 2466 sin
318 2403 357 2466 sd
369 2404 534 2467 Christum
550 2403 742 2482 conferatur,
758 2424 863 2481 aevae,
880 2404 921 2468 de
936 2405 1068 2469 Christo
1082 2405 1205 2469 incrus-

109 2512 188 2571 tato.
239 2507 389 2570 Veritatis
410 2508 616 2570 testimoniam
635 2529 702 2570 non
728 2507 899 2591 rejicimus.
943 2508 1016 2572 Nec
1031 2531 1050 2572 a
1063 2528 1140 2573 voce
1154 2509 1205 2572 vel

110 2608 279 2689 Saamficii,
302 2611 352 2672 vel
381 2607 564 2687 oblationis,
591 2609 809 2673 abhorremus.
865 2609 1010 2674 Placeret
1036 2632 1113 2693 ergo
1135 2611 1206 2675 loce

109 2712 225 2790 videre,
253 2734 324 2796 quae
348 2714 435 2791 citat,
459 2713 521 2775 nisi
544 2733 665 2791 vocem,
692 2721 823 2797 propter
852 2735 947 2797 quam
973 2715 1062 2793 citat,
1085 2715 1206 2778 videret

112 2816 253 2898 (Lector)
271 2816 363 2880 nobis
378 2838 444 2880 non
459 2817 634 2899 displicere.
661 2812 665 2825 '

142 2967 191 3017 Sed
209 2984 254 3018 nos
271 2967 366 3019 nullam
384 2970 477 3018 seimus
489 3007 494 3017 .
507 3006 513 3019 .
525 3006 530 3017 .
544 2969 699 3018 Sacramenti
716 2970 913 3030 mutilationem,
925 2984 1005 3033 neque
1022 2972 1119 3034 partem
1134 2969 1206 3019 dimi-

174 3049 243 3099 diam
255 3065 307 3100 csse
317 3050 389 3101 laicis
400 3052 562 3101 subtractam.
594 3050 725 3114 Siquidem
742 3051 800 3100 duee
816 3052 912 3115 species
931 3088 937 3100 .
955 3086 962 3101 .
978 3052 1116 3102 necessario
1127 3051 1207 3114 requi·

174 3136 265 3181 ruutur
285 3131 317 3181 sd
337 3131 500 3181 sacrificium:
522 3167 528 3180 .
548 3169 553 3179 .
575 3168 580 3179 .
601 3130 646 3180 sed
666 3131 723 3196 [leg.
742 3131 780 3195 at]
802 3132 834 3180 sd
851 3132 985 3181 emendam
1002 3132 1157 3182 Sacramenti
1174 3169 1180 3180 .
1199 3167 1206 3180 .

174 3213 295 3275 quaelibet
311 3228 342 3262 ex
359 3213 457 3262 duabus
472 3212 680 3277 suflicit-[Bell.
692 3212 766 3276 Apol.
778 3227 823 3275 pro
840 3211 926 3275 Resp]
944 3227 969 3275 p.
980 3215 1035 3262 102.
1057 3211 1124 3277 [0p.,
1144 3217 1205 3263 tom.

173 3294 217 3342 sii.
229 3293 276 3343 ool.
285 3295 340 3345 761.
350 3293 392 3357 D.]

152 3395 198 3456 At
214 3392 361 3455 Articulo
376 3401 539 3476 sequente,
557 3392 596 3455 de
613 3394 829 3471 Sacramenta,
847 3398 985 3474 quantus
1000 3392 1114 3456 artifex
1130 3394 1206 3457 Car·
1221 3403 1329 3468 [nuche

109 3495 246 3558 diualis?
278 3497 431 3578 miepram
454 3497 574 3565 fatetur
602 3516 669 3558 non
694 3496 788 3574 sumi,
815 3497 956 3558 mutilam
981 3496 1065 3559 sumi
1090 3469 1330 3596 negat:{,it⁸,t{{⁸„}{,1

111 3598 311 3662 subtractam
330 3606 428 3682 negat
442 3606 569 3680 partem
587 3600 729 3670 alteram,
745 3598 802 3661 ubi
822 3620 894 3681 pars
909 3620 976 3662 una
990 3598 1086 3662 modo
1101 3598 1206 3663 datur.
1219 3597 1343 3647 elemento

111 3701 200 3766 Quas
215 3701 268 3765 hic
282 3702 375 3766 nobis
385 3702 562 3785 praestigias
573 3701 672 3765 facit?
713 3702 792 3765 Non
803 3709 851 3765 est
862 3703 985 3784 intepra
994 3701 1207 3780 Eucharistia,
1219 3661 1333 3776 {iiiia

109 3825 176 3867 non
190 3811 301 3867 tamen
316 3807 446 3867 matilas
470 3827 536 3868 non
552 3806 649 3867 datar
662 3826 735 3889 pars
751 3806 860 3884 altera,
876 3826 937 3869 nec
956 3812 1067 3869 tamen
1081 3806 1207 3870 subtra-
1220 3790 1360 3854 amends]

110 3906 208 3970 hitur.
239 3910 347 3991 Atque
362 3909 424 3987 hic,
441 3929 530 3972 error
544 3909 644 3972 errori
659 3930 798 3972 errorem
813 3908 907 3992 parit.
953 3909 1102 3973 Christus
1116 3910 1208 3973 insti-

109 4009 173 4071 tuit
188 4012 433 4091 Eucharistiam,
450 4033 513 4094 qua
529 4012 735 4092 Sacrificium,
750 4012 785 4074 in
800 4018 929 4092 atroque
944 4012 1122 4077 elemento:
1147 4034 1210 4095 qus

112 4113 357 4194 Sacramentum,
374 4116 408 4178 in
430 4115 562 4179 utrovis.
607 4115 661 4179 Ad
675 4117 840 4178 essentiam
864 4115 1032 4197 sacrificii,
1047 4122 1210 4198 atramque

144 4313 302 4379 ι[“11’1ιίοΙι,
321 4315 342 4362 if
361 4315 383 4363 it
400 4314 431 4365 be
451 4330 544 4378 wrong,
564 4315 586 4364 is
605 4330 638 4365 no
681 4314 762 4365 Lond.
786 4317 857 4366 1616.
891 4319 907 4344 “
920 4316 979 4365 Non
1001 4317 1084 4378 magis
1106 4321 1209 4379 propter

111 4392 180 4427 more
196 4383 222 4427 to
238 4378 269 4428 he
286 4378 389 4428 allowed
405 4380 444 4428 ior
459 4382 638 4438 ancientncssc,
681 4381 859 4443 antiquitatem
876 4380 1005 4443 probanda
1024 4382 1116 4441 veniet,
1132 4396 1208 4444 quam

111 4442 174 4490 than
191 4442 234 4491 the
251 4443 293 4491 old
310 4443 391 4493 Messe
407 4444 559 4494 is.”-Basil.
578 4444 636 4494 Dor.
682 4445 767 4495 Missae
788 4443 1087 4508 nugamentum''-0p.,
1109 4444 1208 4507 Latine,

112 4506 155 4555 lib.
168 4507 205 4556 iii.
224 4507 280 4572 Op,
292 4507 351 4570 ch.
365 4507 450 4558 Jacob.
461 4508 537 4572 Angl.
550 4524 574 4572 p.
583 4512 636 4560 183.
681 4525 706 4574 p.
716 4512 754 4560 88.
773 4508 1123 4572 Francol.adh1oen.1689.l
