<?xml version="1.0" encoding="UTF-8"?>
<!DOCTYPE html PUBLIC "-//W3C//DTD XHTML 1.0 Transitional//EN"
    "http://www.w3.org/TR/xhtml1/DTD/xhtml1-transitional.dtd">
<html xmlns="http://www.w3.org/1999/xhtml" xml:lang="en" lang="en">
 <head>
  <title>
</title>
<meta http-equiv="Content-Type" content="text/html;charset=utf-8" />
  <meta name='ocr-system' content='tesseract 3.04.00' />
  <meta name='ocr-capabilities' content='ocr_page ocr_carea ocr_par ocr_line ocrx_word'/>
</head>
<body>
  <div class='ocr_page' id='page_1' title='image "./responsioadapol00andrgoog_0132.png"; bbox 0 0 2910 4926; ppageno 0'>
   <div class='ocr_carea' id='block_1_1' title="bbox 453 239 1198 312">
    <p class='ocr_par' dir='ltr' id='par_1_1' title="bbox 453 239 1198 312">
     <span class='ocr_line' id='line_1_1' title="bbox 453 239 1198 312; baseline -0.013 0"><span class='ocrx_word' id='word_1_1' title='bbox 453 259 637 312; x_wconf 78' lang='lat' dir='ltr'><strong><em>mcuoanu</em></strong></span> <span class='ocrx_word' id='word_1_2' title='bbox 658 258 840 312; x_wconf 74' lang='lat' dir='ltr'><strong><em>acaronem.</em></strong></span> <span class='ocrx_word' id='word_1_3' title='bbox 1154 239 1198 303; x_wconf 85' lang='grc'><strong><em>89</em></strong></span> 
     </span>
    </p>
   </div>
   <div class='ocr_carea' id='block_1_2' title="bbox 93 412 1211 2253">
    <p class='ocr_par' dir='ltr' id='par_1_2' title="bbox 93 412 1202 1124">
     <span class='ocr_line' id='line_1_2' title="bbox 97 412 1201 498; baseline -0.008 -13"><span class='ocrx_word' id='word_1_4' title='bbox 97 419 276 485; x_wconf 77' lang='lat' dir='ltr'><strong><em>suasum&#39;ei</em></strong></span> <span class='ocrx_word' id='word_1_5' title='bbox 294 417 404 498; x_wconf 83' lang='lat' dir='ltr'><strong><em>fuisse,</em></strong></span> <span class='ocrx_word' id='word_1_6' title='bbox 418 420 456 484; x_wconf 90' lang='lat' dir='ltr'><strong><em>id</em></strong></span> <span class='ocrx_word' id='word_1_7' title='bbox 474 440 543 484; x_wconf 74' lang='lat' dir='ltr'><strong><em>nem</em></strong></span> <span class='ocrx_word' id='word_1_8' title='bbox 565 418 649 484; x_wconf 84' lang='lat' dir='ltr'><strong><em>licite</em></strong></span> <span class='ocrx_word' id='word_1_9' title='bbox 672 440 711 483; x_wconf 90' lang='lat' dir='ltr'><strong><em>aa</em></strong></span> <span class='ocrx_word' id='word_1_10' title='bbox 728 416 942 482; x_wconf 77' lang='lat' dir='ltr'><strong><em>sine-bonoris</em></strong></span> <span class='ocrx_word' id='word_1_11' title='bbox 963 434 1017 480; x_wconf 88' lang='lat' dir='ltr'><strong><em>seu</em></strong></span> <span class='ocrx_word' id='word_1_12' title='bbox 1031 412 1201 497; x_wconf 76' lang='lat' dir='ltr'><strong><em>fidelitatis</em></strong></span> 
     </span>
     <span class='ocr_line' id='line_1_3' title="bbox 93 520 1199 607; baseline -0.008 -19"><span class='ocrx_word' id='word_1_13' title='bbox 93 525 245 607; x_wconf 76' lang='lat' dir='ltr'><strong><em>prestita</em></strong></span> <span class='ocrx_word' id='word_1_14' title='bbox 259 525 380 587; x_wconf 78' lang='lat' dir='ltr'><strong><em>lesione</em></strong></span> <span class='ocrx_word' id='word_1_15' title='bbox 397 544 452 588; x_wconf 85' lang='lat' dir='ltr'><strong><em>sen</em></strong></span> <span class='ocrx_word' id='word_1_16' title='bbox 460 523 644 606; x_wconf 74' lang='lat' dir='ltr'><strong><em>prejudicio</em></strong></span> <span class='ocrx_word' id='word_1_17' title='bbox 659 524 768 604; x_wconf 83' lang='lat' dir='ltr'><strong><em>eaequi</em></strong></span> <span class='ocrx_word' id='word_1_18' title='bbox 775 522 927 605; x_wconf 85' lang='lat' dir='ltr'><strong><em>potuisse.</em></strong></span> <span class='ocrx_word' id='word_1_19' title='bbox 972 520 1027 597; x_wconf 81' lang='lat' dir='ltr'><strong><em>At,</em></strong></span> <span class='ocrx_word' id='word_1_20' title='bbox 1042 539 1110 583; x_wconf 92' lang='lat' dir='ltr'><strong><em>non</em></strong></span> <span class='ocrx_word' id='word_1_21' title='bbox 1115 536 1199 600; x_wconf 81' lang='lat' dir='ltr'><strong><em>pra-</em></strong></span> 
     </span>
     <span class='ocr_line' id='line_1_4' title="bbox 99 619 1200 705; baseline -0.007 -14"><span class='ocrx_word' id='word_1_22' title='bbox 99 628 184 691; x_wconf 85' lang='lat' dir='ltr'><strong><em>stitit</em></strong></span> <span class='ocrx_word' id='word_1_23' title='bbox 205 633 316 691; x_wconf 87' lang='lat' dir='ltr'><strong><em>tamen</em></strong></span> <span class='ocrx_word' id='word_1_24' title='bbox 342 626 546 690; x_wconf 77' lang='lat' dir='ltr'><strong><em>obedientiam</em></strong></span> <span class='ocrx_word' id='word_1_25' title='bbox 571 625 731 704; x_wconf 85' lang='lat' dir='ltr'><strong><em>Marchio,</em></strong></span> <span class='ocrx_word' id='word_1_26' title='bbox 756 646 818 689; x_wconf 91' lang='lat' dir='ltr'><strong><em>nec</em></strong></span> <span class='ocrx_word' id='word_1_27' title='bbox 842 624 920 687; x_wconf 80' lang='lat' dir='ltr'><strong><em>Dae</em></strong></span> <span class='ocrx_word' id='word_1_28' title='bbox 933 623 1032 685; x_wconf 76' lang='lat' dir='ltr'><strong><em>Faria</em></strong></span> <span class='ocrx_word' id='word_1_29' title='bbox 1059 620 1147 705; x_wconf 88' lang='lat' dir='ltr'><strong><em>(scio)</em></strong></span> <span class='ocrx_word' id='word_1_30' title='bbox 1164 619 1200 683; x_wconf 92' lang='lat' dir='ltr'><strong><em>iu</em></strong></span> 
     </span>
     <span class='ocr_line' id='line_1_5' title="bbox 101 727 1200 811; baseline -0.008 -16"><span class='ocrx_word' id='word_1_31' title='bbox 101 730 199 795; x_wconf 90' lang='lat' dir='ltr'><strong><em>simili</em></strong></span> <span class='ocrx_word' id='word_1_32' title='bbox 207 731 417 811; x_wconf 74' lang='lat' dir='ltr'><strong><em>prestitum.</em></strong></span> <span class='ocrx_word' id='word_1_33' title='bbox 454 729 640 810; x_wconf 85' lang='lat' dir='ltr'><strong><em>Pompatioa</em></strong></span> <span class='ocrx_word' id='word_1_34' title='bbox 650 728 720 793; x_wconf 91' lang='lat' dir='ltr'><strong><em>haec</em></strong></span> <span class='ocrx_word' id='word_1_35' title='bbox 730 734 845 807; x_wconf 85' lang='lat' dir='ltr'><strong><em>vestra,</em></strong></span> <span class='ocrx_word' id='word_1_36' title='bbox 857 727 991 791; x_wconf 86' lang='lat' dir='ltr'><strong><em>volatica</em></strong></span> <span class='ocrx_word' id='word_1_37' title='bbox 1002 732 1082 789; x_wconf 85' lang='lat' dir='ltr'><strong><em>tunc</em></strong></span> <span class='ocrx_word' id='word_1_38' title='bbox 1094 729 1200 787; x_wconf 90' lang='lat' dir='ltr'><strong><em>erunt.</em></strong></span> 
     </span>
     <span class='ocr_line' id='line_1_6' title="bbox 101 825 1201 916; baseline -0.009 -18"><span class='ocrx_word' id='word_1_39' title='bbox 101 834 289 898; x_wconf 86' lang='lat' dir='ltr'><strong><em>Noluernut</em></strong></span> <span class='ocrx_word' id='word_1_40' title='bbox 315 833 402 897; x_wconf 88' lang='lat' dir='ltr'><strong><em>euim</em></strong></span> <span class='ocrx_word' id='word_1_41' title='bbox 426 853 572 916; x_wconf 90' lang='lat' dir='ltr'><strong><em>unquam</em></strong></span> <span class='ocrx_word' id='word_1_42' title='bbox 596 831 666 911; x_wconf 92' lang='lat' dir='ltr'><strong><em>ulli,</em></strong></span> <span class='ocrx_word' id='word_1_43' title='bbox 690 831 866 897; x_wconf 84' lang='lat' dir='ltr'><strong><em>noluenmt</em></strong></span> <span class='ocrx_word' id='word_1_44' title='bbox 887 830 964 895; x_wconf 89' lang='lat' dir='ltr'><strong><em>huic</em></strong></span> <span class='ocrx_word' id='word_1_45' title='bbox 983 830 1062 915; x_wconf 88' lang='lat' dir='ltr'><strong><em>jam,</em></strong></span> <span class='ocrx_word' id='word_1_46' title='bbox 1083 827 1131 892; x_wconf 83' lang='lat' dir='ltr'><strong><em>ita</em></strong></span> <span class='ocrx_word' id='word_1_47' title='bbox 1152 825 1201 891; x_wconf 87' lang='lat' dir='ltr'><strong><em>vel</em></strong></span> 
     </span>
     <span class='ocr_line' id='line_1_7' title="bbox 94 929 1202 1020; baseline -0.006 -20"><span class='ocrx_word' id='word_1_48' title='bbox 94 939 209 1020; x_wconf 80' lang='lat' dir='ltr'><strong><em>jurare</em></strong></span> <span class='ocrx_word' id='word_1_49' title='bbox 223 937 273 1001; x_wconf 88' lang='lat' dir='ltr'><strong><em>vel</em></strong></span> <span class='ocrx_word' id='word_1_50' title='bbox 286 942 441 1019; x_wconf 80' lang='lat' dir='ltr'><strong><em>prestare</em></strong></span> <span class='ocrx_word' id='word_1_51' title='bbox 456 935 608 1000; x_wconf 82' lang='lat' dir='ltr'><strong><em>Pontifici</em></strong></span> <span class='ocrx_word' id='word_1_52' title='bbox 622 935 835 1015; x_wconf 87' lang='lat' dir='ltr'><strong><em>obedientiam,</em></strong></span> <span class='ocrx_word' id='word_1_53' title='bbox 850 941 889 998; x_wconf 85' lang='lat' dir='ltr'><strong><em>ut</em></strong></span> <span class='ocrx_word' id='word_1_54' title='bbox 902 934 1039 1017; x_wconf 79' lang='lat' dir='ltr'><strong><em>Repibus</em></strong></span> <span class='ocrx_word' id='word_1_55' title='bbox 1061 933 1136 1011; x_wconf 86' lang='lat' dir='ltr'><strong><em>suis,</em></strong></span> <span class='ocrx_word' id='word_1_56' title='bbox 1152 929 1202 995; x_wconf 86' lang='lat' dir='ltr'><strong><em>vel</em></strong></span> 
     </span>
     <span class='ocr_line' id='line_1_8' title="bbox 94 1039 757 1124; baseline -0.003 -20"><span class='ocrx_word' id='word_1_57' title='bbox 94 1041 179 1124; x_wconf 80' lang='lat' dir='ltr'><strong><em>fides</em></strong></span> <span class='ocrx_word' id='word_1_58' title='bbox 192 1040 279 1118; x_wconf 86' lang='lat' dir='ltr'><strong><em>inde,</em></strong></span> <span class='ocrx_word' id='word_1_59' title='bbox 294 1040 345 1104; x_wconf 86' lang='lat' dir='ltr'><strong><em>vel</em></strong></span> <span class='ocrx_word' id='word_1_60' title='bbox 360 1040 533 1104; x_wconf 79' lang='lat' dir='ltr'><strong><em>obedientia</em></strong></span> <span class='ocrx_word' id='word_1_61' title='bbox 547 1039 757 1123; x_wconf 78' lang='lat' dir='ltr'><strong><em>periclitetur.</em></strong></span> 
     </span>
    </p>

    <p class='ocr_par' dir='ltr' id='par_1_3' title="bbox 105 1138 1211 2253">
     <span class='ocr_line' id='line_1_9' title="bbox 146 1138 1203 1226; baseline -0.007 -18"><span class='ocrx_word' id='word_1_62' title='bbox 146 1144 201 1208; x_wconf 87' lang='lat' dir='ltr'><strong><em>Ne</em></strong></span> <span class='ocrx_word' id='word_1_63' title='bbox 222 1150 261 1207; x_wconf 93' lang='lat' dir='ltr'><strong><em>tu</em></strong></span> <span class='ocrx_word' id='word_1_64' title='bbox 279 1142 380 1226; x_wconf 79' lang='lat' dir='ltr'><strong><em>igitur</em></strong></span> <span class='ocrx_word' id='word_1_65' title='bbox 400 1141 454 1207; x_wconf 92' lang='lat' dir='ltr'><strong><em>hic</em></strong></span> <span class='ocrx_word' id='word_1_66' title='bbox 479 1142 617 1206; x_wconf 90' lang='lat' dir='ltr'><strong><em>nimium</em></strong></span> <span class='ocrx_word' id='word_1_67' title='bbox 637 1149 672 1206; x_wconf 89' lang='lat' dir='ltr'><strong><em>te</em></strong></span> <span class='ocrx_word' id='word_1_68' title='bbox 695 1141 846 1220; x_wconf 88' lang='lat' dir='ltr'><strong><em>oblectes,</em></strong></span> <span class='ocrx_word' id='word_1_69' title='bbox 860 1160 966 1224; x_wconf 90' lang='lat' dir='ltr'><strong><em>neque</em></strong></span> <span class='ocrx_word' id='word_1_70' title='bbox 987 1138 1081 1204; x_wconf 90' lang='lat' dir='ltr'><strong><em>nobis</em></strong></span> <span class='ocrx_word' id='word_1_71' title='bbox 1101 1138 1203 1202; x_wconf 89' lang='lat' dir='ltr'><strong><em>obedi-</em></strong></span> 
     </span>
     <span class='ocr_line' id='line_1_10' title="bbox 105 1244 1204 1328; baseline -0.004 -18"><span class='ocrx_word' id='word_1_72' title='bbox 105 1248 195 1311; x_wconf 79' lang='lat' dir='ltr'><strong><em>entia</em></strong></span> <span class='ocrx_word' id='word_1_73' title='bbox 217 1245 443 1328; x_wconf 80' lang='lat' dir='ltr'><strong><em>professionem</em></strong></span> <span class='ocrx_word' id='word_1_74' title='bbox 467 1245 633 1325; x_wconf 79' lang='lat' dir='ltr'>obtendas,</span> <span class='ocrx_word' id='word_1_75' title='bbox 657 1245 720 1309; x_wconf 85' lang='lat' dir='ltr'><strong><em>nisi</em></strong></span> <span class='ocrx_word' id='word_1_76' title='bbox 746 1250 780 1309; x_wconf 90' lang='lat' dir='ltr'><strong><em>et</em></strong></span> <span class='ocrx_word' id='word_1_77' title='bbox 808 1244 901 1323; x_wconf 91' lang='lat' dir='ltr'><strong><em>illud,</em></strong></span> <span class='ocrx_word' id='word_1_78' title='bbox 926 1251 1085 1328; x_wconf 83' lang='lat' dir='ltr'><strong><em>quatenus</em></strong></span> <span class='ocrx_word' id='word_1_79' title='bbox 1108 1264 1147 1307; x_wconf 91' lang='lat' dir='ltr'><strong><em>ca</em></strong></span> <span class='ocrx_word' id='word_1_80' title='bbox 1171 1264 1204 1306; x_wconf 90' lang='lat' dir='ltr'><strong><em>se</em></strong></span> 
     </span>
     <span class='ocr_line' id='line_1_11' title="bbox 105 1332 1206 1433; baseline -0.005 -20"><span class='ocrx_word' id='word_1_81' title='bbox 105 1349 258 1433; x_wconf 84' lang='lat' dir='ltr'><strong><em>porrigat,</em></strong></span> <span class='ocrx_word' id='word_1_82' title='bbox 273 1370 340 1412; x_wconf 91' lang='lat' dir='ltr'><strong><em>uua</em></strong></span> <span class='ocrx_word' id='word_1_83' title='bbox 355 1347 482 1413; x_wconf 83' lang='lat' dir='ltr'><strong><em>dixeris.</em></strong></span> <span class='ocrx_word' id='word_1_84' title='bbox 526 1349 589 1412; x_wconf 87' lang='lat' dir='ltr'><strong><em>Est</em></strong></span> <span class='ocrx_word' id='word_1_85' title='bbox 602 1347 690 1412; x_wconf 88' lang='lat' dir='ltr'><strong><em>enim</em></strong></span> <span class='ocrx_word' id='word_1_86' title='bbox 705 1348 809 1430; x_wconf 81' lang='lat' dir='ltr'><strong><em>aliquo</em></strong></span> <span class='ocrx_word' id='word_1_87' title='bbox 818 1347 949 1430; x_wconf 86' lang='lat' dir='ltr'><strong><em>prodire</em></strong></span> <span class='ocrx_word' id='word_1_88' title='bbox 963 1353 1061 1425; x_wconf 82' lang='lat' dir='ltr'><strong><em>tenus,</em></strong></span> <span class='ocrx_word' id='word_1_89' title='bbox 1075 1332 1133 1409; x_wconf 78' lang='lat' dir='ltr'><strong><em>sed</em></strong></span> <span class='ocrx_word' id='word_1_90' title='bbox 1144 1366 1206 1408; x_wconf 86' lang='lat' dir='ltr'><strong><em>non</em></strong></span> 
     </span>
     <span class='ocr_line' id='line_1_12' title="bbox 106 1449 1207 1535; baseline -0.005 -19"><span class='ocrx_word' id='word_1_91' title='bbox 106 1454 201 1516; x_wconf 86' lang='lat' dir='ltr'><strong><em>datur</em></strong></span> <span class='ocrx_word' id='word_1_92' title='bbox 214 1454 300 1516; x_wconf 85' lang='lat' dir='ltr'><strong><em>altra</em></strong></span> <span class='ocrx_word' id='word_1_93' title='bbox 309 1451 326 1516; x_wconf 93' lang='lat'><strong><em>¹.</em></strong></span> <span class='ocrx_word' id='word_1_94' title='bbox 372 1452 407 1516; x_wconf 87' lang='lat' dir='ltr'><strong><em>Si</em></strong></span> <span class='ocrx_word' id='word_1_95' title='bbox 423 1451 550 1535; x_wconf 90' lang='lat' dir='ltr'><strong><em>quaudo</em></strong></span> <span class='ocrx_word' id='word_1_96' title='bbox 565 1452 652 1516; x_wconf 90' lang='lat' dir='ltr'><strong><em>cuim</em></strong></span> <span class='ocrx_word' id='word_1_97' title='bbox 667 1450 815 1534; x_wconf 82' lang='lat' dir='ltr'><strong><em>Pontifici</em></strong></span> <span class='ocrx_word' id='word_1_98' title='bbox 834 1451 932 1515; x_wconf 89' lang='lat' dir='ltr'><strong><em>bilem</em></strong></span> <span class='ocrx_word' id='word_1_99' title='bbox 947 1450 1115 1528; x_wconf 85' lang='lat' dir='ltr'><strong><em>moverint,</em></strong></span> <span class='ocrx_word' id='word_1_100' title='bbox 1131 1455 1164 1513; x_wconf 91' lang='lat' dir='ltr'><strong><em>et</em></strong></span> <span class='ocrx_word' id='word_1_101' title='bbox 1179 1449 1207 1512; x_wconf 90' lang='lat' dir='ltr'><strong><em>is</em></strong></span> 
     </span>
     <span class='ocr_line' id='line_1_13' title="bbox 109 1553 1205 1640; baseline -0.005 -19"><span class='ocrx_word' id='word_1_102' title='bbox 109 1558 215 1640; x_wconf 86' lang='lat' dir='ltr'><strong><em>Reges</em></strong></span> <span class='ocrx_word' id='word_1_103' title='bbox 230 1555 312 1620; x_wconf 89' lang='lat' dir='ltr'><strong><em>solio</em></strong></span> <span class='ocrx_word' id='word_1_104' title='bbox 327 1555 472 1640; x_wconf 85' lang='lat' dir='ltr'><strong><em>dejicere,</em></strong></span> <span class='ocrx_word' id='word_1_105' title='bbox 488 1554 634 1620; x_wconf 87' lang='lat' dir='ltr'><strong><em>subditos</em></strong></span> <span class='ocrx_word' id='word_1_106' title='bbox 653 1576 766 1620; x_wconf 89' lang='lat' dir='ltr'><strong><em>eorum</em></strong></span> <span class='ocrx_word' id='word_1_107' title='bbox 783 1555 824 1620; x_wconf 90' lang='lat' dir='ltr'><strong><em>ab</em></strong></span> <span class='ocrx_word' id='word_1_108' title='bbox 840 1555 886 1620; x_wconf 90' lang='lat' dir='ltr'><strong><em>eis</em></strong></span> <span class='ocrx_word' id='word_1_109' title='bbox 901 1554 1037 1619; x_wconf 90' lang='lat' dir='ltr'><strong><em>deficere</em></strong></span> <span class='ocrx_word' id='word_1_110' title='bbox 1051 1553 1205 1618; x_wconf 86' lang='lat' dir='ltr'><strong><em>voluerit:</em></strong></span> 
     </span>
     <span class='ocr_line' id='line_1_14' title="bbox 106 1658 1207 1744; baseline -0.003 -20"><span class='ocrx_word' id='word_1_111' title='bbox 106 1681 175 1724; x_wconf 92' lang='lat' dir='ltr'><strong><em>non</em></strong></span> <span class='ocrx_word' id='word_1_112' title='bbox 197 1667 273 1724; x_wconf 86' lang='lat' dir='ltr'><strong><em>sunt</em></strong></span> <span class='ocrx_word' id='word_1_113' title='bbox 296 1658 429 1744; x_wconf 80' lang='lat' dir='ltr'><strong><em>professi</em></strong></span> <span class='ocrx_word' id='word_1_114' title='bbox 453 1680 496 1738; x_wconf 85' lang='lat' dir='ltr'><strong><em>se,</em></strong></span> <span class='ocrx_word' id='word_1_115' title='bbox 513 1679 552 1723; x_wconf 92' lang='lat' dir='ltr'><strong><em>eo</em></strong></span> <span class='ocrx_word' id='word_1_116' title='bbox 576 1679 663 1737; x_wconf 86' lang='lat' dir='ltr'><strong><em>casu,</em></strong></span> <span class='ocrx_word' id='word_1_117' title='bbox 679 1658 851 1722; x_wconf 79' lang='lat' dir='ltr'><strong><em>obedientes</em></strong></span> <span class='ocrx_word' id='word_1_118' title='bbox 873 1658 952 1723; x_wconf 87' lang='lat' dir='ltr'><strong><em>fore.</em></strong></span> <span class='ocrx_word' id='word_1_119' title='bbox 995 1659 1043 1722; x_wconf 86' lang='lat' dir='ltr'><strong><em>At</em></strong></span> <span class='ocrx_word' id='word_1_120' title='bbox 1064 1658 1092 1721; x_wconf 89' lang='lat' dir='ltr'><strong><em>is</em></strong></span> <span class='ocrx_word' id='word_1_121' title='bbox 1114 1678 1207 1721; x_wconf 83' lang='lat' dir='ltr'><strong><em>casus</em></strong></span> 
     </span>
     <span class='ocr_line' id='line_1_15' title="bbox 108 1760 1208 1845; baseline -0.003 -18"><span class='ocrx_word' id='word_1_122' title='bbox 108 1770 219 1827; x_wconf 88' lang='lat' dir='ltr'><strong><em>noster</em></strong></span> <span class='ocrx_word' id='word_1_123' title='bbox 238 1769 308 1827; x_wconf 87' lang='lat' dir='ltr'><strong><em>est:</em></strong></span> <span class='ocrx_word' id='word_1_124' title='bbox 331 1783 427 1845; x_wconf 91' lang='lat' dir='ltr'><strong><em>quem</em></strong></span> <span class='ocrx_word' id='word_1_125' title='bbox 450 1783 512 1826; x_wconf 89' lang='lat' dir='ltr'><strong><em>nec</em></strong></span> <span class='ocrx_word' id='word_1_126' title='bbox 527 1760 666 1845; x_wconf 78' lang='lat' dir='ltr'><strong><em>professi</em></strong></span> <span class='ocrx_word' id='word_1_127' title='bbox 689 1769 775 1840; x_wconf 89' lang='lat' dir='ltr'><strong><em>sunt,</em></strong></span> <span class='ocrx_word' id='word_1_128' title='bbox 790 1782 860 1841; x_wconf 90' lang='lat' dir='ltr'><strong><em>uec,</em></strong></span> <span class='ocrx_word' id='word_1_129' title='bbox 876 1762 904 1826; x_wconf 89' lang='lat' dir='ltr'><strong><em>si</em></strong></span> <span class='ocrx_word' id='word_1_130' title='bbox 915 1760 1063 1845; x_wconf 74' lang='lat' dir='ltr'><strong><em>professi,</em></strong></span> <span class='ocrx_word' id='word_1_131' title='bbox 1074 1768 1208 1843; x_wconf 82' lang='lat' dir='ltr'><strong><em>prasta-</em></strong></span> 
     </span>
     <span class='ocr_line' id='line_1_16' title="bbox 108 1864 1209 1951; baseline -0.002 -21"><span class='ocrx_word' id='word_1_132' title='bbox 108 1873 189 1944; x_wconf 89' lang='lat' dir='ltr'><strong><em>rent,</em></strong></span> <span class='ocrx_word' id='word_1_133' title='bbox 216 1864 301 1930; x_wconf 85' lang='lat' dir='ltr'><strong><em>scio:</em></strong></span> <span class='ocrx_word' id='word_1_134' title='bbox 335 1866 414 1950; x_wconf 91' lang='lat' dir='ltr'><strong><em>quin</em></strong></span> <span class='ocrx_word' id='word_1_135' title='bbox 439 1872 595 1949; x_wconf 87' lang='lat' dir='ltr'><strong><em>tanquam</em></strong></span> <span class='ocrx_word' id='word_1_136' title='bbox 620 1865 751 1951; x_wconf 83' lang='lat' dir='ltr'><strong><em>injustae</em></strong></span> <span class='ocrx_word' id='word_1_137' title='bbox 774 1865 964 1947; x_wconf 74' lang='lat' dir='ltr'><strong><em>professioni</em></strong></span> <span class='ocrx_word' id='word_1_138' title='bbox 988 1865 1107 1928; x_wconf 90' lang='lat' dir='ltr'><strong><em>iterum</em></strong></span> <span class='ocrx_word' id='word_1_139' title='bbox 1136 1871 1209 1948; x_wconf 87' lang='lat' dir='ltr'><strong><em>post</em></strong></span> 
     </span>
     <span class='ocr_line' id='line_1_17' title="bbox 109 1968 1208 2053; baseline -0.002 -20"><span class='ocrx_word' id='word_1_140' title='bbox 109 1970 348 2034; x_wconf 86' lang='lat' dir='ltr'><strong><em>renunciarent.</em></strong></span> <span class='ocrx_word' id='word_1_141' title='bbox 392 1968 548 2052; x_wconf 88' lang='lat' dir='ltr'><strong><em>Exemplo</em></strong></span> <span class='ocrx_word' id='word_1_142' title='bbox 570 1969 640 2048; x_wconf 91' lang='lat' dir='ltr'><strong><em>hoc,</em></strong></span> <span class='ocrx_word' id='word_1_143' title='bbox 663 1969 838 2052; x_wconf 82' lang='lat' dir='ltr'><strong><em>praeieruut</em></strong></span> <span class='ocrx_word' id='word_1_144' title='bbox 868 1989 951 2053; x_wconf 90' lang='lat' dir='ltr'><strong><em>saepe</em></strong></span> <span class='ocrx_word' id='word_1_145' title='bbox 979 1968 1107 2053; x_wconf 86' lang='lat' dir='ltr'><strong><em>populis</em></strong></span> <span class='ocrx_word' id='word_1_146' title='bbox 1131 1969 1208 2047; x_wconf 91' lang='lat' dir='ltr'><strong><em>suis,</em></strong></span> 
     </span>
     <span class='ocr_line' id='line_1_18' title="bbox 110 2071 1211 2157; baseline -0.002 -20"><span class='ocrx_word' id='word_1_147' title='bbox 110 2073 284 2157; x_wconf 88' lang='lat' dir='ltr'><strong><em>populique</em></strong></span> <span class='ocrx_word' id='word_1_148' title='bbox 307 2072 366 2152; x_wconf 91' lang='lat' dir='ltr'><strong><em>sui,</em></strong></span> <span class='ocrx_word' id='word_1_149' title='bbox 381 2078 562 2157; x_wconf 77' lang='lat' dir='ltr'><strong><em>praeeuntes</em></strong></span> <span class='ocrx_word' id='word_1_150' title='bbox 585 2094 649 2152; x_wconf 88' lang='lat' dir='ltr'><strong><em>eos,</em></strong></span> <span class='ocrx_word' id='word_1_151' title='bbox 670 2073 773 2138; x_wconf 87' lang='lat' dir='ltr'><strong><em>secuti</em></strong></span> <span class='ocrx_word' id='word_1_152' title='bbox 796 2093 880 2157; x_wconf 76' lang='lat' dir='ltr'><strong><em>saepe</em></strong></span> <span class='ocrx_word' id='word_1_153' title='bbox 906 2080 993 2153; x_wconf 86' lang='lat' dir='ltr'><strong><em>sunt,</em></strong></span> <span class='ocrx_word' id='word_1_154' title='bbox 1016 2071 1114 2137; x_wconf 87' lang='lat' dir='ltr'><strong><em>etiam</em></strong></span> <span class='ocrx_word' id='word_1_155' title='bbox 1136 2093 1211 2136; x_wconf 91' lang='lat' dir='ltr'><strong><em>cum</em></strong></span> 
     </span>
     <span class='ocr_line' id='line_1_19' title="bbox 111 2175 663 2253; baseline 0 -13"><span class='ocrx_word' id='word_1_156' title='bbox 111 2176 199 2240; x_wconf 90' lang='lat' dir='ltr'><strong><em>idem</em></strong></span> <span class='ocrx_word' id='word_1_157' title='bbox 213 2175 373 2253; x_wconf 87' lang='lat' dir='ltr'><strong><em>inciderit,</em></strong></span> <span class='ocrx_word' id='word_1_158' title='bbox 390 2175 497 2240; x_wconf 89' lang='lat' dir='ltr'><strong><em>denuo</em></strong></span> <span class='ocrx_word' id='word_1_159' title='bbox 512 2175 663 2240; x_wconf 84' lang='lat' dir='ltr'><strong><em>secuturi.</em></strong></span> 
     </span>
    </p>
   </div>
   <div class='ocr_carea' id='block_1_3' title="bbox 145 2293 1214 2359">
    <p class='ocr_par' dir='ltr' id='par_1_4' title="bbox 145 2293 1214 2359">
     <span class='ocr_line' id='line_1_20' title="bbox 145 2293 1214 2359; baseline 0 -15"><span class='ocrx_word' id='word_1_160' title='bbox 145 2293 213 2352; x_wconf 86' lang='lat' dir='ltr'><strong><em>Quid</em></strong></span> <span class='ocrx_word' id='word_1_161' title='bbox 229 2294 307 2345; x_wconf 80' lang='lat' dir='ltr'><strong><em>habet</em></strong></span> <span class='ocrx_word' id='word_1_162' title='bbox 325 2308 459 2345; x_wconf 86' lang='lat' dir='ltr'><strong><em>commune</em></strong></span> <span class='ocrx_word' id='word_1_163' title='bbox 475 2308 550 2344; x_wconf 77' lang='lat' dir='ltr'><strong><em>caum</em></strong></span> <span class='ocrx_word' id='word_1_164' title='bbox 568 2293 644 2358; x_wconf 75' lang='lat' dir='ltr'><strong><em>Regis</em></strong></span> <span class='ocrx_word' id='word_1_165' title='bbox 661 2293 804 2359; x_wconf 76' lang='lat' dir='ltr'><strong><em>Anglorum</em></strong></span> <span class='ocrx_word' id='word_1_166' title='bbox 825 2308 884 2345; x_wconf 90' lang='lat' dir='ltr'><strong><em>cum</em></strong></span> <span class='ocrx_word' id='word_1_167' title='bbox 903 2295 1008 2356; x_wconf 70' lang='lat' dir='ltr'><strong><em>aetatu,</em></strong></span> <span class='ocrx_word' id='word_1_168' title='bbox 1027 2309 1085 2344; x_wconf 89' lang='lat' dir='ltr'><strong><em>cum</em></strong></span> <span class='ocrx_word' id='word_1_169' title='bbox 1100 2294 1154 2358; x_wconf 86' lang='lat' dir='ltr'><strong><em>lpse</em></strong></span> <span class='ocrx_word' id='word_1_170' title='bbox 1165 2294 1214 2344; x_wconf 90' lang='lat' dir='ltr'><strong><em>hoc</em></strong></span> 
     </span>
    </p>
   </div>
   <div class='ocr_carea' id='block_1_4' title="bbox 178 2374 1214 2518">
    <p class='ocr_par' dir='ltr' id='par_1_5' title="bbox 178 2374 1214 2518">
     <span class='ocr_line' id='line_1_21' title="bbox 178 2374 1214 2440; baseline 0 -14"><span class='ocrx_word' id='word_1_171' title='bbox 178 2375 306 2440; x_wconf 79' lang='lat' dir='ltr'><strong><em>inprimis</em></strong></span> <span class='ocrx_word' id='word_1_172' title='bbox 324 2374 470 2432; x_wconf 84' lang='lat' dir='ltr'><strong><em>contendat,</em></strong></span> <span class='ocrx_word' id='word_1_173' title='bbox 488 2380 518 2426; x_wconf 83' lang='lat' dir='ltr'><strong><em>ut</em></strong></span> <span class='ocrx_word' id='word_1_174' title='bbox 537 2376 644 2440; x_wconf 87' lang='lat' dir='ltr'><strong><em>populos</em></strong></span> <span class='ocrx_word' id='word_1_175' title='bbox 660 2391 718 2427; x_wconf 81' lang='lat' dir='ltr'><strong><em>suos</em></strong></span> <span class='ocrx_word' id='word_1_176' title='bbox 736 2376 770 2427; x_wconf 89' lang='lat' dir='ltr'><strong><em>ab</em></strong></span> <span class='ocrx_word' id='word_1_177' title='bbox 791 2376 937 2427; x_wconf 84' lang='lat' dir='ltr'><strong><em>obedientia</em></strong></span> <span class='ocrx_word' id='word_1_178' title='bbox 957 2375 1059 2427; x_wconf 81' lang='lat' dir='ltr'><strong><em>Summi</em></strong></span> <span class='ocrx_word' id='word_1_179' title='bbox 1082 2375 1214 2426; x_wconf 75' lang='lat' dir='ltr'><strong><em>Pontificio</em></strong></span> 
     </span>
     <span class='ocr_line' id='line_1_22' title="bbox 178 2461 322 2518; baseline 0 -11"><span class='ocrx_word' id='word_1_180' title='bbox 178 2461 322 2518; x_wconf 64' lang='lat' dir='ltr'><strong><em>avertat:</em></strong></span> 
     </span>
    </p>
   </div>
   <div class='ocr_carea' id='block_1_5' title="bbox 114 2547 1387 4192">
    <p class='ocr_par' dir='ltr' id='par_1_6' title="bbox 114 2547 1378 3869">
     <span class='ocr_line' id='line_1_23' title="bbox 157 2547 1378 2635; baseline 0.007 -24"><span class='ocrx_word' id='word_1_181' title='bbox 157 2548 260 2613; x_wconf 83' lang='lat' dir='ltr'><strong><em>Habet</em></strong></span> <span class='ocrx_word' id='word_1_182' title='bbox 281 2569 357 2632; x_wconf 86' lang='lat' dir='ltr'><strong><em>ergo</em></strong></span> <span class='ocrx_word' id='word_1_183' title='bbox 377 2568 532 2611; x_wconf 82' lang='lat' dir='ltr'><strong><em>commane</em></strong></span> <span class='ocrx_word' id='word_1_184' title='bbox 555 2547 668 2612; x_wconf 88' lang='lat' dir='ltr'><strong><em>saltem</em></strong></span> <span class='ocrx_word' id='word_1_185' title='bbox 683 2549 750 2628; x_wconf 83' lang='lat' dir='ltr'><strong><em>boo,</em></strong></span> <span class='ocrx_word' id='word_1_186' title='bbox 766 2569 861 2613; x_wconf 84' lang='lat' dir='ltr'><strong><em>cansa</em></strong></span> <span class='ocrx_word' id='word_1_187' title='bbox 875 2549 971 2632; x_wconf 80' lang='lat' dir='ltr'><strong><em>Repis</em></strong></span> <span class='ocrx_word' id='word_1_188' title='bbox 994 2569 1063 2613; x_wconf 79' lang='lat' dir='ltr'><strong><em>cane</em></strong></span> <span class='ocrx_word' id='word_1_189' title='bbox 1085 2549 1213 2628; x_wconf 66' lang='lat' dir='ltr'><strong><em>aetna,</em></strong></span> <span class='ocrx_word' id='word_1_190' title='bbox 1228 2568 1302 2635; x_wconf 75' lang='lat' dir='ltr'><strong><em>[Hac</em></strong></span> <span class='ocrx_word' id='word_1_191' title='bbox 1316 2581 1378 2632; x_wconf 70' lang='lat' dir='ltr'><strong><em>ergo</em></strong></span> 
     </span>
     <span class='ocr_line' id='line_1_24' title="bbox 115 2647 1351 2763; baseline 0.001 -48"><span class='ocrx_word' id='word_1_192' title='bbox 115 2650 203 2735; x_wconf 87' lang='lat' dir='ltr'><strong><em>quod</em></strong></span> <span class='ocrx_word' id='word_1_193' title='bbox 222 2658 260 2715; x_wconf 85' lang='lat' dir='ltr'><strong><em>ut</em></strong></span> <span class='ocrx_word' id='word_1_194' title='bbox 279 2650 333 2715; x_wconf 91' lang='lat' dir='ltr'><strong><em>ille</em></strong></span> <span class='ocrx_word' id='word_1_195' title='bbox 348 2672 426 2729; x_wconf 91' lang='lat' dir='ltr'><strong><em>non,</em></strong></span> <span class='ocrx_word' id='word_1_196' title='bbox 448 2651 496 2714; x_wconf 87' lang='lat' dir='ltr'><strong><em>ita</em></strong></span> <span class='ocrx_word' id='word_1_197' title='bbox 509 2650 631 2714; x_wconf 89' lang='lat' dir='ltr'><strong><em>necilli</em></strong></span> <span class='ocrx_word' id='word_1_198' title='bbox 648 2672 667 2715; x_wconf 92' lang='lat' dir='ltr'><strong><em>a</em></strong></span> <span class='ocrx_word' id='word_1_199' title='bbox 685 2651 850 2730; x_wconf 90' lang='lat' dir='ltr'><strong><em>Pontifice,</em></strong></span> <span class='ocrx_word' id='word_1_200' title='bbox 866 2652 917 2715; x_wconf 84' lang='lat' dir='ltr'><strong><em>vel</em></strong></span> <span class='ocrx_word' id='word_1_201' title='bbox 933 2652 1054 2735; x_wconf 79' lang='lat' dir='ltr'><strong><em>Regula</em></strong></span> <span class='ocrx_word' id='word_1_202' title='bbox 1070 2653 1147 2729; x_wconf 92' lang='lat' dir='ltr'><strong><em>suis,</em></strong></span> <span class='ocrx_word' id='word_1_203' title='bbox 1163 2651 1214 2716; x_wconf 87' lang='lat' dir='ltr'><strong><em>vel</em></strong></span> <span class='ocrx_word' id='word_1_204' title='bbox 1226 2647 1351 2763; x_wconf 47' lang='lat' dir='ltr'><strong><em>affl}</em></strong></span> 
     </span>
     <span class='ocr_line' id='line_1_25' title="bbox 116 2753 1319 2838; baseline -0.003 -20"><span class='ocrx_word' id='word_1_205' title='bbox 116 2754 319 2818; x_wconf 88' lang='lat' dir='ltr'><strong><em>snbditornm</em></strong></span> <span class='ocrx_word' id='word_1_206' title='bbox 341 2753 404 2817; x_wconf 88' lang='lat' dir='ltr'><strong><em>fide</em></strong></span> <span class='ocrx_word' id='word_1_207' title='bbox 423 2753 540 2837; x_wconf 86' lang='lat' dir='ltr'><strong><em>privari</em></strong></span> <span class='ocrx_word' id='word_1_208' title='bbox 565 2753 714 2833; x_wconf 83' lang='lat' dir='ltr'><strong><em>debeant,</em></strong></span> <span class='ocrx_word' id='word_1_209' title='bbox 734 2775 777 2818; x_wconf 91' lang='lat' dir='ltr'><strong><em>ne</em></strong></span> <span class='ocrx_word' id='word_1_210' title='bbox 799 2754 899 2818; x_wconf 89' lang='lat' dir='ltr'><strong><em>velint</em></strong></span> <span class='ocrx_word' id='word_1_211' title='bbox 919 2756 1067 2838; x_wconf 82' lang='lat' dir='ltr'><strong><em>quidem3</em></strong></span> <span class='ocrx_word' id='word_1_212' title='bbox 1091 2777 1128 2820; x_wconf 91' lang='lat' dir='ltr'><strong><em>ac</em></strong></span> <span class='ocrx_word' id='word_1_213' title='bbox 1142 2755 1214 2834; x_wconf 92' lang='lat' dir='ltr'><strong><em>hoc,</em></strong></span> <span class='ocrx_word' id='word_1_214' title='bbox 1227 2762 1319 2828; x_wconf 78' lang='lat' dir='ltr'><strong><em>utum]</em></strong></span> 
     </span>
     <span class='ocr_line' id='line_1_26' title="bbox 117 2855 1215 2945; baseline 0.003 -23"><span class='ocrx_word' id='word_1_215' title='bbox 117 2857 322 2943; x_wconf 86' lang='lat' dir='ltr'><strong><em>quantumvis</em></strong></span> <span class='ocrx_word' id='word_1_216' title='bbox 333 2855 463 2940; x_wconf 76' lang='lat' dir='ltr'><strong><em>fnestra</em></strong></span> <span class='ocrx_word' id='word_1_217' title='bbox 478 2857 596 2921; x_wconf 85' lang='lat' dir='ltr'><strong><em>laboret</em></strong></span> <span class='ocrx_word' id='word_1_218' title='bbox 611 2857 799 2936; x_wconf 76' lang='lat' dir='ltr'><strong><em>cardinalis,</em></strong></span> <span class='ocrx_word' id='word_1_219' title='bbox 815 2878 970 2923; x_wconf 84' lang='lat' dir='ltr'><strong><em>commune</em></strong></span> <span class='ocrx_word' id='word_1_220' title='bbox 985 2880 1110 2945; x_wconf 88' lang='lat' dir='ltr'><strong><em>semper</em></strong></span> <span class='ocrx_word' id='word_1_221' title='bbox 1124 2860 1215 2925; x_wconf 93' lang='lat' dir='ltr'><strong><em>habi·</em></strong></span> 
     </span>
     <span class='ocr_line' id='line_1_27' title="bbox 118 2960 1216 3047; baseline 0.003 -22"><span class='ocrx_word' id='word_1_222' title='bbox 118 2971 193 3025; x_wconf 89' lang='lat' dir='ltr'><strong><em>tura</em></strong></span> <span class='ocrx_word' id='word_1_223' title='bbox 216 2967 274 3025; x_wconf 87' lang='lat' dir='ltr'><strong><em>est.</em></strong></span> <span class='ocrx_word' id='word_1_224' title='bbox 321 2960 480 3024; x_wconf 76' lang='lat' dir='ltr'><strong><em>Semelei</em></strong></span> <span class='ocrx_word' id='word_1_225' title='bbox 506 2960 602 3024; x_wconf 90' lang='lat' dir='ltr'><strong><em>simul</em></strong></span> <span class='ocrx_word' id='word_1_226' title='bbox 628 2961 793 3025; x_wconf 83' lang='lat' dir='ltr'><strong><em>excutiant</em></strong></span> <span class='ocrx_word' id='word_1_227' title='bbox 812 2961 930 3046; x_wconf 85' lang='lat' dir='ltr'><strong><em>jugum</em></strong></span> <span class='ocrx_word' id='word_1_228' title='bbox 953 2964 1022 3047; x_wconf 89' lang='lat' dir='ltr'><strong><em>ejus</em></strong></span> <span class='ocrx_word' id='word_1_229' title='bbox 1046 2964 1074 3027; x_wconf 90' lang='lat' dir='ltr'><strong><em>si</em></strong></span> <span class='ocrx_word' id='word_1_230' title='bbox 1093 2964 1216 3042; x_wconf 84' lang='lat' dir='ltr'><strong><em>volunt,</em></strong></span> 
     </span>
     <span class='ocr_line' id='line_1_28' title="bbox 119 3062 1217 3150; baseline 0.003 -23"><span class='ocrx_word' id='word_1_231' title='bbox 119 3064 206 3148; x_wconf 92' lang='lat' dir='ltr'><strong><em>quod</em></strong></span> <span class='ocrx_word' id='word_1_232' title='bbox 220 3062 296 3127; x_wconf 84' lang='lat' dir='ltr'><strong><em>fecit</em></strong></span> <span class='ocrx_word' id='word_1_233' title='bbox 317 3063 404 3127; x_wconf 88' lang='lat' dir='ltr'><strong><em>Rex:</em></strong></span> <span class='ocrx_word' id='word_1_234' title='bbox 426 3062 576 3146; x_wconf 85' lang='lat' dir='ltr'><strong><em>alioquin,</em></strong></span> <span class='ocrx_word' id='word_1_235' title='bbox 598 3064 803 3147; x_wconf 84' lang='lat' dir='ltr'><strong><em>quantumvis</em></strong></span> <span class='ocrx_word' id='word_1_236' title='bbox 819 3066 859 3128; x_wconf 92' lang='lat' dir='ltr'><strong><em>ad</em></strong></span> <span class='ocrx_word' id='word_1_237' title='bbox 885 3071 1013 3150; x_wconf 86' lang='lat' dir='ltr'><strong><em>tempus</em></strong></span> <span class='ocrx_word' id='word_1_238' title='bbox 1028 3067 1143 3146; x_wconf 86' lang='lat' dir='ltr'><strong><em>ferant,</em></strong></span> <span class='ocrx_word' id='word_1_239' title='bbox 1159 3067 1217 3132; x_wconf 89' lang='lat' dir='ltr'><strong><em>ubi</em></strong></span> 
     </span>
     <span class='ocr_line' id='line_1_29' title="bbox 114 3166 1219 3251; baseline 0.005 -21"><span class='ocrx_word' id='word_1_240' title='bbox 114 3167 233 3251; x_wconf 86' lang='lat' dir='ltr'><strong><em>jugum</em></strong></span> <span class='ocrx_word' id='word_1_241' title='bbox 248 3187 343 3229; x_wconf 91' lang='lat' dir='ltr'><strong><em>suum</em></strong></span> <span class='ocrx_word' id='word_1_242' title='bbox 358 3186 512 3250; x_wconf 89' lang='lat' dir='ltr'><strong><em>eousque</em></strong></span> <span class='ocrx_word' id='word_1_243' title='bbox 534 3166 741 3249; x_wconf 76' lang='lat' dir='ltr'><strong><em>aggravabit3</em></strong></span> <span class='ocrx_word' id='word_1_244' title='bbox 768 3174 840 3231; x_wconf 87' lang='lat' dir='ltr'><strong><em>tum</em></strong></span> <span class='ocrx_word' id='word_1_245' title='bbox 856 3167 995 3248; x_wconf 91' lang='lat' dir='ltr'><strong><em>demum,</em></strong></span> <span class='ocrx_word' id='word_1_246' title='bbox 1017 3170 1219 3234; x_wconf 79' lang='lat' dir='ltr'><strong><em>refractarios</em></strong></span> 
     </span>
     <span class='ocr_line' id='line_1_30' title="bbox 120 3268 1219 3354; baseline 0.004 -21"><span class='ocrx_word' id='word_1_247' title='bbox 120 3269 248 3348; x_wconf 83' lang='lat' dir='ltr'><strong><em>sentiet,</em></strong></span> <span class='ocrx_word' id='word_1_248' title='bbox 264 3268 376 3332; x_wconf 79' lang='lat' dir='ltr'><strong><em>saitem</em></strong></span> <span class='ocrx_word' id='word_1_249' title='bbox 396 3274 468 3332; x_wconf 85' lang='lat' dir='ltr'><strong><em>tum</em></strong></span> <span class='ocrx_word' id='word_1_250' title='bbox 483 3269 612 3353; x_wconf 77' lang='lat' dir='ltr'><strong><em>singuli,</em></strong></span> <span class='ocrx_word' id='word_1_251' title='bbox 628 3270 708 3334; x_wconf 88' lang='lat' dir='ltr'><strong><em>alter</em></strong></span> <span class='ocrx_word' id='word_1_252' title='bbox 721 3278 794 3354; x_wconf 86' lang='lat' dir='ltr'><strong><em>post</em></strong></span> <span class='ocrx_word' id='word_1_253' title='bbox 809 3271 946 3335; x_wconf 87' lang='lat' dir='ltr'><strong><em>alterum</em></strong></span> <span class='ocrx_word' id='word_1_254' title='bbox 961 3271 1041 3336; x_wconf 91' lang='lat' dir='ltr'><strong><em>illud</em></strong></span> <span class='ocrx_word' id='word_1_255' title='bbox 1056 3274 1219 3337; x_wconf 88' lang='lat' dir='ltr'><strong><em>excussuri</em></strong></span> 
     </span>
     <span class='ocr_line' id='line_1_31' title="bbox 120 3371 1221 3450; baseline 0.005 -15"><span class='ocrx_word' id='word_1_256' title='bbox 120 3379 207 3436; x_wconf 88' lang='lat' dir='ltr'><strong><em>sunt.</em></strong></span> <span class='ocrx_word' id='word_1_257' title='bbox 252 3371 371 3436; x_wconf 91' lang='lat' dir='ltr'><strong><em>Osculo</em></strong></span> <span class='ocrx_word' id='word_1_258' title='bbox 393 3371 485 3450; x_wconf 87' lang='lat' dir='ltr'><strong><em>forte,</em></strong></span> <span class='ocrx_word' id='word_1_259' title='bbox 500 3373 551 3435; x_wconf 89' lang='lat' dir='ltr'><strong><em>vel</em></strong></span> <span class='ocrx_word' id='word_1_260' title='bbox 571 3373 667 3438; x_wconf 86' lang='lat' dir='ltr'><strong><em>titulo</em></strong></span> <span class='ocrx_word' id='word_1_261' title='bbox 688 3395 756 3437; x_wconf 89' lang='lat' dir='ltr'><strong><em>non</em></strong></span> <span class='ocrx_word' id='word_1_262' title='bbox 771 3373 1000 3439; x_wconf 86' lang='lat' dir='ltr'><strong><em>abstinebunt:</em></strong></span> <span class='ocrx_word' id='word_1_263' title='bbox 1024 3375 1089 3438; x_wconf 82' lang='lat' dir='ltr'><strong><em>vim</em></strong></span> <span class='ocrx_word' id='word_1_264' title='bbox 1108 3384 1221 3440; x_wconf 87' lang='lat' dir='ltr'><strong><em>tamen</em></strong></span> 
     </span>
     <span class='ocr_line' id='line_1_32' title="bbox 121 3474 1221 3564; baseline 0.004 -25"><span class='ocrx_word' id='word_1_265' title='bbox 121 3475 255 3559; x_wconf 90' lang='lat' dir='ltr'><strong><em>Imperii</em></strong></span> <span class='ocrx_word' id='word_1_266' title='bbox 268 3474 430 3539; x_wconf 89' lang='lat' dir='ltr'><strong><em>mordicus</em></strong></span> <span class='ocrx_word' id='word_1_267' title='bbox 452 3482 485 3539; x_wconf 88' lang='lat' dir='ltr'><strong><em>et</em></strong></span> <span class='ocrx_word' id='word_1_268' title='bbox 496 3476 571 3560; x_wconf 88' lang='lat' dir='ltr'><strong><em>jura</em></strong></span> <span class='ocrx_word' id='word_1_269' title='bbox 586 3497 644 3540; x_wconf 88' lang='lat' dir='ltr'><strong><em>sua</em></strong></span> <span class='ocrx_word' id='word_1_270' title='bbox 657 3475 853 3556; x_wconf 87' lang='lat' dir='ltr'><strong><em>retinebunt,</em></strong></span> <span class='ocrx_word' id='word_1_271' title='bbox 870 3484 967 3560; x_wconf 85' lang='lat' dir='ltr'><strong><em>atque</em></strong></span> <span class='ocrx_word' id='word_1_272' title='bbox 981 3477 1062 3541; x_wconf 90' lang='lat' dir='ltr'><strong><em>illud</em></strong></span> <span class='ocrx_word' id='word_1_273' title='bbox 1072 3479 1126 3563; x_wconf 91' lang='lat' dir='ltr'><strong><em>jus</em></strong></span> <span class='ocrx_word' id='word_1_274' title='bbox 1141 3480 1221 3564; x_wconf 93' lang='lat' dir='ltr'><strong><em>eripi</em></strong></span> 
     </span>
     <span class='ocr_line' id='line_1_33' title="bbox 120 3577 1222 3665; baseline 0.006 -24"><span class='ocrx_word' id='word_1_275' title='bbox 120 3577 184 3642; x_wconf 89' lang='lat' dir='ltr'><strong><em>sibi</em></strong></span> <span class='ocrx_word' id='word_1_276' title='bbox 201 3600 221 3641; x_wconf 88' lang='lat' dir='ltr'><strong><em>a</em></strong></span> <span class='ocrx_word' id='word_1_277' title='bbox 234 3578 392 3643; x_wconf 89' lang='lat' dir='ltr'><strong><em>Pontifice</em></strong></span> <span class='ocrx_word' id='word_1_278' title='bbox 412 3578 499 3642; x_wconf 90' lang='lat' dir='ltr'><strong><em>haud</em></strong></span> <span class='ocrx_word' id='word_1_279' title='bbox 514 3600 658 3663; x_wconf 89' lang='lat' dir='ltr'><strong><em>uuquam</em></strong></span> <span class='ocrx_word' id='word_1_280' title='bbox 679 3579 810 3663; x_wconf 89' lang='lat' dir='ltr'><strong><em>impune</em></strong></span> <span class='ocrx_word' id='word_1_281' title='bbox 824 3581 999 3665; x_wconf 87' lang='lat' dir='ltr'><strong><em>patientur.</em></strong></span> <span class='ocrx_word' id='word_1_282' title='bbox 1048 3582 1222 3648; x_wconf 80' lang='lat' dir='ltr'><strong><em>Communis</em></strong></span> 
     </span>
     <span class='ocr_line' id='line_1_34' title="bbox 121 3682 1222 3770; baseline 0.005 -24"><span class='ocrx_word' id='word_1_283' title='bbox 121 3703 158 3746; x_wconf 93' lang='lat' dir='ltr'><strong><em>ea</em></strong></span> <span class='ocrx_word' id='word_1_284' title='bbox 177 3682 296 3765; x_wconf 56' lang='lat' dir='ltr'><strong><em>&amp;paam</em></strong></span> <span class='ocrx_word' id='word_1_285' title='bbox 311 3702 406 3746; x_wconf 85' lang='lat' dir='ltr'><strong><em>caasa</em></strong></span> <span class='ocrx_word' id='word_1_286' title='bbox 421 3688 477 3759; x_wconf 91' lang='lat' dir='ltr'><strong><em>est,</em></strong></span> <span class='ocrx_word' id='word_1_287' title='bbox 492 3683 589 3747; x_wconf 89' lang='lat' dir='ltr'><strong><em>etiam</em></strong></span> <span class='ocrx_word' id='word_1_288' title='bbox 605 3683 660 3767; x_wconf 93' lang='lat' dir='ltr'><strong><em>qui</em></strong></span> <span class='ocrx_word' id='word_1_289' title='bbox 675 3682 716 3747; x_wconf 92' lang='lat' dir='ltr'><strong><em>ab</em></strong></span> <span class='ocrx_word' id='word_1_290' title='bbox 732 3683 876 3749; x_wconf 86' lang='lat' dir='ltr'><strong><em>Ecclesia</em></strong></span> <span class='ocrx_word' id='word_1_291' title='bbox 894 3693 1103 3770; x_wconf 86' lang='lat' dir='ltr'><strong><em>separantur:</em></strong></span> <span class='ocrx_word' id='word_1_292' title='bbox 1133 3687 1222 3751; x_wconf 85' lang='lat' dir='ltr'><strong><em>Gom·</em></strong></span> 
     </span>
     <span class='ocr_line' id='line_1_35' title="bbox 121 3784 809 3869; baseline 0.004 -21"><span class='ocrx_word' id='word_1_293' title='bbox 121 3806 211 3849; x_wconf 77' lang='lat' dir='ltr'><strong><em>nonne</em></strong></span> <span class='ocrx_word' id='word_1_294' title='bbox 216 3786 386 3869; x_wconf 86' lang='lat' dir='ltr'><strong><em>fidelitatis</em></strong></span> <span class='ocrx_word' id='word_1_295' title='bbox 401 3786 535 3849; x_wconf 59' lang='lat' dir='ltr'><strong><em>&amp;bitum</em></strong></span> <span class='ocrx_word' id='word_1_296' title='bbox 550 3808 570 3849; x_wconf 89' lang='lat' dir='ltr'><strong><em>a</em></strong></span> <span class='ocrx_word' id='word_1_297' title='bbox 584 3784 720 3850; x_wconf 89' lang='lat' dir='ltr'><strong><em>subditis</em></strong></span> <span class='ocrx_word' id='word_1_298' title='bbox 733 3787 809 3852; x_wconf 86' lang='lat' dir='ltr'><strong><em>suis.</em></strong></span> 
     </span>
    </p>

    <p class='ocr_par' dir='ltr' id='par_1_7' title="bbox 158 3904 1072 3973">
     <span class='ocr_line' id='line_1_36' title="bbox 158 3904 1072 3973; baseline 0.007 -17"><span class='ocrx_word' id='word_1_299' title='bbox 158 3924 186 3946; x_wconf 93' lang='lat'>=</span> <span class='ocrx_word' id='word_1_300' title='bbox 198 3909 273 3969; x_wconf 86' lang='lat' dir='ltr'><strong><em>atque</em></strong></span> <span class='ocrx_word' id='word_1_301' title='bbox 284 3920 314 3955; x_wconf 89' lang='lat' dir='ltr'><strong><em>eo</em></strong></span> <span class='ocrx_word' id='word_1_302' title='bbox 324 3904 400 3956; x_wconf 89' lang='lat' dir='ltr'><strong><em>modo</em></strong></span> <span class='ocrx_word' id='word_1_303' title='bbox 411 3919 427 3956; x_wconf 92' lang='lat' dir='ltr'><strong><em>a</em></strong></span> <span class='ocrx_word' id='word_1_304' title='bbox 438 3904 534 3955; x_wconf 82' lang='lat' dir='ltr'><strong><em>Christi</em></strong></span> <span class='ocrx_word' id='word_1_305' title='bbox 545 3920 654 3970; x_wconf 87' lang='lat' dir='ltr'><strong><em>corporo,</em></strong></span> <span class='ocrx_word' id='word_1_306' title='bbox 666 3905 734 3971; x_wconf 88' lang='lat' dir='ltr'><strong><em>quod</em></strong></span> <span class='ocrx_word' id='word_1_307' title='bbox 745 3911 784 3958; x_wconf 85' lang='lat' dir='ltr'><strong><em>est</em></strong></span> <span class='ocrx_word' id='word_1_308' title='bbox 795 3906 916 3970; x_wconf 84' lang='lat' dir='ltr'><strong><em>Ecclesia,</em></strong></span> <span class='ocrx_word' id='word_1_309' title='bbox 924 3914 1031 3973; x_wconf 83' lang='lat' dir='ltr'><strong><em>separet,</em></strong></span> <span class='ocrx_word' id='word_1_310' title='bbox 1043 3929 1072 3952; x_wconf 95' lang='lat'><strong><em>=</em></strong></span> 
     </span>
    </p>

    <p class='ocr_par' dir='ltr' id='par_1_8' title="bbox 122 3996 1387 4192">
     <span class='ocr_line' id='line_1_37' title="bbox 165 3996 1368 4080; baseline 0.008 -20"><span class='ocrx_word' id='word_1_311' title='bbox 165 3996 282 4080; x_wconf 89' lang='lat' dir='ltr'><strong><em>Neque</em></strong></span> <span class='ocrx_word' id='word_1_312' title='bbox 296 4004 416 4076; x_wconf 86' lang='lat' dir='ltr'><strong><em>tamen,</em></strong></span> <span class='ocrx_word' id='word_1_313' title='bbox 429 4018 448 4060; x_wconf 92' lang='lat' dir='ltr'><strong><em>a</em></strong></span> <span class='ocrx_word' id='word_1_314' title='bbox 462 3996 628 4060; x_wconf 86' lang='lat' dir='ltr'><strong><em>Pontificis</em></strong></span> <span class='ocrx_word' id='word_1_315' title='bbox 643 3997 704 4061; x_wconf 89' lang='lat' dir='ltr'><strong><em>hac</em></strong></span> <span class='ocrx_word' id='word_1_316' title='bbox 714 3997 786 4062; x_wconf 79' lang='lat' dir='ltr'><strong><em>falsi</em></strong></span> <span class='ocrx_word' id='word_1_317' title='bbox 800 4000 933 4064; x_wconf 85' lang='lat' dir='ltr'><strong><em>nominis</em></strong></span> <span class='ocrx_word' id='word_1_318' title='bbox 948 4002 1120 4067; x_wconf 86' lang='lat' dir='ltr'><strong><em>obedientia</em></strong></span> <span class='ocrx_word' id='word_1_319' title='bbox 1135 4025 1222 4069; x_wconf 84' lang='lat' dir='ltr'><strong><em>aver·</em></strong></span> <span class='ocrx_word' id='word_1_320' title='bbox 1236 4002 1368 4071; x_wconf 71' lang='lat' dir='ltr'><strong><em>[anblins</em></strong></span> 
     </span>
     <span class='ocr_line' id='line_1_38' title="bbox 122 4068 1387 4192; baseline 0.006 -29"><span class='ocrx_word' id='word_1_321' title='bbox 122 4107 191 4163; x_wconf 90' lang='lat' dir='ltr'><strong><em>tere</em></strong></span> <span class='ocrx_word' id='word_1_322' title='bbox 217 4121 411 4183; x_wconf 89' lang='lat' dir='ltr'><strong><em>quenquam,</em></strong></span> <span class='ocrx_word' id='word_1_323' title='bbox 435 4099 468 4163; x_wconf 86' lang='lat' dir='ltr'><strong><em>id</em></strong></span> <span class='ocrx_word' id='word_1_324' title='bbox 495 4099 625 4162; x_wconf 85' lang='lat' dir='ltr'><strong><em>dcmmn</em></strong></span> <span class='ocrx_word' id='word_1_325' title='bbox 646 4107 705 4178; x_wconf 88' lang='lat' dir='ltr'><strong><em>est,</em></strong></span> <span class='ocrx_word' id='word_1_326' title='bbox 736 4122 756 4163; x_wconf 88' lang='lat' dir='ltr'><strong><em>a</em></strong></span> <span class='ocrx_word' id='word_1_327' title='bbox 789 4102 906 4166; x_wconf 76' lang='lat' dir='ltr'><strong><em>Christi</em></strong></span> <span class='ocrx_word' id='word_1_328' title='bbox 930 4125 1066 4187; x_wconf 82' lang='lat' dir='ltr'><strong><em>corpore,</em></strong></span> <span class='ocrx_word' id='word_1_329' title='bbox 1082 4107 1166 4187; x_wconf 84' lang='lat' dir='ltr'><strong><em>quod</em></strong></span> <span class='ocrx_word' id='word_1_330' title='bbox 1178 4068 1387 4192; x_wconf 52' lang='grc' dir='ltr'><strong><em>ειίἷξιὲἓζξὲξ</em></strong></span> 
     </span>
    </p>
   </div>
   <div class='ocr_carea' id='block_1_6' title="bbox 123 4197 1389 4313">
    <p class='ocr_par' dir='ltr' id='par_1_9' title="bbox 123 4197 1389 4313">
     <span class='ocr_line' id='line_1_39' title="bbox 123 4197 1389 4313; baseline 0.003 -47"><span class='ocrx_word' id='word_1_331' title='bbox 123 4203 278 4283; x_wconf 82' lang='lat' dir='ltr'><strong><em>Ecclesia,</em></strong></span> <span class='ocrx_word' id='word_1_332' title='bbox 302 4223 458 4285; x_wconf 88' lang='lat' dir='ltr'><strong><em>separare,</em></strong></span> <span class='ocrx_word' id='word_1_333' title='bbox 484 4222 545 4265; x_wconf 92' lang='lat' dir='ltr'><strong><em>nec</em></strong></span> <span class='ocrx_word' id='word_1_334' title='bbox 571 4203 610 4265; x_wconf 93' lang='lat' dir='ltr'><strong><em>ab</em></strong></span> <span class='ocrx_word' id='word_1_335' title='bbox 633 4203 787 4283; x_wconf 87' lang='lat' dir='ltr'><strong><em>Ecclesia,</em></strong></span> <span class='ocrx_word' id='word_1_336' title='bbox 810 4226 876 4287; x_wconf 74' lang='lat' dir='ltr'><strong><em>quae</em></strong></span> <span class='ocrx_word' id='word_1_337' title='bbox 899 4207 1016 4271; x_wconf 85' lang='lat' dir='ltr'><strong><em>Cbristi</em></strong></span> <span class='ocrx_word' id='word_1_338' title='bbox 1037 4229 1147 4290; x_wconf 77' lang='lat' dir='ltr'><strong><em>capras</em></strong></span> <span class='ocrx_word' id='word_1_339' title='bbox 1168 4215 1223 4288; x_wconf 87' lang='lat' dir='ltr'><strong><em>est,</em></strong></span> <span class='ocrx_word' id='word_1_340' title='bbox 1236 4197 1389 4313; x_wconf 47' lang='lat' dir='ltr'><strong><em>ssffiffi</em></strong></span> 
     </span>
    </p>
   </div>
   <div class='ocr_carea' id='block_1_7' title="bbox 124 4306 1369 4395">
    <p class='ocr_par' dir='ltr' id='par_1_10' title="bbox 124 4306 1369 4395">
     <span class='ocr_line' id='line_1_40' title="bbox 124 4306 1369 4395; baseline 0.006 -25"><span class='ocrx_word' id='word_1_341' title='bbox 124 4306 211 4370; x_wconf 87' lang='lat' dir='ltr'><strong><em>haud</em></strong></span> <span class='ocrx_word' id='word_1_342' title='bbox 226 4328 409 4391; x_wconf 88' lang='lat' dir='ltr'><strong><em>quenquam</em></strong></span> <span class='ocrx_word' id='word_1_343' title='bbox 430 4307 500 4370; x_wconf 83' lang='lat' dir='ltr'><strong><em>Bex</em></strong></span> <span class='ocrx_word' id='word_1_344' title='bbox 525 4313 661 4388; x_wconf 62' lang='lat' dir='ltr'><strong><em>curarat.</em></strong></span> <span class='ocrx_word' id='word_1_345' title='bbox 707 4306 862 4373; x_wconf 88' lang='lat' dir='ltr'><strong><em>Obsolcta</em></strong></span> <span class='ocrx_word' id='word_1_346' title='bbox 882 4311 951 4395; x_wconf 89' lang='lat' dir='ltr'><strong><em>jam</em></strong></span> <span class='ocrx_word' id='word_1_347' title='bbox 974 4311 1044 4375; x_wconf 90' lang='lat' dir='ltr'><strong><em>haec</em></strong></span> <span class='ocrx_word' id='word_1_348' title='bbox 1066 4312 1227 4376; x_wconf 89' lang='lat' dir='ltr'><strong><em>calumnia</em></strong></span> <span class='ocrx_word' id='word_1_349' title='bbox 1237 4325 1369 4391; x_wconf 72' lang='lat' dir='ltr'><strong><em>avertero]</em></strong></span> 
     </span>
    </p>
   </div>
   <div class='ocr_carea' id='block_1_8' title="bbox 311 4465 1046 4538">
    <p class='ocr_par' dir='ltr' id='par_1_11' title="bbox 311 4465 1046 4538">
     <span class='ocr_line' id='line_1_41' title="bbox 311 4465 1046 4538; baseline 0.007 -19"><span class='ocrx_word' id='word_1_350' title='bbox 311 4465 317 4499; x_wconf 91' lang='lat'><strong>¹</strong></span> <span class='ocrx_word' id='word_1_351' title='bbox 336 4467 366 4531; x_wconf 84' lang='lat'><strong><em>[“</em></strong></span> <span class='ocrx_word' id='word_1_352' title='bbox 374 4467 420 4518; x_wconf 81' lang='lat' dir='ltr'><strong><em>list</em></strong></span> <span class='ocrx_word' id='word_1_353' title='bbox 427 4468 536 4532; x_wconf 81' lang='lat' dir='ltr'><strong><em>quadam</em></strong></span> <span class='ocrx_word' id='word_1_354' title='bbox 544 4469 645 4534; x_wconf 82' lang='lat' dir='ltr'><strong><em>prodire</em></strong></span> <span class='ocrx_word' id='word_1_355' title='bbox 654 4471 870 4524; x_wconf 81' lang='lat' dir='ltr'><strong><em>tenus.”-Horat.</em></strong></span> <span class='ocrx_word' id='word_1_356' title='bbox 880 4471 927 4537; x_wconf 88' lang='lat' dir='ltr'><strong><em>Ep.</em></strong></span> <span class='ocrx_word' id='word_1_357' title='bbox 936 4472 953 4523; x_wconf 91' lang='lat' dir='ltr'><strong><em>i.</em></strong></span> <span class='ocrx_word' id='word_1_358' title='bbox 964 4476 985 4522; x_wconf 90' lang='lat'><strong><em>1.</em></strong></span> <span class='ocrx_word' id='word_1_359' title='bbox 996 4472 1046 4538; x_wconf 69' lang='lat'><strong><em>32]</em></strong></span> 
     </span>
    </p>
   </div>
   <div class='ocr_carea' id='block_1_9' title="bbox 0 0 1491 4926">
    <p class='ocr_par' dir='ltr' id='par_1_12' title="bbox 0 0 1491 4926">
     <span class='ocr_line' id='line_1_42' title="bbox 0 0 1491 4926; baseline 0 0"><span class='ocrx_word' id='word_1_360' title='bbox 0 0 1491 4926; x_wconf 95' lang='lat' dir='ltr'><strong><em> </em></strong></span> 
     </span>
    </p>
   </div>
  </div>
 </body>
</html>
