2910 4926
106 2495 183 2548 Sedu

133 2562 177 2611 uis.
195 2561 244 2613 111.

94 2642 194 2690 usurpa·

95 2694 157 2756 tua]

137 3744 202 3807 279

252 268 319 332 386
566 285 610 336 ιιι)
631 286 822 338 emmaus
844 282 1043 338 rumonim

254 439 437 524 Gregorio?
483 441 547 507 Sed
560 445 673 531 natiue
692 444 836 529 (inquit)
850 445 1044 507 decessorum
1056 460 1192 505 meorum
1213 433 1271 507 noc
1292 451 1361 509 tam

247 545 387 627 profano
410 547 558 610 vocabulo
582 545 631 612 uti
656 547 837 613 casana.
881 547 1112 611 annosarum
1134 546 1264 629 quidem
1290 571 1360 615 non

252 649 330 714 facit
345 650 450 714 obtata
464 652 677 733 superbatac
687 652 874 734 'appellatia
892 637 1064 732 profanum
1079 650 1137 713 noc
1155 651 1358 715 cacabatum.-

252 772 339 818 non:
366 753 423 817 sed
443 760 596 837 sapatum,
612 755 668 819 sed
682 777 797 839 magna
810 756 967 837 multaque
980 754 1172 817 ammaon
1186 755 1358 837 quaemus.

253 857 422 922 Vincimus
437 878 513 942 ergo
534 859 588 924 hic
605 859 686 943 (cum
701 860 780 923 basa
798 858 978 922 Cardiualia
998 857 1112 940 venia)
1129 866 1172 936 et,
1188 859 1216 922 si
1233 859 1358 943 Grego

252 959 338 1025 rium
364 961 519 1042 audimus,
542 961 628 1026 idem
652 963 732 1026 illud
756 963 796 1026 de
819 961 986 1027 Bonifacio
1007 961 1102 1040 dicet,
1123 968 1220 1046 atque
1242 962 1359 1027 iisdem

254 1064 368 1145 verbis,
382 1065 497 1150 quibus
510 1067 590 1145 Rex,
600 1067 640 1130 In
650 1069 710 1131 nac
724 1068 791 1150 ejus
804 1066 959 1149 superbia,
985 1065 1053 1149 (qui
1067 1065 1198 1128 titulum
1217 1066 1360 1132 Univer-

255 1168 330 1233 salis
344 1169 493 1254 Episcopi
509 1168 692 1254 ambiebat)
713 1171 790 1253 quid
802 1170 899 1248 aliud,
914 1170 977 1232 mai
991 1169 1169 1250 propinqua
1175 1169 1248 1251 jam
1261 1170 1359 1234 Anti·

255 1274 367 1338 curisti
382 1294 447 1337 esse
456 1281 604 1356 tempora,
621 1274 850 1358 aequatam?
880 1272 944 1337 vel
959 1272 986 1335 si
995 1292 1105 1336 rocem
1119 1271 1222 1355 ipsam
1237 1275 1362 1358 expetit

255 1378 466 1442 Peaeursoris
480 1379 680 1458 Antichristi,
697 1377 806 1442 audiat
826 1377 937 1460 igitur,
955 1376 1026 1457 Epa
1043 1423 1051 1440 .
1069 1422 1077 1439 .
1096 1422 1103 1439 .
1112 1376 1251 1457 fidenter
1275 1379 1359 1457 dico,

254 1482 328 1564 quia
343 1481 482 1564 priamus
494 1501 528 1545 se
547 1480 756 1545 Universalem
768 1480 967 1544 Sacerdotem
977 1485 1077 1557 vocat,
1100 1479 1171 1562 (nec
1189 1480 1223 1543 id
1243 1480 1359 1560 solum,

253 1604 364 1648 verum
380 1585 446 1668 qui)
463 1586 513 1648 ael
524 1579 631 1649 uocari
647 1585 814 1663 desiderat,
835 1582 1035 1664 (desideravit
1049 1589 1156 1646 autem
1172 1583 1360 1648 Bonifacius

253 1687 403 1772 Tertius)
416 1689 451 1753 in
464 1690 597 1752 elatione
610 1709 668 1753 aaa
679 1689 908 1752 Antichristum
916 1687 1087 1767 presumit
1094 1684 1113 1751 s.
1135 1687 1198 1765 En,
1208 1687 1360 1771 Gregorii

251 1790 373 1874 judicio
399 1790 584 1856 Bonifacius
610 1791 689 1876 jam,
715 1811 894 1874 pramrsor
922 1791 1122 1855 Anticariati.
1168 1792 1217 1855 Ut
1242 1812 1359 1875 parum

254 1892 389 1958 idoneus
417 1894 521 1959 'Pestis
551 1893 604 1960 hic
634 1894 818 1980 Gregorius,
851 1913 912 1958 nec
940 1899 1121 1978 opportuna
1156 1894 1234 1958 satis
1270 1894 1360 1958 illius

255 1997 387 2061 mentia.

288 2150 448 2224 Bonitscium
467 2167 483 2203 s
505 2151 589 2204 Phoco
607 2153 717 2218 petiisse,
729 2189 736 2203 .
749 2189 755 2203 .
767 2188 774 2201 .
785 2156 815 2202 ot
834 2150 984 2215 cyriacum.
998 2187 1004 2199 .
1017 2187 1023 2199 .
1036 2155 1168 2212 coerceret,
1186 2151 1231 2215 qui
1250 2150 1358 2201 titulum

320 2234 471 2285 universalis
481 2233 618 2299 Episcopi.
631 2271 638 2286 .
650 2234 779 2286 .indebite
790 2235 933 2299 usurpabat.
956 2234 1005 2286 Sed
1016 2249 1097 2299 neque
1108 2235 1161 2295 ille,
1171 2233 1358 2298 acqueSucces

321 2329 389 2366 sores
404 2314 453 2366 hoc
469 2316 545 2367 titulo
561 2317 601 2366 usi
617 2315 792 2382 suut—[Beli
805 2317 880 2381 spot
891 2332 937 2382 pro
948 2316 1034 2382 Resp]
1056 2332 1081 2380 p.
1093 2318 1148 2368 163.
1161 2315 1226 2381 [Op.,
1243 2320 1305 2367 tom.
1315 2317 1360 2368 rii.

322 2397 369 2447 col.
375 2398 432 2451 791.
440 2396 484 2462 Α.]

299 2496 387 2562 Illud
402 2518 527 2582 quoque
542 2519 562 2562 a
576 2497 744 2563 cardinale
765 2498 873 2562 minus
894 2498 947 2562 hic
961 2517 1034 2562 vere
1055 2495 1180 2574 dicitxrr,
1202 2503 1310 2560 actum
1325 2498 1361 2561 id

256 2600 352 2664 modo
367 2623 386 2663 a
400 2601 576 2679 Bonifaoio,
591 2608 627 2664 ut
644 2602 810 2683 Cymaeam
825 2607 987 2679 coerceret,
1003 2621 1111 2663 nomen
1125 2601 1206 2662 illud
1219 2599 1359 2663 Univer-

256 2704 330 2766 salis
367 2705 515 2788 Episcopi
545 2705 680 2768 indebite
707 2712 917 2786 usurpantem.
961 2707 1082 2770 Actum
1111 2704 1144 2766 id
1173 2704 1302 2787 quidem
1340 2726 1360 2767 a

258 2806 415 2888 Gregorio
444 2828 517 2871 aum
548 2808 723 2871 Mauritio:
755 2830 796 2871 ne
822 2809 981 2892 cuiquam,
1007 2829 1049 2870 ne
1074 2807 1123 2869 vel
1148 2807 1218 2884 sibi,
1244 2806 1293 2870 uti
1320 2828 1358 2872 co

257 2909 367 2973 liceret
375 2919 398 2973 Β.
444 2911 498 2974 An
513 2911 560 2974 ita
574 2911 785 2975 Bonifacius?
830 2913 926 2988 Non,
951 2910 1006 2973 sed
1021 2910 1199 2973 detractum
1211 2909 1357 2992 Cyriaco,

256 3015 389 3095 rogavit,
405 3015 478 3097 epit,
494 3015 661 3094 contendit,
676 3036 860 3098 magnopere
874 3015 1040 3091 contendit,
1056 3014 1124 3097 ipse
1138 3021 1176 3075 ut
1191 3012 1251 3076 sibi
1272 3013 1357 3077 obti-

258 3121 350 3180 neret
373 3139 393 3180 a
414 3118 541 3182 Phoco:
565 3126 598 3182 et
620 3139 701 3201 aare
725 3118 867 3197 obtinuit,
891 3140 967 3197 non,
993 3139 1034 3181 ne
1056 3117 1220 3201 Cyriacus,
1237 3116 1358 3181 aliusve

260 3221 425 3305 quispiam,
446 3223 496 3285 vel
518 3221 595 3306 ipse,
614 3222 712 3306 (quod
733 3221 859 3287 fecisset
883 3221 1058 3305 Gregorius
1073 3221 1092 3304 :)
1121 3220 1185 3299 sed,
1210 3242 1251 3284 nc
1274 3222 1359 3283 alius

259 3325 339 3410 quis,
356 3348 452 3411 quam
466 3328 542 3409 mse,
558 3333 631 3410 post
646 3326 726 3389 illud
741 3332 909 3410 usurparet
919 3324 942 3391 ¹¹.

290 3478 379 3529 Servos
398 3493 425 3529 se
446 3478 531 3542 potius
551 3492 678 3529 servorum
701 3477 767 3528 Dei.
780 3477 1094 3544 ..nominantes—[Bell.
1114 3477 1189 3541 Apol.
1207 3492 1253 3542 pro
1271 3477 1358 3543 Resp]

322 3574 347 3623 p.
359 3561 414 3610 154.
432 3559 499 3625 [Op.,
511 3560 628 3609 tamaii.
645 3560 691 3609 ool.
703 3558 760 3612 791.
770 3558 814 3624 Α]

300 3658 347 3720 At
369 3657 496 3741 scripsit
518 3678 551 3721 se
573 3659 703 3721 Seruum
730 3659 895 3722 Senonum
918 3659 979 3722 Dei
1003 3657 1195 3737 Bonifacius,
1211 3660 1358 3742 exemplo

259 3758 423 3842 Gregorii,
451 3760 660 3823 Universalem
681 3760 870 3843 Episcopum
892 3783 959 3826 non
981 3762 1116 3846 scripsit.
1163 3760 1226 3825 Sed
1252 3784 1358 3845 nequo

95 3863 454 3931 [P011ssifi0oesuccessores
477 3863 546 3946 ejus
564 3863 611 3926 ita
633 3863 842 3928 rescribunt.
887 3865 993 3928 aucus
1016 3885 1133 3928 merus.
1179 3864 1256 3927 Non
1279 3865 1357 3928 scri-

97 3946 123 3980 ΒΘ
135 3944 218 3979 SGI'VOS

94 4004 221 4045 ΒΘΙὟΟΠΙΠΙ

258 3963 358 4041 bunt;
382 3963 438 4028 sed
462 3965 586 4049 quoties
605 3966 745 4049 legunt?
789 3967 835 4031 Ni
864 3968 983 4051 legant,
1013 3966 1114 4030 futuri
1136 3987 1211 4030 mox
1237 3966 1273 4029 in
1295 3968 1357 4031 fer-

289 4168 301 4199 r
319 4167 784 4281 [song.mapiuxvxrppuo.
862 4171 870 4203 ¹
885 4171 920 4237 [s.
933 4171 1007 4234 areg.
1019 4171 1080 4234 arag
1083 4170 1098 4284 p
1116 4171 1201 4220 oua.
1216 4168 1283 4234 [up]
1295 4187 1357 4221 xxx.

260 4232 319 4297 [sec.
328 4238 389 4282 vett.
403 4231 497 4289 Edita:
526 4234 590 4283 iba.
604 4233 722 4284 lnd.xiii
738 4235 786 4299 Bp.
830 4237 887 4301 [sea
896 4239 957 4286 vett.
970 4235 1066 4296 Editt;
1094 4235 1357 4299 ib.vii.lod.xr.ltp.

259 4299 324 4347 xliii.
334 4297 394 4347 Beu
409 4297 465 4360 Op,
475 4300 537 4347 tom.
549 4299 577 4347 ss.
589 4298 635 4348 col.
646 4299 700 4351 771.
711 4299 753 4363 0.]
830 4302 922 4350 xxxiii.
935 4300 996 4350 Bon.
1010 4300 1064 4364 Op,
1077 4306 1138 4350 tom.
1152 4301 1178 4350 ii.
1189 4301 1235 4350 col.
1246 4301 1302 4350 881.
1315 4301 1359 4365 D.]

291 4371 302 4394 ·
314 4361 349 4426 [S.
358 4361 432 4425 Greg.
441 4362 519 4426 Mag]
526 4363 572 4413 lib.
580 4364 612 4412 iv.
621 4362 690 4428 [Ep]
699 4365 786 4414 xxxiv.
862 4373 875 4406 ί
903 4365 969 4415 Vide
980 4365 1037 4415 infr.
1050 4368 1101 4415 not
1111 4364 1138 4429 t]

258 4428 316 4492 [ecc.
328 4431 388 4476 vett.
403 4426 483 4476 ltditt.
494 4447 500 4484 ;
513 4427 558 4477 lib.
566 4443 590 4477 v.
608 4427 666 4477 lud.
674 4426 729 4478 xiil.
740 4429 785 4491 ltp.
862 4428 874 4462 ¹¹
900 4430 966 4481 Vide
976 4443 1058 4493 supra,
1070 4444 1095 4493 p.
1103 4429 1170 4492 884]

256 4491 311 4539 xxi.
324 4490 384 4541 Bou.
396 4490 451 4555 Op,
465 4495 526 4543 tom.
539 4492 565 4543 ii.
577 4492 623 4544 cot
635 4495 691 4546 751.
700 4492 741 4556 G]
