2910 4926
461 294 644 343 ammona
664 295 846 343 neseeusm.
1052 334 1057 345 .
1161 283 1200 347 71

136 446 171 497 a:
181 446 283 510 quidem
295 446 340 496 ubi
351 445 406 497 Rex
417 447 494 497 fidem
505 449 689 512 propagaverit,
700 449 740 500 vel
754 449 921 513 Euangelium
932 451 1125 502 annunciaverit
1136 451 1205 515 igne

168 543 222 578 rare
234 543 274 578 ma
286 528 484 592 fatcor-[Bell.
496 530 571 593 Apol.
583 545 629 594 pro
640 529 725 594 Resp]
736 546 761 595 p.
774 533 813 581 20.
826 530 896 595 [Op.,
907 535 969 580 tom.
981 532 1024 581 rii.
1036 532 1082 582 col.
1092 533 1148 585 716.
1161 532 1204 597 A.]

147 647 251 725 IAM,
266 645 322 709 ubi
331 646 430 727 fidem
445 647 527 730 Regi
551 647 672 711 ademit
687 668 826 725 omnem,
843 669 939 729 quam
954 648 1003 712 vel
1024 669 1204 732 prepepere
1217 660 1289 776 Bne:
1300 677 1358 714 vero

102 756 219 831 posset,
250 749 299 812 vel
321 749 504 829 defendere:
534 771 601 813 non
631 749 709 813 sinit
739 750 827 815 nudo
856 750 952 815 titulo
977 751 1126 834 gaudere,
1151 754 1201 816 vel
1216 726 1344 857 pffgffi

103 852 510 933 Prepeqeteris,veletiam
521 852 712 932 Defenseris.
745 854 822 918 Non
838 855 1074 936 Prepeyeteris.
1103 855 1200 934 Nam,

108 953 167 1016 Udi
192 954 262 1016 Ree
278 954 376 1035 fidem
398 957 616 1038 propepeeit?
661 957 770 1035 Quasi,
788 977 977 1038 prepeqere,
992 958 1090 1020 lecum
1105 958 1202 1022 mode

104 1065 247 1140 spectet:
271 1079 331 1122 nec
346 1059 444 1140 fidere
465 1059 536 1142 quis
552 1066 716 1141 prepepet,
739 1060 801 1123 nisi
815 1060 870 1143 qui
885 1080 960 1123 cum
982 1061 1201 1125 Mercatorum

104 1161 257 1224 onerariis
277 1161 417 1225 misellos
437 1163 558 1245 aliquot
581 1163 779 1240 fraterculos,
804 1163 838 1226 in
857 1163 1026 1246 Japoniam
1053 1172 1201 1247 exponat,

105 1285 169 1346 que
197 1264 283 1342 inde,
313 1266 415 1328 altero
445 1287 571 1349 quoqne
601 1287 697 1344 anne,
727 1267 927 1356 perscribant
956 1267 1021 1330 huc
1055 1267 1197 1349 (seilicet)

105 1366 242 1430 lanciani
265 1389 355 1431 veras
380 1369 589 1446 narrationes,
606 1390 684 1452 quas
710 1369 806 1432 vestri
833 1389 960 1452 quoque
983 1369 1128 1432 homines
1150 1369 1203 1433 vix

105 1471 210 1534 solent
236 1471 374 1550 credere,
398 1472 454 1535 sed
475 1472 604 1536 credere
627 1484 738 1536 tamen
759 1473 896 1551 malunt,
919 1495 1016 1556 quam
1038 1471 1202 1556 quaereret

105 1574 289 1656 Prepepere
302 1596 387 1652 vero,
403 1575 500 1639 etiam
527 1574 567 1638 ad
591 1576 693 1638 medie
717 1575 873 1653 refertur:
896 1576 995 1638 etiam
1014 1575 1054 1638 ed
1075 1582 1202 1657 tenpus.

105 1676 236 1741 Media:
252 1681 442 1761 prepepeuit
458 1680 576 1741 celeme
592 1680 671 1757 Ber,
688 1700 751 1762 quo
774 1700 841 1743 neu
862 1679 957 1742 multi
977 1677 1084 1742 medio
1099 1680 1203 1794 Reges

99 1788 287 1864 proprepant.
326 1783 482 1866 Tempus:
500 1784 689 1865 prepeyeeit
701 1789 734 1846 et
749 1783 789 1845 ad
803 1790 958 1866 posteros,
970 1782 1203 1845 acmemeriam

106 1905 247 1948 ornnem.
293 1885 440 1970 Utroque
463 1887 524 1950 hoc
543 1907 649 1963 sensu,
668 1886 749 1967 fidei
764 1886 963 1967 Prepeqeter
980 1892 1040 1948 est.
1084 1885 1203 1962 Etiam,

106 2008 134 2050 ει
125 1958 199 2050 vel
220 1989 318 2051 lecum
340 1996 483 2071 spectes:
507 2011 603 2070 quarn
626 1988 738 2072 procul
764 2009 798 2051 se
821 1987 954 2070 porrigit
978 1988 1013 2050 in
1028 1987 1204 2053 Occidente

108 2089 310 2154 Christianus
333 2092 429 2169 orbis,
459 2101 528 2155 tam
557 2092 677 2175 procul,
705 2113 802 2174 quam
824 2098 857 2154 et
882 2091 962 2154 fides
986 2112 1045 2154 sua
1066 2112 1150 2169 vera,
1170 2098 1204 2156 et

128 2200 213 2255 estra
227 2193 356 2275 perfida,
373 2194 527 2276 Apeleqie
550 2215 608 2257 sua
622 2194 832 2275 proprepant:
859 2200 894 2256 ut
909 2214 988 2276 opus
1002 2192 1093 2257 vobis
1107 2192 1204 2256 fuerit

108 2295 316 2359 emendicatis
342 2296 500 2378 suffragiis
525 2317 618 2378 egere
644 2295 771 2374 alicubi,
795 2317 838 2360 ne
863 2297 979 2380 scripta
998 2297 1068 2381 ejus
1090 2297 1205 2379 inspici

106 2407 258 2482 possent:
282 2406 371 2462 nect
392 2399 432 2462 ad
453 2421 507 2462 eos
527 2399 669 2462 veritatis
684 2399 731 2463 vis
751 2401 929 2482 preproperi
950 2421 1080 2464 neeesse
1099 2399 1202 2474 feret:

108 2501 201 2585 cnjus
223 2523 279 2564 vos
299 2504 489 2584 prepeqiecs
511 2524 622 2566 omnes
642 2502 791 2581 succisas,
812 2510 845 2566 ct
865 2504 1119 2584 prepeqatiencs,
1143 2503 1204 2566 im-

107 2625 206 2687 pense
221 2605 348 2687 cupitis.

154 2707 253 2770 Haud
283 2707 375 2771 aliter
398 2729 482 2786 vero,
506 2709 696 2789 propequeit
713 2709 811 2790 fidem
827 2710 897 2773 Rex
922 2710 1084 2774 Henricus
1104 2711 1206 2776 VIII.

110 2831 207 2891 quam
223 2809 342 2893 scripto
364 2809 493 2886 libello;
516 2811 554 2889 is,
570 2811 625 2893 qui
641 2810 680 2875 de
696 2832 735 2874 eo
748 2811 843 2889 facte,
860 2812 1017 2875 salutatus
1032 2812 1143 2876 statim
1159 2822 1208 2877 est

110 2911 200 2974 fidei
222 2918 252 2974 et
269 2916 470 2994 Prepeyefer
484 2919 514 2975 et
528 2913 694 2993 Defensor.
741 2914 814 2979 Quo
830 2936 925 2977 sensu
948 2914 975 2977 si
997 2915 1090 2979 cedat
1112 2916 1208 2980 etiarn

111 3014 179 3078 Rex
194 3014 291 3078 titulo
305 3015 375 3092 hoc,
392 3015 563 3098 gratificari
578 3023 688 3079 tamen
704 3038 742 3080 eo
757 3038 823 3080 non
844 3039 951 3100 posses
966 3019 1126 3098 Pontifici,
1148 3040 1209 3083 nec

111 3117 261 3180 Pontifex
288 3138 325 3180 eo
351 3117 467 3196 ornari,
493 3118 547 3200 qui
571 3139 631 3181 nec
655 3119 783 3202 scripto,
807 3140 867 3182 nec
882 3141 958 3183 voce
979 3120 1131 3185 itavalde
1152 3143 1211 3185 an-

110 3219 243 3282 nunciat
279 3220 500 3303 Evangelium,
540 3242 581 3284 nc
616 3228 721 3304 potest
757 3221 897 3305 quidem,
934 3243 1008 3285 cum
1042 3224 1210 3287 Ceeeaisfe

111 3322 207 3385 modo
229 3321 281 3385 sit.

145 3467 259 3517 'l'itulum
268 3467 404 3518 defensoris
415 3468 483 3528 fidei,
490 3482 564 3531 quem
575 3468 720 3531 majusculis
731 3469 812 3518 literis
821 3468 931 3519 hocloco
941 3469 1017 3519 scribi
1024 3468 1105 3530 video,
1115 3506 1121 3520 .
1130 3506 1136 3519 .
1146 3485 1211 3520 .n0n

176 3549 360 3612 ignoransque
368 3550 433 3599 ullus
441 3549 507 3614 [est],
515 3549 813 3613 quiiguorerahoouex.
822 3549 1017 3600 PentifleeMax.
1025 3550 1136 3601 deletum
1144 3550 1212 3601 Hen-

177 3629 424 3692 rieeV111.Anglioe
432 3631 503 3693 Regi,
511 3632 543 3681 ob
551 3631 645 3681 librum
652 3631 684 3681 ab
693 3631 779 3680 eodem
787 3630 855 3694 Rege
866 3632 987 3694 scriptum
999 3631 1031 3681 de
1039 3633 1084 3681 vii.
1092 3631 1211 3683 Ecclesiae

177 3710 345 3761 Sacrameutis
355 3711 473 3762 adversus
485 3711 647 3762 uenierunt
658 3749 664 3761 .
676 3748 683 3761 .
697 3748 702 3760 .
719 3711 813 3770 Quodsi
824 3718 958 3775 quaeretur,
969 3712 1029 3776 quid
1040 3713 1143 3763 nomine
1154 3712 1213 3764 fidei

178 3792 205 3842 tu
215 3808 244 3842 eo
255 3792 332 3842 titulo
343 3792 507 3855 significetur,
516 3792 583 3842 nihil
594 3793 664 3843 aliud
675 3793 820 3857 responderi
831 3796 932 3857 poterit,
940 3795 989 3844 nisi
997 3795 1073 3845 fidem
1081 3795 1153 3846 illam
1164 3796 1213 3859 sig·

177 3873 304 3924 nitentem
312 3889 452 3937 essequam
460 3873 621 3938 predicabat,
629 3875 672 3937 qui
680 3874 784 3923 titulum
792 3874 870 3936 dedit,
877 3881 904 3926 et
911 3891 985 3941 quum
992 3877 1213 3942 profitebatur,qui

177 3954 283 4004 titutum
294 3956 399 4018 aceepit,
410 3959 437 4004 et
447 3970 504 4017 ques
516 3953 695 4005 defendebatur
706 3956 734 4004 iu
743 3956 815 4016 libro,
827 3956 898 4019 eujus
908 3958 991 4019 gratia
1002 3958 1092 4008 titulus
1103 3957 1176 4009 datus
1187 3962 1214 4008 et

177 4041 293 4099 aceeptus
304 4035 463 4100 est-[Bell.
472 4035 547 4099 Apol.
560 4051 605 4099 pro
616 4035 688 4100 Resp.
693 4036 703 4099 ]
717 4051 742 4100 p.
749 4039 789 4086 20.
803 4037 872 4101 [Op.,
882 4042 944 4088 tom.
952 4039 996 4088 rii.
1007 4040 1053 4089 cel.
1063 4039 1118 4092 tls.
1128 4039 1197 4090 AB.
1201 4039 1212 4104 ]

157 4152 213 4229 At,
230 4151 270 4214 ed
285 4151 470 4232 Defensoris
484 4151 676 4231 titulum,t
644 4158 676 4216 et
698 4154 929 4235 majusculus
901 4175 971 4238 ejus
987 4155 1024 4218 lit
1011 4161 1096 4218 teres
1110 4154 1255 4270 magis„
1229 4154 1270 4220 [et
1280 4151 1369 4204 thwr

114 4254 212 4318 etiam
238 4256 402 4339 pungitur.
447 4257 596 4318 Deletae:
621 4257 702 4318 caim
725 4257 863 4320 Heerice
885 4257 986 4335 VIII,
1012 4280 1032 4320 e
1054 4259 1156 4321 Leone
1170 4234 1276 4322 X.⁸⁰'

147 4442 251 4494 ¹Vide
262 4444 360 4495 Literna
370 4460 466 4496 annuas
477 4445 530 4495 Soc.
541 4443 624 4559 desei}
686 4460 808 4508 supernae.
810 4445 958 4496 ⁹—Buiian
975 4446 1045 4496 Rem.
1065 4448 1155 4498 ternu
1171 4461 1214 4512 pp.

145 4505 157 4539 ἱ
186 4507 252 4558 Vide
270 4508 594 4560 Bnltsmxlv.1eou.X.‘
625 4526 642 4559 x
686 4512 810 4569 oreon.
844 4511 967 4560 Iarxcmb.
985 4510 1068 4583 1727.]
