2910 4926
454 296 637 343 emmanu
659 295 839 343 umrousro.
1130 281 1195 343 439

97 447 201 509 ferat?
247 447 323 510 Non
347 469 424 531 ergo
447 450 480 510 in
504 450 683 531 rebpionem
706 447 853 511 feruntur
872 447 967 529 leges.
1012 447 1084 510 Nec
1109 447 1196 510 enim

96 551 255 632 religionis
269 551 331 612 illis
346 572 396 614 res
408 551 474 615 solo
488 560 546 630 est,
566 552 616 614 vel
629 551 750 634 prima:
773 549 876 633 prima
900 550 938 632 (si
959 571 1026 613 non
1048 549 1138 631 sola),
1154 571 1196 614 ne

95 652 216 716 subditi
239 653 364 736 integra
379 655 443 717 sint
466 655 529 718 fide
549 655 584 718 in
605 655 796 737 Principem,
816 653 867 717 vel
882 652 1133 736 Rempublicam,
1155 653 1195 717 sb

95 755 206 819 hostili
220 765 303 819 nutu
317 758 486 840 pendeant,
503 758 594 841 signo
609 758 693 837 dato,
710 780 729 820 a
744 759 832 840 Rege
848 756 1007 820 deficiant.

129 923 178 980 Qui
195 925 348 987 plectuntur,
365 926 425 990 quia
442 925 524 976 Sacris
543 925 682 975 Ordinibus
693 926 721 974 in
732 922 909 974 transmarinis
925 923 1081 987 Regionibus
1099 923 1195 975 initiati

160 1010 228 1065 suut,
240 1043 246 1055 .
258 1043 264 1055 .
277 1044 283 1056 .
296 1022 378 1057 nonno
396 1012 500 1071 propter
518 1008 666 1070 religionem
685 1007 844 1070 plectunturl
861 1020 946 1055 nonne
964 1005 1028 1055 sacri
1046 1005 1147 1055 ordines
1163 1005 1195 1055 ad

160 1088 309 1150 religionem
320 1088 573 1154 pertinenti-[Bell.
586 1089 660 1154 Apol.
672 1103 718 1153 pro
730 1085 815 1152 Resp]
826 1101 851 1151 p.
864 1087 918 1139 179.
943 1085 1010 1152 [Op.,
1018 1088 1080 1136 tom.
1092 1087 1136 1136 vii
1148 1088 1195 1137 col.

165 1171 220 1218 806.
230 1168 273 1232 0.]
925 1210 928 1215 .

139 1302 206 1364 Nec
233 1302 400 1385 quisquam
425 1303 479 1366 hic
503 1302 663 1386 plectitur,
694 1304 767 1384 poio
793 1303 826 1364 in
850 1303 1069 1364 transmarinis
1087 1302 1193 1382 porti·
1207 1290 1316 1384 [struot

96 1402 151 1464 bus
176 1405 329 1482 initiatos,
356 1405 411 1468 sed
432 1405 516 1487 quia,
543 1405 577 1467 in
601 1405 640 1468 iis
663 1404 806 1488 partibus
829 1404 886 1468 ubi
909 1404 1063 1481 initiatus,
1087 1406 1193 1488 jussus
1206 1386 1318 1486 {ffim

95 1505 275 1585 subsistere,
305 1528 364 1570 nec
400 1507 464 1570 huc
496 1508 671 1585 convolare,
701 1515 739 1569 ut
769 1515 842 1590 agat
871 1506 924 1569 hic
953 1507 1193 1589 exploratorem,
1207 1501 1298 1565 dom]

96 1617 200 1690 spreta
222 1617 331 1673 tamen
356 1612 453 1694 Lege,
477 1632 534 1693 per
556 1611 604 1673 fas
627 1610 781 1692 nefasque
804 1609 869 1672 huc
892 1630 925 1672 se
948 1610 1055 1672 insert.
1102 1611 1196 1673 Sacri

95 1712 219 1775 ordines
234 1713 279 1775 od
290 1715 468 1796 relipionem
483 1715 663 1795 pertinent:
688 1713 728 1777 ob
751 1734 858 1776 sacros
879 1713 1012 1775 Ordines
1025 1734 1091 1776 non
1111 1714 1197 1795 plec-

94 1822 218 1879 tuntur.
279 1818 450 1900 Religionis
478 1817 685 1900 procurandae
716 1838 819 1895 causa,
849 1817 1010 1899 ingressus
1040 1816 1103 1879 illis
1129 1838 1194 1880 non

95 1916 314 1982 interdicitur:
338 1921 394 1983 sed
416 1920 590 1982 rebellionis
607 1919 737 1983 ciendae.
782 1920 904 2002 Relipio
927 1920 1094 1984 rebellioni
1115 1941 1195 2002 prse-

95 2021 224 2085 tcxitur.
270 2024 337 2086 Lex
352 2023 441 2085 nulla
455 2023 489 2084 in
503 2024 682 2104 religionem
695 2022 806 2100 fertur,
828 2022 884 2084 scd
900 2021 935 2083 in
951 2021 993 2099 id,
1010 2022 1063 2084 cui
1085 2022 1195 2104 religio

94 2125 262 2205 praetextui
277 2132 345 2203 est,
369 2125 403 2187 id
418 2132 526 2188 autem
541 2133 598 2203 est,
613 2125 807 2207 pertentatio
822 2123 1011 2202 animorum,
1034 2124 1196 2188 subversio

96 2226 261 2291 domorum
279 2229 315 2291 iu
330 2250 417 2312 quus,
433 2249 639 2311 personarum
654 2250 673 2290 a
688 2226 813 2311 quibus,
828 2227 1034 2308 recipiuntur.
1080 2227 1196 2309 Neque

86 2330 217 2410 jubetur
231 2332 370 2394 vcs'trum
386 2331 456 2414 quis
476 2332 514 2393 dc
529 2333 676 2394 Primotn
690 2331 796 2413 Repio.
803 2331 1017 2411 juramentum
1031 2331 1195 2412 suscipere,

100 2433 190 2514 (adeo
209 2456 275 2498 non
291 2434 418 2497 saevitur
432 2434 467 2497 in
477 2435 607 2514 vestros)
628 2433 683 2498 sed
700 2454 760 2497 nec
776 2433 815 2496 de
830 2453 890 2494 non
906 2432 1046 2494 cnrondo
1060 2432 1197 2495 Eecom-

94 2539 300 2600 monicotione
315 2536 480 2617 Pontificio
494 2538 553 2599 sui.
602 2537 725 2614 Onrent,
742 2535 797 2617 qui
819 2534 926 2598 volent
946 2534 1044 2611 illam,
1061 2533 1117 2597 sed
1130 2556 1197 2597 una

94 2646 202 2703 curent
225 2641 366 2704 officium
390 2661 483 2702 suum
509 2640 544 2702 in
568 2640 701 2722 Regem,
726 2659 762 2700 ac
783 2638 888 2720 Regni
913 2637 1206 2701 communitatem:¹

94 2742 182 2804 illam
206 2743 241 2805 in
258 2743 362 2806 Sacris
383 2749 499 2820 curent,
516 2742 641 2806 dumet
663 2742 746 2804 hanc
767 2741 802 2802 in
818 2739 983 2803 Civilibus.
1028 2739 1153 2822 Neque,
1169 2741 1196 2803 si

93 2846 368 2908 excommunicare
382 2845 480 2909 libeat
496 2845 655 2922 Pontifici,
672 2843 732 2907 sibi
746 2843 842 2906 licere
856 2851 971 2926 putent
986 2864 1005 2905 a
1019 2843 1081 2906 fide
1096 2843 1197 2907 disce-

95 2947 178 3026 dere,
194 2949 244 3013 vcl
259 2951 381 3033 Regem
396 2949 513 3012 habere
534 2970 673 3032 pronon
689 2948 788 3029 Rege.
836 2946 940 3008 Sacrae
964 2946 1197 3010 communionis
1227 2975 1229 2978 ·

93 3052 187 3114 solvit
202 3052 294 3130 forte,
316 3054 387 3135 (nec
409 3052 444 3114 id
464 3071 691 3135 usquequaque
706 3049 826 3128 tamen)
846 3056 979 3126 naturae,
995 3049 1045 3112 vel
1066 3049 1195 3131 politiae,

93 3153 220 3217 vinnula
234 3176 301 3219 non
320 3155 413 3219 solvit
432 3156 583 3218 Oeneum.
629 3154 739 3215 Potest
762 3150 878 3233 (credo)
905 3151 1077 3213 consistere
1101 3152 1197 3215 sacris

94 3257 199 3320 cultus
214 3265 247 3321 et
270 3278 345 3320 curo
366 3279 432 3334 suu,
456 3257 575 3339 absque
589 3255 666 3318 fidei
680 3255 780 3317 civilis
795 3253 928 3330 incuria,
945 3252 1027 3317 addo
1042 3262 1149 3317 autem
1165 3262 1197 3317 et

94 3358 220 3441 injuria.

129 3512 222 3561 Parum
234 3549 240 3561 .
253 3548 260 3562 .
273 3549 279 3561 .
292 3512 368 3562 refert
381 3511 414 3562 sd
430 3512 590 3574 martyrium,
602 3515 687 3560 utrum
699 3512 756 3573 quis
767 3509 896 3559 occidatur
906 3509 966 3572 quia
983 3506 1142 3558 Christianus
1154 3508 1197 3558 Ca

159 3593 269 3643 tholicus
280 3598 326 3653 est,
340 3608 373 3643 sn
386 3594 445 3657 quia
455 3593 539 3656 legem
554 3597 724 3655 transgressus
738 3596 784 3652 est,
795 3606 852 3655 quse
861 3591 936 3654 jubst
946 3590 1024 3640 fidem
1040 3589 1197 3641 Catholiosm

156 3674 277 3737 objurare
311 3674 379 3724 Nam
397 3674 563 3739 Imperatores
580 3673 676 3736 Psgani
693 3672 784 3722 lidicts
812 3671 996 3735 proponebant,
1008 3685 1041 3720 ns
1057 3671 1098 3720 eui
1110 3671 1198 3720 liceret

159 3756 288 3806 Christum
308 3757 389 3806 Deum
408 3754 638 3820 confiteri-[Bell
650 3755 725 3818 Apol.
736 3769 782 3818 pro
794 3752 878 3817 Resp]
889 3768 914 3817 p.
925 3755 980 3803 180.
1000 3751 1067 3817 [Op.,
1078 3757 1140 3802 tom.
1152 3752 1196 3801 vii.

159 3838 205 3887 col.
219 3840 273 3887 8⁰5.
285 3837 312 3887 C.
325 3836 367 3901 D.]

136 3956 236 4019 Aliud
256 3977 331 4019 vero
350 3956 455 4038 longe,
475 3955 594 4018 Edicto
610 3975 793 4036 proponere,
808 3975 846 4016 ne
861 3955 911 4017 cui
929 3955 1022 4016 liceat
1040 3954 1195 4016 Christum
1208 3970 1290 4034 [Quod

94 4058 243 4138 confiteri,
260 4080 355 4141 quam
371 4080 408 4122 ne
426 4060 485 4137 cui,
502 4060 600 4121 bostis
619 4059 671 4120 otc
692 4078 757 4120 rem
777 4078 878 4140 opere,
896 4078 937 4120 ne
955 4056 1026 4139 quis
1049 4056 1089 4118 ad
1110 4056 1195 4119 illius
1207 4033 1347 4160 imam

93 4170 198 4244 partes
227 4183 398 4225 numerum
430 4182 613 4244 aggregare.
672 4159 795 4228 Quodsi
829 4167 897 4223 tam
933 4159 1028 4224 infidi
1060 4157 1195 4221 fuissent

95 4265 236 4344 Papanis
250 4265 493 4345 imperatoribus
510 4264 691 4341 Christiani,
708 4284 804 4345 quam
815 4269 934 4325 vestros
948 4261 1095 4324 homines
1115 4281 1196 4342 saepe

91 4366 159 4447 jam
183 4367 352 4429 Britannia
372 4375 490 4444 nostra,
510 4387 576 4429 non
591 4365 660 4427 sine
682 4365 823 4447 periculo
845 4385 912 4441 suo,
928 4370 1058 4445 experts
1079 4370 1127 4425 est
1137 4389 1146 4439 3
1169 4363 1197 4425 si

96 4466 280 4531 Albinianis
302 4469 463 4546 favissent,
483 4469 533 4531 vel
548 4467 726 4549 Nigrianis,
742 4466 808 4531 imo
831 4467 858 4529 si
879 4465 1072 4529 Albinianos
1092 4465 1196 4546 dedis·
