2910 4926
255 254 317 316 108
566 268 610 315 111
632 265 821 315 clamanus
843 264 1042 312 nimiarum

286 421 374 472 Altero
386 422 495 486 proprio,
503 421 599 472 ratione
611 421 701 471 directi
712 420 828 477 dominii,
837 419 903 482 quod
915 420 942 469 iu
951 419 1065 482 Regnum
1074 420 1175 482 Angllae
1186 425 1212 468 et
1220 418 1352 470 Hiberniae

318 505 430 556 immonn
447 506 524 556 habet
540 504 658 566 Ecclesia,
670 505 778 554 testibus
789 503 886 553 duobus
897 504 966 553 omni
978 504 1125 567 exceptione
1136 504 1273 567 majoribus
1285 504 1352 554 Hen-

318 587 369 636 rico
381 587 423 648 11,
436 592 461 636 et
471 587 569 637 Joauno
580 585 806 650 Regibus—[Bell.
819 584 893 648 Apol.
904 599 950 649 pro
962 584 1049 649 Resp]
1067 601 1091 649 p.
1101 586 1140 634 29.
1159 584 1224 650 [Op.‚
1236 590 1297 637 torn.
1308 588 1350 636 vii.

317 668 363 718 col.
376 668 430 720 121.
443 668 484 732 1.]

90 765 180 841 [neque
297 751 421 817 Quodsi
442 773 508 815 non
531 771 569 814 ex
590 750 743 813 indirecta
761 754 918 830 potestate
939 750 1108 830 spirituali,
1125 749 1230 813 adhuc
1244 750 1352 814 minus

85 830 239 892 Jumdirocti

88 894 216 960 dominii]

252 874 290 918 ex
306 855 424 918 directa
440 855 584 934 dominio,
601 854 641 917 de
656 875 719 938 quo
734 874 924 937 responsum
946 853 1016 936 jam
1038 853 1160 937 accepit
1174 853 1209 916 in
1223 855 1322 917 Torto
1332 855 1350 916 l.

251 960 413 1022 Directam
435 956 545 1022 autem
566 979 632 1021 non
652 957 770 1037 minus,
787 978 862 1021 cum
876 957 954 1034 vult,
972 957 1140 1020 dominium
1161 957 1268 1036 habet,
1285 979 1352 1022 uon

250 1060 286 1123 in
302 1061 454 1144 Angliam
468 1059 564 1124 modo
580 1067 612 1123 et
629 1058 830 1139 Hiberniam,
847 1059 903 1123 sed
918 1065 951 1123 et
966 1059 1001 1122 in
1017 1059 1166 1140 Galliam,
1183 1067 1216 1124 et
1232 1060 1351 1144 Hispa-

250 1164 348 1240 niam,
368 1163 516 1247 denique,
538 1162 692 1247 quicquid
715 1170 763 1225 est
786 1182 922 1245 usquam
947 1163 1133 1245 Regnorum
1153 1163 1188 1226 in
1211 1165 1349 1248 Europa,

251 1266 335 1330 cadit
355 1267 390 1330 in
409 1266 518 1330 omnia
540 1266 708 1329 (taminiam
730 1265 800 1348 ejus
820 1265 865 1327 art
880 1266 1144 1347 perpendiculum.
1192 1267 1351 1330 Steuchus

249 1377 375 1461 pridem
382 1386 407 1456 ¹¹,
424 1378 535 1441 Marta
549 1376 682 1456 dudum,
697 1376 859 1441 recensuit
869 1387 892 1440 ¹.
934 1377 1054 1441 Sinunt
1069 1400 1143 1442 vero
1157 1379 1223 1442 frui
1238 1380 1349 1443 Ponti-

249 1482 343 1545 ficem
358 1481 522 1566 Principes
542 1483 599 1545 trac
618 1484 840 1564 phantasmate
854 1502 929 1545 suo:
953 1503 1064 1545 verum
1080 1483 1206 1546 directii
1221 1483 1351 1546 dominii

250 1586 376 1670 signum
401 1585 546 1663 nullum,
573 1586 703 1648 Directo
723 1584 800 1647 huie
822 1585 954 1647 Domino
976 1583 1163 1648 fidelitatem
1184 1606 1279 1649 nemo
1302 1586 1349 1648 di-

248 1694 366 1752 rectam
389 1694 530 1771 praestat,
556 1686 744 1770 homagium
766 1687 917 1749 directam
941 1709 1006 1750 non
1030 1687 1116 1751 ullus
1139 1690 1348 1771 recognoscit,

248 1792 386 1874 vectigal
402 1792 554 1855 directam
571 1791 659 1854 haud
682 1791 850 1874 quisquam
866 1797 1024 1870 numerat,
1041 1812 1106 1855 non
1121 1791 1222 1875 magis
1237 1793 1349 1856 Ponti-

248 1894 301 1958 fici
325 1915 401 1957 sane
424 1915 519 1977 quam
542 1892 677 1958 Doctori
700 1895 828 1957 Martae.
876 1893 963 1957 Nam
987 1893 1084 1976 (quod
1107 1916 1202 1977 supra
1224 1897 1346 1977 monui)

250 1999 413 2062 Henrieus
438 2006 538 2081 pater,
565 2004 599 2062 et
626 1999 769 2062 loannes
795 1997 890 2074 filius,
917 1997 962 2060 sio
989 1997 1111 2082 accepti
1140 1999 1348 2076 aPontifice,

139 2106 142 2110 ’
245 2103 299 2185 jus
322 2101 376 2165 hic
401 2101 544 2165 Testium
570 2122 638 2164 non
662 2100 808 2165 habent:
845 2100 926 2163 alter
953 2101 1066 2182 plagas
1092 2100 1132 2165 ab
1158 2121 1195 2164 eo
1219 2123 1346 2184 passus:

251 2205 332 2268 alter
342 2205 472 2287 plagam
486 2203 588 2287 plagis
603 2203 681 2286 ipsis
695 2204 792 2286 longe
806 2202 992 2286 graviorem.

280 2323 429 2385 Quanquam
440 2323 494 2372 haec
505 2323 626 2386 subjectio
638 2322 718 2373 multo
729 2326 768 2372 est
778 2322 913 2386 antiquior,
925 2323 946 2372 si
959 2322 1082 2388 Polydoro
1090 2322 1204 2386 Vergilio
1214 2323 1346 2374 credimus.

313 2404 408 2453 Scribit
424 2404 493 2453 enim
509 2404 566 2453 libr.
580 2405 611 2452 iv.
631 2403 698 2454 Hist.
716 2404 794 2467 Angl
812 2403 884 2453 lnam
902 2403 997 2467 Regem
1013 2403 1089 2456 fuisso
1105 2407 1223 2469 primum,
1238 2406 1282 2469 qni
1294 2421 1347 2468 reg·

313 2499 375 2533 uum
384 2484 487 2547 Anglioe
499 2499 597 2534 summo
605 2484 722 2534 Pontifici
735 2485 896 2535 tributarium
908 2484 992 2536 recita
1001 2523 1006 2534 .
1014 2522 1033 2535 ..
1045 2484 1115 2536 Idem
1127 2487 1212 2549 postea
1222 2486 1346 2536 tributum

313 2565 489 2614 confirmatum
500 2601 507 2614 .
519 2601 525 2614 .
539 2601 544 2613 .
556 2565 588 2614 ab
601 2565 681 2626 Offa¹‚
694 2603 699 2615 .
712 2602 718 2614 .
730 2603 736 2615 .
748 2564 887 2629 Atnlphoe
900 2571 974 2616 ...et
983 2602 989 2616 .
999 2602 1005 2615 .
1015 2565 1261 2632 ,Canulei-[Bell.
1272 2568 1346 2632 Apol.

313 2661 358 2711 pro
371 2646 457 2710 Resp]
476 2662 499 2710 p.
511 2649 549 2696 29.
569 2646 637 2709 [0p.,
655 2648 770 2696 tamaii.
787 2648 833 2697 eol.
846 2648 944 2699 1211.
958 2648 997 2713 Β.]

85 2759 176 2823 [nequo
292 2738 347 2816 At,
371 2758 444 2800 cum
468 2738 612 2801 Blesensi
637 2737 759 2801 diffisus
784 2737 825 2800 ad
851 2737 1046 2822 Polydorum
1072 2761 1105 2803 so
1127 2739 1248 2822 recipit,
1264 2738 1347 2802 ludi·

85 2829 234 2938 {lffifm
247 2839 355 2904 brium
384 2840 533 2905 omnibus
563 2842 669 2919 debet,
697 2842 752 2925 qui
782 2841 901 2905 nostris
931 2842 965 2904 in
995 2843 1091 2906 rebus
1116 2843 1232 2906 versati
1259 2851 1344 2907 sunt.

84 2952 221 3015 riosPapae
250 2944 411 3007 Tribatam
434 2945 521 3008 enim
542 2946 613 3009 Iuae
636 2945 727 3024 illud,
744 2947 933 3027 eleemosyna
956 2966 1053 3008 mera.
1100 2944 1213 3010 Voluit
1235 2946 1346 3011 domos

84 3017 211 3147 {¹52¹}ssss
247 3046 281 3110 in
319 3048 432 3132 Regno
469 3069 526 3111 suo
563 3048 705 3131 singulas
739 3050 877 3130 simpectas
906 3048 1051 3111 denarios
1088 3049 1226 3131 pendere
1256 3050 1346 3132 stipis

245 3151 396 3214 nomine:
425 3151 586 3233 (denarius
609 3151 706 3230 enim,
723 3150 825 3230 nobis,
843 3151 952 3234 stipes)
972 3151 1047 3213 inde
1069 3159 1107 3214 ut
1129 3151 1243 3215 melius
1263 3153 1346 3214 Hos-

239 3255 336 3335 pituli
352 3255 456 3317 Roaue
478 3255 602 3318 consuli
624 3262 740 3338 posset,
758 3276 821 3337 quo
844 3254 946 3338 excipi
969 3253 1114 3317 solebant
1133 3255 1293 3338 Pauperes
1308 3278 1346 3319 ex

244 3357 363 3440 Angliu
386 3358 555 3441 peregrini.
602 3358 674 3422 Nee
696 3357 757 3420 alio
781 3357 942 3441 pensionis
964 3358 1056 3421 ratio.
1103 3357 1157 3420 Ad
1177 3357 1264 3422 idem
1292 3380 1346 3422 ex-

245 3459 396 3543 emplum,
413 3462 560 3523 denarius
582 3470 655 3545 post
680 3460 836 3537 decretus,
860 3460 894 3522 in
918 3460 1059 3523 caminos
1083 3459 1234 3542 singulos,
1251 3482 1346 3542 quem

239 3585 301 3645 pro
316 3565 395 3647 stipe
409 3565 567 3629 haberent
590 3572 725 3648 quatuor
745 3564 877 3626 Ordines
893 3565 1162 3637 Mendicantiam;
1186 3564 1345 3646 quadran-

246 3675 313 3731 tem
342 3668 479 3750 singuli:
522 3669 673 3732 Etiamne
703 3669 850 3730 deaarius
880 3667 935 3730 illo
965 3668 1113 3730 tributam
1143 3689 1277 3750 quoque,
1308 3676 1345 3731 ut

245 3771 372 3852 Angliae
399 3772 549 3854 Regnum
581 3771 773 3835 Fraterculis
803 3771 877 3834 exin
907 3772 1133 3835 tributariam?
1176 3771 1253 3835 Non
1284 3773 1346 3835 aliu

245 3895 318 3936 vcro
349 3874 471 3936 1111111111
507 3874 615 3958 hujus,
646 3897 742 3957 quam
777 3874 873 3953 illius,
904 3875 995 3938 ratio.
1043 3875 1228 3956 Pontificius
1257 3877 1344 3939 enim

277 4006 285 4034 ⁸
303 4001 494 4066 [videremur.
508 4003 587 4065 Torti,
599 4020 624 4068 p.
634 4006 689 4055 258.
702 4003 770 4054 Edit
816 4006 860 4055 lib.
873 4007 905 4055 ir.
923 4022 947 4069 p.
960 4006 1010 4070 86.]

245 4068 336 4130 nostr]
848 4070 928 4135 ¹[De
949 4071 1041 4121 Donat
1065 4072 1128 4123 Offae
1151 4071 1208 4122 vide
1226 4072 1344 4133 Wilkins,

277 4141 289 4163 ¹¹
306 4132 424 4197 [August.
442 4132 542 4183 St-ouch.
562 4133 661 4196 Eugub.
684 4139 772 4185 cont-ra
816 4134 890 4185 (tone.
909 4140 969 4185 tom.
982 4137 999 4185 i.
1016 4151 1058 4200 pp.
1072 4139 1126 4188 155.
1139 4137 1209 4201 151]

245 4197 346 4247 Vallem
374 4197 406 4248 de
433 4198 524 4249 moal.
554 4199 685 4249 Constant.
714 4199 771 4264 Op,
847 4200 1344 4266 ·[511111111111115.1111111111,

244 4267 306 4312 tom.
319 4264 356 4311 iii.
367 4277 409 4326 pp.
422 4264 541 4315 236-239.
555 4263 645 4314 Venet
659 4263 740 4327 1591]
816 4265 890 4315 Cone.
908 4270 968 4315 tom
981 4267 998 4314 i.
1017 4281 1040 4329 p.
1055 4267 1119 4332 185]

276 4335 288 4358 ¹
305 4327 398 4391 [Marta
411 4327 442 4378 do
452 4328 547 4379 lurisd.
565 4343 616 4393 por.
630 4329 646 4378 i.
665 4344 718 4394 cap.
731 4331 770 4378 26.
848 4328 859 4360 l
878 4329 959 4394 [Vide
976 4330 997 4378 E
1017 4331 1056 4380 ist.
1079 4331 1169 4382 canuti
1189 4332 1221 4381 od
1240 4333 1342 4381 Archie-

244 4406 287 4496 pp}
300 4393 487 4522 1111111101ῑά
513 4458 582 4523 Verg
612 4458 671 4522 Aug
702 4458 762 4509 Ilist
815 4347 1340 4524 iiiii‘itc'pAtntlleiff’mdWilkins'conc¹
