2910 4926
451 290 634 340 reonoonu
655 290 837 340 nassonem.
1003 350 1013 371 ι
1135 282 1200 345 459

97 441 186 521 dixit,
209 451 247 506 ut
269 443 466 506 haecomnia
484 443 567 507 nihil
588 445 658 527 jum
680 443 721 506 ad
745 443 938 508 rtsornlaw.
986 446 1054 525 Sin,
1073 468 1112 511 eo
1129 448 1199 512 haec

96 545 229 608 adduxit
251 546 438 624 Cardinaiis,
453 554 492 609 ut
511 547 669 609 adeandos
690 547 875 612 Sacerdotes
894 546 1015 627 doceat,
1031 570 1136 612 eoram
1159 550 1198 613 ab

97 668 150 710 ore
170 649 265 730 lepem
287 650 525 730 requirendam:
549 650 698 715 dedentes
714 670 807 730 saper
829 651 1017 714 Calledram
1031 652 1134 715 Masis
1150 655 1200 716 oet

96 752 275 815 Pharisaeos
303 753 493 815 audiendos:
529 752 706 816 Ecclesiam
734 754 784 815 vel
814 774 834 815 a
864 755 960 817 Petro
990 755 1197 819 audiendam:

96 875 115 916 a
138 855 236 918 Petro
263 855 307 937 (et
330 877 408 939 quos
432 877 506 918 eum
521 857 618 919 Petro
633 856 719 918 dedit
737 853 912 941 pastores)
931 877 1001 920 oves
1024 856 1060 920 iu
1081 880 1199 941 pascua

96 959 288 1022 mittendas:
312 960 382 1042 quis
408 959 525 1022 horum
547 959 617 1042 jam
643 960 813 1042 quicquam
836 961 957 1042 negat?
995 961 1104 1025 Faciet
1128 962 1198 1026 haee

96 1062 205 1125 omnia
225 1064 304 1139 Rex,
319 1083 381 1127 neo
402 1062 540 1126 invitus:
563 1061 620 1125 ubi
642 1070 753 1126 tamen
774 1062 843 1126 haec
864 1062 973 1126 omnia
986 1063 1106 1142 fecerit,
1124 1086 1198 1128 cum

96 1166 131 1227 in
146 1166 407 1244 Deuteronomio,
424 1167 528 1229 dicem
539 1165 717 1250 jubeantur
731 1165 925 1245 Sacerdotes,
936 1173 969 1229 et
984 1167 1198 1247 docerejaata

94 1268 208 1349 Lepent
222 1271 294 1346 Dei,
310 1270 396 1352 leget
411 1271 571 1350 eremptar
586 1290 679 1332 suum
692 1270 770 1348 Rex,
788 1269 886 1351 (quod
900 1269 960 1334 sibi
975 1271 1151 1352 desaipsit,
1162 1278 1197 1335 ut

95 1392 198 1434 secam
217 1373 371 1453 labeot⁰,)
388 1381 426 1434 ut
447 1372 535 1449 sciat,
552 1393 594 1435 au
609 1393 648 1435 ex
663 1393 701 1435 ea
715 1371 939 1455 respondeant.
984 1373 1012 1436 E
1036 1373 1199 1438 Malachia

97 1474 174 1536 sciet
194 1475 298 1555 (versu
318 1474 364 1537 ibi
381 1474 571 1557 proximor),
588 1494 608 1535 a
623 1474 732 1555 pean
751 1475 909 1555 requirere
927 1474 1060 1557 jubetur
1073 1476 1195 1558 Legem,

95 1598 149 1640 eos
175 1577 340 1641 interdum
368 1579 513 1642 recedere
538 1579 577 1641 de
601 1581 662 1656 ria,
688 1585 719 1641 et
747 1579 965 1642 scandalizare
980 1580 1135 1660 plurimos
1164 1581 1198 1643 in

95 1680 197 1762 Lepe:
222 1702 328 1762 quare,
345 1690 487 1745 recurret
510 1681 616 1744 denuo
632 1681 673 1744 ad
688 1682 850 1765 exemplar
872 1703 976 1746 suum.
1021 1685 1053 1746 A
1067 1682 1197 1747 Christo

84 1790 204 1862 aptam
219 1782 329 1862 discet,
345 1791 383 1846 ut
403 1784 582 1847 Pharisaeos
596 1805 613 1846 e
631 1784 788 1846 Catltedro
808 1785 950 1848 docemes
970 1785 1089 1864 aadire,
1104 1784 1160 1864 ita,
1177 1807 1197 1848 a

96 1886 326 1948 Ploriseorum
332 1885 490 1968 fermento
496 1900 520 1965 q,
532 1887 566 1949 id
581 1895 640 1964 est,
657 1887 804 1951 doctrina
817 1888 924 1970 aliqua
938 1909 1057 1953 cavere.
1088 1889 1196 1951 Etiam

94 1988 246 2051 Pastores
267 1989 406 2072 reliquos
431 1989 475 2052 sic
498 1990 615 2069 audiet,
636 1997 674 2053 ut
697 1991 878 2054 eonsidtum
900 1991 961 2054 sibi
983 1999 1076 2075 putet
1095 1990 1198 2077 (quod

96 2092 283 2156 Beroeenses
304 2093 416 2157 iecisse
439 2093 526 2157 videt
546 2095 630 2157 viros
652 2095 780 2178 nodas)
799 2096 938 2159 aaaron
957 2096 1150 2176 Scripturas,
1167 2097 1197 2157 si

93 2197 158 2258 lac
179 2199 227 2258 ito
243 2217 277 2259 se
291 2198 454 2262 labeant¹.
501 2198 626 2261 Pascua
647 2206 745 2282 petet,
760 2219 821 2263 nec
840 2198 901 2262 sibi
917 2200 1034 2261 Pastor
1053 2199 1123 2277 erit,
1140 2199 1197 2263 sed

95 2301 157 2364 sibi
182 2308 292 2364 tamen
318 2301 483 2385 gustabit:
517 2301 601 2364 etsi
631 2322 775 2364 amarum
800 2301 963 2385 pabulum,
987 2310 1020 2365 et
1044 2302 1195 2381 noxium3

15 2468 19 2475 ⁴
94 2406 244 2487 gustabit,
268 2414 306 2469 ut
332 2405 480 2470 Christus
510 2413 656 2481 aoetum3
689 2404 774 2488 quod
799 2425 873 2468 oum
899 2413 1066 2488 gustasset,
1089 2405 1194 2469 noluit

95 2508 210 2573 bibere.

127 2626 261 2691 Apostolos
279 2642 377 2690 quoque
399 2631 425 2677 et
443 2626 581 2691 Prophetas
603 2626 719 2676 hominos
735 2625 864 2686 tantast
885 2629 972 2676 tamen
991 2626 1028 2677 ais
1049 2630 1106 2677 tuto
1123 2627 1192 2678 cradi
1248 2623 1312 2685 333

159 2709 277 2772 potuisse,
289 2709 408 2772 quoniam
419 2722 471 2758 non
482 2713 536 2757 arat
547 2707 657 2758 mendax
669 2707 788 2771 Spiritus,
800 2708 845 2771 qui
862 2707 1012 2771 loquebatur
1027 2708 1056 2757 in
1072 2709 1117 2758 sis.
1150 2708 1193 2759 Sic

160 2790 311 2839 ..Consilia
326 2790 441 2851 legitima
460 2793 620 2852 congregata,
639 2788 727 2839 Patres
743 2788 859 2838 unanimi
879 2804 1001 2839 consensu
1020 2789 1193 2853 praedicantes,

160 2871 266 2935 Pupaiu
278 2871 403 2922 caumes
422 2907 428 2921 .
446 2907 453 2922 .
470 2870 677 2936 sedena—[Ball.
688 2871 763 2937 Apol.
774 2887 821 2937 pro
831 2871 917 2937 Resp]
936 2886 961 2937 p.
973 2873 1028 2947 188.
1047 2872 1113 2937 [Op.,
1131 2877 1192 2924 tom.

159 2954 203 3004 rii.
221 2953 268 3004 col.
282 2955 336 3002 816.
350 2951 390 3016 Β.]

114 3125 117 3130 ,
137 3054 286 3116 Necdum
301 3052 375 3116 finis
392 3059 520 3116 tamen:
544 3050 602 3114 sed
623 3049 752 3114 facessit
774 3049 837 3114 sibi
857 3051 1025 3134 negotium
1046 3052 1142 3131 ultro,
1161 3059 1193 3115 et
1206 3064 1333 3130 [Apostoli

94 3157 156 3218 olio
181 3158 361 3220 charactere
386 3153 483 3218 verba
505 3153 597 3237 ponit
621 3152 713 3235 quasi
737 3152 846 3235 Regis,
870 3174 940 3236 quae
965 3139 1094 3232 refirtet,
1122 3130 1356 3257 quaegfficon·

94 3258 178 3340 apud
202 3259 324 3340 Regem
343 3256 435 3319 nulla
456 3265 542 3318 sunt.
592 3255 741 3332 Concilio,
767 3256 892 3332 Patres,
915 3256 1033 3335 Papus,
1057 3257 1302 3319 noninsciliaa

94 3382 168 3438 esse,
195 3370 227 3424 et
253 3359 431 3441 (secandam
454 3358 626 3438 Scriptura
647 3357 866 3438 testimoniam)
890 3357 1051 3419 mendaces
1061 3366 1082 3420 ⁸.
1131 3359 1194 3421 Sed
1206 3323 1335 3454 imp]

94 3464 169 3546 quid
186 3463 303 3546 regerit
317 3462 450 3525 tamen?
481 3461 591 3523 Etiam
605 3460 782 3541 Apostolos,
798 3460 892 3522 etiam
909 3461 1081 3540 prophetas
1095 3462 1193 3523 lomi·

93 3588 147 3629 nes
161 3564 274 3647 faisse.
319 3565 414 3629 Certe
440 3564 585 3626 lanima.
631 3563 754 3625 Verum
776 3562 839 3639 hic,
864 3562 980 3624 lamini
1004 3564 1091 3625 tomo
1119 3563 1195 3644 qaid

86 3675 220 3751 prestat
230 3662 264 3731 ²?
299 3668 418 3731 Latum
435 3667 521 3730 enim
537 3665 591 3729 hic
607 3664 726 3748 (credo)
742 3665 913 3729 discrimen
928 3672 1036 3748 ponet,
1052 3665 1088 3728 in
1102 3687 1193 3729 meu-

92 3795 166 3837 sura
180 3772 319 3857 spiritus,
336 3771 370 3833 in
393 3769 576 3834 conditione
596 3768 848 3851 infallibilitotis.
893 3768 1033 3832 Possunt
1051 3769 1191 3834 Concilio

92 3876 278 3960 congregari
307 3896 368 3936 non
394 3874 548 3954 tepitirne:
587 3881 721 3956 possunt
750 3872 932 3954 oonprepari
962 3872 1105 3952 lepitime,
1130 3895 1190 3938 nee

92 3982 226 4063 lepitime
255 3988 364 4041 tamen
390 3976 566 4057 procedere.
612 3975 750 4039 Possunt
773 3976 950 4057 predicare
979 3976 1100 4056 Patres,
1130 3998 1190 4041 nee

92 4102 239 4144 consensa
254 4080 290 4142 id
303 4079 453 4141 unanimi.
498 4076 667 4159 [llepitima
681 4097 915 4159 nonnunquam
930 4076 1083 4155 Concilio,
1099 4078 1191 4139 matt-

92 4187 209 4246 animes
234 4182 398 4245 interdum
425 4181 555 4244 Patres:
595 4180 712 4256 Quare,
735 4178 934 4243 conditiones
961 4178 1014 4241 hic
1041 4179 1191 4243 adhibeat

125 4319 135 4341 ¹¹
168 4308 231 4358 Vide
242 4308 299 4357 Juv.
311 4306 364 4358 sac.
375 4307 408 4355 iv.
422 4307 477 4355 119.
490 4303 558 4368 lea]
699 4305 905 4354 'Act.xvii.ll.

124 4384 135 4407 ⁰
170 4370 430 4450 Deutfl..xvii.17.lt.]
472 4365 480 4377 “
699 4369 857 4432 ·[Ps.e1vi.
871 4368 1052 4483 (abcxuplll

123 4438 222 4504 ¹'litai
236 4437 273 4500 n]
284 4452 334 4486 rer.
348 4439 370 4487 8.
699 4432 963 4497 ¹[Tsreut.Eunueb.
991 4434 1011 4484 i.
1024 4435 1092 4498 2.1.]

123 4511 133 4539 ‘¹
150 4504 213 4553 blot.
224 4503 274 4551 xvi.
288 4503 325 4550 12.
