2910 4926
263 274 329 338 382
578 289 621 337 ln
643 288 833 337 ouauruffls
854 288 1052 337 numerurm

101 456 179 523 [Quid
189 472 235 522 per
310 446 375 511 Sed
394 447 476 511 eiua
493 446 538 509 ud
556 423 788 510 Antichrielum
813 446 924 528 Equue
940 445 1093 527 pallidae.
1139 446 1224 508 Num
1247 447 1369 527 eupoai·

101 586 122 637 li
134 522 255 651 iffi*
265 558 348 616 turea
362 572 399 615 eu
418 557 494 633 poet
509 550 553 613 ud
565 551 797 614 Antichristum
815 549 964 631 referunt,
981 570 1047 632 qaue
1061 551 1096 612 iu
1111 551 1270 632 apertione
1285 551 1370 613 acuti

266 655 373 737 sigilli
396 659 579 717 narrantur.
626 652 690 716 Sed
715 674 822 737 neque
844 652 985 735 referunt
1014 673 1126 717 omuee.
1176 653 1255 717 Non
1280 652 1369 716 enim

264 756 455 822 Ambrosius
478 755 518 820 de
541 755 693 839 antiquis,
708 777 776 820 non
797 756 937 820 Arethaa
960 755 1001 820 de
1020 755 1144 832 mediis,
1167 776 1234 819 non
1249 755 1368 838 Viegaa

265 860 306 924 de
320 860 460 944 nuperis.
504 859 695 925 Ambrosius
715 859 755 923 de
775 860 896 923 excidio
915 858 1241 942 Hierosolymitanon.
1286 860 1368 923 Are-

264 964 338 1027 thaa
358 963 398 1027 de
417 963 563 1048 passione
582 962 703 1027 Christi
720 962 901 1045 intelligite
946 962 1065 1044 Viegaa
1087 961 1127 1024 de
1147 960 1369 1044 persecutione

266 1066 489 1131 Diocletiano.
533 1067 627 1144 Tum,
644 1065 699 1149 qui
712 1064 866 1143 referunt,
881 1064 990 1128 minua
1010 1064 1045 1128 id
1060 1071 1144 1148 apte.
1188 1065 1262 1128 Nee
1281 1065 1368 1128 enim

264 1168 312 1234 ibi
334 1169 384 1233 vel
406 1170 516 1251 Equue
539 1176 670 1252 apparet
693 1169 745 1232 vel
774 1169 893 1245 Seeeor,
918 1168 974 1251 qui
1002 1167 1134 1250 reliquis
1158 1167 1368 1250 respondeat3

264 1293 333 1337 non
354 1273 505 1337 Pereonae
526 1293 663 1356 usquam
679 1271 813 1349 mentio,
827 1272 879 1335 vel
901 1271 1021 1347 Statue,
1037 1292 1104 1335 non
1124 1271 1367 1350 Pereeuutiouie,

263 1375 315 1441 rel
338 1376 463 1453 ultime,
486 1375 537 1439 vel
561 1374 676 1438 ullius:
706 1379 836 1438 tantum
859 1380 951 1437 terre
974 1380 1074 1437 mutue
1095 1374 1142 1438 ibi
1163 1373 1299 1452 videtur,
1322 1376 1372 1437 eol

263 1480 456 1562 deniprutue,
487 1480 562 1542 luuu
590 1479 625 1541 iu
653 1479 834 1561 euupuiuem
861 1499 961 1557 euru,
991 1480 1088 1542 atelle
1117 1479 1191 1542 σοῖο
1222 1479 1367 1558 lubentes,

263 1583 373 1646 eoelum
387 1581 570 1659 obuolutum,
585 1581 727 1644 ultimum
742 1580 1043 1664 deniquejudice'um
1051 1608 1062 1654 ;
1085 1581 1280 1645 Antichriati
1293 1602 1369 1645 vero

263 1685 436 1768 vestigium
454 1683 541 1748 haud
560 1684 675 1748 ullum.
720 1684 804 1747 'lum
826 1683 965 1767 denique
984 1684 1012 1747 ai
1029 1685 1113 1768 (quae
1132 1685 1223 1747 nulla
1240 1683 1288 1748 ibi
1302 1685 1364 1766 eat)

263 1808 332 1852 non
357 1787 494 1852 obscura
508 1780 602 1851 'eaaet
626 1786 822 1851 Antichrieti
846 1785 1036 1871 designatio,
1063 1786 1141 1870 quid
1167 1786 1274 1851 obstat
1299 1808 1369 1850 nem

263 1891 411 1970 eandem,
427 1891 539 1956 eodem
556 1891 679 1974 Capite,
694 1912 763 1955 non
783 1890 896 1956 eodem
915 1891 1021 1970 modo,
1038 1890 1088 1954 bis
1103 1891 1264 1955 describi?
1303 1892 1370 1961 Qui

264 1994 381 2073 minus,
407 2015 504 2078 quam
528 1994 693 2057 Puuruuui
718 2000 834 2076 reptem
854 2014 1030 2072 vaccarum,
1056 2001 1171 2076 acptum
1200 1996 1369 2076 epicurum,

264 2097 385 2182 duplici
407 2097 541 2175 somnio,
563 2119 630 2161 una
652 2097 827 2180 eademque
850 2096 1010 2180 septennii
1032 2096 1133 2160 fames
1154 2097 1371 2181 praenuntiata

263 2202 356 2266 esta?
402 2199 470 2269 Qui
498 2200 616 2279 minua,
641 2221 737 2284 quam
768 2199 919 2283 Josepho,
943 2198 1072 2283 duplici,
1099 2199 1223 2280 (eodem
1250 2200 1365 2282 capite)

263 2303 502 2388 manipulorum
522 2324 588 2367 una
609 2302 759 2386 primum,
783 2302 949 2366 stellarum
968 2310 1040 2386 post
1058 2302 1243 2367 adoratione
1258 2303 1369 2382 altera,

263 2429 331 2471 una
344 2406 519 2489 eademque
533 2426 595 2484 rea,
607 2405 717 2468 futura
728 2404 850 2468 scilicet
861 2404 896 2467 in
908 2405 1050 2489 AEgypto
1065 2403 1204 2488 dignitas
1219 2426 1369 2488 praenun-

263 2512 344 2575 tiata
365 2512 456 2574 est¹l
502 2503 674 2575 Geminata
697 2508 785 2573 enim
808 2508 887 2572 visio
913 2509 962 2590 (ut
985 2507 1031 2571 ibi
1050 2508 1183 2591 Joseph)
1207 2509 1370 2573 firmitatis

263 2614 359 2678 modo
377 2613 542 2677 indicium.
590 2614 678 2676 Nam
701 2613 739 2675 de
760 2613 844 2674 mille
864 2613 955 2675 uuuia
975 2619 1005 2675 et
1024 2614 1166 2694 amplius,
1184 2614 1282 2677 semel
1300 2614 1370 2697 jam

264 2717 363 2783 habet
378 2737 576 2800 responsum,
592 2736 653 2780 nec
668 2715 721 2779 hic
732 2716 802 2799 jam
818 2716 955 2798 amplius
969 2717 1189 2800 repetendum.

296 2859 346 2911 Sed
362 2875 408 2909 noa
424 2874 470 2923 per
485 2859 586 2910 atellam
603 2859 734 2909 cadentem
750 2858 889 2909 lutherum
905 2860 1043 2922 significari
1062 2862 1195 2921 credimur,
1206 2876 1252 2924 per
1262 2862 1371 2912 locuatm

327 2942 461 2992 haeretieoe
478 2941 637 2992 Lutheranoe
655 2945 681 2990 ct
699 2941 987 3006 Proteatantea-[Bell.
1008 2943 1084 3006 Apol.
1100 2958 1147 3007 pro
1164 2942 1250 3006 Reap]
1270 2958 1294 3007 p.
1313 2946 1369 2994 153.

329 3022 396 3088 [Op.,
408 3027 470 3073 tom.
481 3023 525 3074 rii.
538 3024 585 3073 eol.
597 3023 652 3074 790.
665 3021 693 3072 Β.
704 3021 743 3086 0.]

102 3143 140 3209 [et
150 3142 249 3193 atellam
309 3132 352 3195 In
363 3151 401 3194 ea
408 3131 478 3214 jam
497 3129 581 3214 (quae
592 3130 747 3213 sequitur)
759 3128 925 3193 Tubarum
934 3129 1055 3194 visione
1066 3152 1134 3213 cap.
1145 3132 1206 3196 IX.
1219 3131 1369 3195 convenit

100 3207 232 3335 fiffigff
266 3216 379 3319 primo,
402 3257 460 3318 per
482 3236 605 3298 atellam
624 3234 669 3298 ibi
690 3233 862 3310 deciduum,
877 3253 997 3316 perque
1017 3235 1161 3311 lucrecius,
1177 3236 1370 3297 Antichriati

102 3335 162 3401 uun]
260 3360 473 3422 praecursores
487 3336 657 3421 designari.
694 3339 751 3414 At,
765 3337 823 3414 illi,
836 3337 992 3399 Lutkuue
1005 3339 1096 3400 atella
1111 3343 1167 3401 eat.
1205 3339 1369 3401 Luthcrua

144 3456 210 3520 276
267 3444 386 3508 stella?
421 3462 516 3526 quem
542 3440 704 3504 misellum
729 3447 762 3503 et
788 3439 958 3503 obscurum
973 3438 1196 3521 fraterculum,
1220 3441 1310 3503 nulla
1332 3441 1369 3503 in

266 3546 491 3611 Ecclesiastico
510 3544 669 3628 dignitate
691 3542 914 3620 constitutum,
933 3563 951 3606 e
973 3543 1127 3607 Coenobio
1153 3544 1365 3627 (nescioquo)

297 3750 309 3772 ¹¹
326 3742 353 3805 [“
359 3740 443 3802 sigilli
458 3739 524 3789 sexti
538 3738 635 3802 apertio
645 3738 677 3788 ad
693 3736 792 3786 ‚ludeo
834 3737 998 3797 ἠκολούθησεν
1016 3739 1031 3797 ἡ
1049 3741 1148 3787 εὐκταῖα
1158 3741 1216 3789 πᾶσι
1230 3740 1324 3789 πιστοῖς
1340 3759 1369 3788 τε

266 3821 323 3855 mm
346 3805 516 3867 rejectionem,
537 3805 603 3853 elcut
624 3802 743 3862 diximus,
766 3815 792 3851 et
836 3803 874 3850 «al
890 3801 1010 3861 αἰσθητοῖς
1026 3802 1172 3854 ἀνάστασις.
1185 3805 1273 3852 ..Kal
1296 3822 1369 3853 σεισ·

264 3871 297 3920 ad
313 3870 428 3932 gentium
447 3868 603 3917 vouationem
619 3868 790 3929 pertinet...
834 3866 887 3926 μὸς
903 3866 995 3928 μέγας
1016 3867 1157 3928 ἐγένετο.
1191 3869 1369 3930 Σοφῶςτὰέπὶ

268 3935 354 3984 Τοννω
364 3933 539 3995 motausuctuc
550 3938 710 3994 eatmupuua.
745 3931 792 3980 Per
834 3931 1369 3996 τῷσταυρῷγεγινημένασημεῖοήὀπτωίο

263 4003 358 4049 terram
370 4000 397 4046 in
406 3998 515 4047 hocloco
525 3996 793 4057 Judaeideaignantur3
835 3998 892 4054 ἡμῖν
913 3996 1206 4059 &usurpauit—Aratu
1225 3996 1367 4045 Commeat

264 4069 338 4114 terme
347 4063 517 4113 motuafactua
526 4060 794 4123 estmagnue,quando
836 4074 889 4124 cap.
907 4062 979 4111 xviii.
1003 4061 1030 4110 iu
1050 4064 1163 4124 Apoc,u
1181 4060 1216 4109 nd
1237 4060 1367 4111 (llcumem

264 4129 410 4181 allemania
421 4128 475 4178 haeo
485 4140 548 4187 gene
565 4131 603 4176 cat
613 4126 794 4175 devastata''-
837 4123 893 4187 op,
910 4129 971 4175 tom.
982 4126 1010 4175 ii.
1022 4141 1046 4189 p.
1059 4126 1114 4177 703.
1127 4126 1153 4175 0.
1164 4077 1208 4189 ll]

265 4193 423 4255 Bercngaudi
440 4192 531 4255 Expos.
543 4192 571 4239 in
583 4193 662 4255 Apoc.
676 4191 729 4239 Via.
741 4191 794 4248 iii.;
870 4197 881 4227 Ρ
899 4189 976 4253 [Blae.
988 4190 1020 4239 de
1036 4190 1109 4253 Vleg.
1125 4192 1153 4239 in
1170 4190 1193 4239 A
1213 4205 1249 4240 oc.
1265 4204 1318 4253 uup.
1331 4190 1366 4241 vi.

264 4258 331 4321 apud
348 4259 373 4307 S.
386 4258 474 4306 Ambr.
486 4258 541 4320 Op,
554 4260 613 4305 tom.
625 4256 652 4304 ii.
664 4256 731 4318 App.
746 4255 792 4303 eol.
838 4252 934 4303 Oomm.
946 4255 979 4303 iv.
991 4260 1050 4304 sect.
1063 4259 1084 4305 9.
1097 4270 1120 4318 p.
1133 4205 1212 4317 &llllJ

264 4326 319 4374 533.
333 4323 373 4387 lt]
868 4327 880 4358 ¹³
897 4318 959 4368 (len.
972 4321 1051 4368 xxvii.
1062 4322 1101 4369 32.

296 4395 307 4418 ⁰
325 4387 375 4451 [Τίς
386 4386 508 4446 δὲήλύοις
517 4387 561 4446 τῆς
569 4383 640 4445 ἕκτης
648 4387 791 4447 uomitum
869 4392 878 4417 ¹
895 4383 957 4434 Gen.
969 4385 1066 4434 xxxvii.
1080 4387 1102 4434 7.

265 4452 390 4516 ὀσταυρὸς
401 4455 445 4500 τοῦ
459 4451 550 4513 Κυρίου,
559 4453 598 4500 nul
613 4453 626 4501 d
637 4447 745 4507 θάνατος,
759 4448 792 4499 uis
