2910 4926
459 274 642 325 moneonu
663 276 844 325 naseousm.
1163 258 1206 324 39

103 445 183 489 rem.
229 427 316 491 Nam
332 428 409 511 quid
423 432 579 494 narrant?
618 433 795 495 Poritotem
815 431 970 514 quondam
985 430 1024 492 ab
1042 431 1087 493 eia
1101 430 1208 493 induci

103 531 138 591 in
156 531 341 597 Ecclesiam.
387 535 581 600 Paritatem:
603 536 690 600 inter
714 536 819 619 quos?
842 536 927 599 iuter
952 556 997 613 se,
1024 535 1207 618 (Ministros

103 654 220 717 nempe
235 636 410 718 Ecclesiae.)
451 639 579 703 Gradus
594 661 661 703 non
675 640 785 703 ferunt
800 639 949 724 Episcopi
965 660 1062 721 super
1075 638 1206 723 presby-

102 743 221 817 terum,
240 739 421 824 presbyteri
442 742 538 805 unius
561 764 657 825 super
678 742 826 806 alterum.
872 743 971 819 Nam,
987 741 1014 803 si
1036 739 1207 823 paritatem

103 840 190 906 hane
218 844 408 908 autumabat
438 866 513 908 oum
530 847 638 929 Rege,
661 846 738 911 vitio
768 847 886 910 montis
916 845 950 908 id
975 845 1108 908 factum.
1153 843 1208 908 Ad

97 948 272 1027 primatum
295 949 390 1030 Regis
416 950 493 1032 quid
518 952 637 1034 paritas
663 951 747 1015 inter
775 952 832 1015 se?
865 949 964 1014 Videt
987 970 1064 1031 ergo
1090 949 1215 1012 Lector·

104 1051 210 1114 luem
224 1052 277 1117 hie
285 1074 350 1133 par
364 1053 485 1134 impari·
503 1055 716 1119 Cardinalem.

137 1188 227 1249 Quare,
239 1204 297 1238 eum
308 1189 378 1250 fides,
390 1205 466 1254 quam
479 1191 533 1240 Rex
542 1191 664 1252 defendit,
676 1195 735 1242 ante
748 1207 840 1255 paucos
850 1205 930 1240 annos
940 1194 1008 1250 nata,
1019 1188 1208 1253 angustissimis

170 1270 296 1321 limitibus
305 1275 471 1333 contineatur,
488 1288 539 1322 non
552 1274 688 1332 Catholiea,
700 1273 727 1323 id
739 1277 784 1334 est,
796 1279 867 1323 vetus
878 1278 904 1322 et
915 1273 1071 1333 universalis,
1086 1272 1130 1322 sed
1143 1286 1209 1322 nova

170 1358 195 1403 et
206 1355 365 1417 particularis
387 1356 514 1405 nominari
537 1355 732 1421 debet—[Bell.
754 1355 829 1419 Apol.
853 1370 898 1420 pro
920 1354 1009 1419 Resp]
1033 1369 1057 1419 p.
1077 1358 1115 1405 10.
1139 1355 1208 1419 [Op.,

170 1440 231 1485 tom.
242 1437 285 1486 vii.
303 1438 349 1487 eol.
361 1437 416 1488 710.
430 1436 469 1500 B.]

149 1526 221 1590 Nee
235 1527 334 1591 habet
345 1535 492 1610 angustos
503 1528 583 1592 adeo
597 1528 717 1592 limites
733 1528 895 1593 sententia
905 1529 984 1607 haee,
997 1535 1033 1590 ut
1047 1525 1209 1591 Cardinali

104 1629 241 1708 videtur,
258 1631 310 1693 eui
321 1632 390 1715 jam
406 1632 490 1695 oculi
505 1632 656 1714 caligant.
687 1632 775 1696 Nam
791 1652 982 1716 quoeunque
996 1631 1067 1696 loco
1083 1630 1210 1713 Religio
1239 1700 1240 1704 ,

104 1732 278 1814 reformata
299 1742 359 1813 est,
376 1756 475 1818 penes
499 1737 618 1799 eosdem
640 1744 782 1820 potestas
803 1736 871 1800 haee
893 1737 946 1819 qui
967 1756 1091 1798 somme
1105 1755 1209 1798 reram

99 1847 251 1922 presunt,
267 1840 378 1903 eadem
394 1840 473 1919 haee,
491 1863 561 1926 quae
576 1864 674 1926 penes
696 1844 828 1926 Regem.
875 1842 956 1908 Quis
971 1843 1006 1904 in
1022 1843 1136 1923 Regno
1151 1860 1209 1902 suo

105 1942 193 2006 idem
208 1965 275 2007 non
289 1944 368 2007 facit
383 1966 439 2027 per
454 1945 571 2022 omnia,
589 1945 673 2028 quod
690 1946 759 2008 Rex
780 1945 815 2007 in
831 1945 963 2008 nostro?
988 1945 1037 2006 De
1052 1963 1128 2006 voce
1142 1962 1209 2004 non

105 2047 265 2125 laborant,
282 2048 360 2131 quid
382 2051 485 2133 opus?
519 2051 565 2113 At
587 2071 656 2112 rem
679 2057 799 2113 tenent.
846 2050 924 2113 Non
946 2069 1023 2131 ergo
1044 2047 1095 2110 vel
1116 2067 1210 2124 nova,

105 2151 157 2214 vel
178 2151 398 2234 particularis:
423 2152 478 2216 sed
504 2154 674 2230 Catholicis,
690 2153 722 2216 id
746 2163 794 2216 est
812 2158 898 2215 vetus
920 2151 1027 2235 opinio
1049 2150 1128 2229 haee,
1145 2169 1211 2232 quae

105 2255 146 2317 ab
161 2257 250 2319 initio
265 2258 311 2319 sie
319 2256 409 2337 suit:
433 2265 466 2321 et
483 2280 578 2340 quam
593 2258 657 2320 late
673 2265 763 2340 patet
786 2257 929 2342 ejusdem
952 2255 1115 2338 religionis
1137 2275 1209 2338 pro·

104 2359 213 2438 sessio,
229 2366 296 2421 tam
311 2360 376 2423 late
392 2360 517 2422 diffuso.
549 2361 655 2437 Certe,
672 2359 700 2422 si
714 2359 764 2422 vel
780 2359 820 2422 ad
836 2380 957 2442 passus,
970 2358 1021 2421 vel
1033 2358 1073 2421 ad
1089 2357 1213 2440 lapides

104 2463 284 2527 revocanda
306 2485 366 2542 res,
393 2472 427 2526 et
453 2463 706 2527 dimensionibus
732 2462 892 2546 agendum
903 2489 912 2540 3
944 2462 971 2524 si
997 2483 1065 2525 non
1092 2462 1211 2545 plures,

106 2567 223 2630 saltem
238 2566 372 2630 totidem
387 2566 520 2631 haberet
533 2589 628 2650 quani
646 2568 794 2630 Romana
804 2573 910 2629 vestra
918 2593 928 2644 3
952 2569 1087 2629 locutum
1100 2567 1213 2647 spatiis

106 2690 198 2752 aeque
219 2691 257 2733 ae
274 2677 389 2750 vestra,
406 2691 557 2734 annorum
575 2670 740 2734 curticulis
758 2669 830 2753 plus
852 2669 1018 2752 magisque
1040 2669 1211 2748 Cotkoliea,

108 2794 206 2857 quam
221 2781 334 2837 vestra.

141 2909 214 2968 Quod
230 2925 289 2960 vero
302 2910 462 2975 Apostoliea.
474 2948 481 2961 .
494 2947 500 2961 .
513 2911 584 2960 nullo
597 2911 654 2974 jure
669 2909 826 2975 appellanda,
846 2909 890 2960 sed
908 2909 1056 2974 Apostatioa
1069 2910 1141 2959 omni
1153 2909 1213 2974 jure

173 2990 328 3042 nominanda
338 2993 380 3053 sit,
388 3008 420 3042 ex
431 3008 460 3042 eo
471 2992 603 3042 manifeste
615 2992 780 3051 convincitur,
792 2991 858 3054 quod
870 2990 932 3040 fides
943 3007 1000 3054 qnae
1008 2991 1110 3041 nuncin
1117 2991 1213 3055 Anglia

174 3075 244 3136 viget
264 3075 427 3126 seminatores
452 3076 569 3125 habuerit
587 3076 663 3126 Mart.
682 3075 806 3126 Bueerum
828 3080 854 3126 et
877 3075 980 3124 Petrum
1006 3073 1154 3137 Martyrem,
1166 3111 1172 3124 .
1185 3109 1211 3123 ..

174 3161 310 3220 utrumqne
332 3158 601 3222 Apostatam-[llell.
623 3159 698 3222 Apol.
721 3174 767 3223 pro
789 3157 877 3222 Resp]
900 3173 925 3223 p.
937 3160 977 3208 10.
1001 3158 1071 3223 [Op.,
1092 3160 1154 3207 tom.
1167 3159 1213 3209 vii.

174 3237 221 3290 eol.
233 3239 290 3290 710.
304 3237 332 3288 B.
346 3239 387 3302 0.]

155 3328 229 3407 Sed,
245 3350 301 3393 nee
314 3330 496 3411 Apostolieo
511 3338 571 3409 est,
586 3332 636 3393 vel
651 3331 774 3412 Anglioe
793 3330 843 3392 vel
864 3329 977 3392 Scotie
987 3328 1080 3410 fides,
1096 3329 1212 3411 (favete
1225 3340 1377 3407 [mounes

108 3430 238 3514 linguis)
266 3433 452 3514 Apostolica
472 3435 590 3515 potius.
635 3433 713 3497 Non
738 3432 876 3514 Angliae,
901 3433 984 3514 quod
1004 3433 1212 3497 seminatores
1223 3405 1354 3535 {352¹}st

109 3536 251 3600 habitent
273 3538 427 3602 Bueerem
456 3545 486 3601 et
512 3539 701 3620 Many-rem,
723 3538 864 3600 Boeerua
889 3542 991 3599 autem
1014 3542 1045 3599 et
1069 3537 1209 3619 Martyr,

109 3640 199 3703 ambo
224 3641 397 3723 Apoatatoe.
455 3643 619 3706 Neutrum
648 3663 770 3705 verum.
827 3641 971 3705 Tametsi
1002 3641 1090 3705 enim
1122 3642 1210 3706 ibant
1276 3636 1319 3704 31

111 3745 218 3827 quovis
239 3746 348 3808 secolo
369 3746 452 3808 inter
474 3747 580 3809 doctos
595 3747 735 3808 Beeencs
753 3753 786 3809 et
802 3746 943 3827 Μανίῳ,
960 3752 998 3810 ut
1018 3767 1078 3810 nos
1099 3766 1210 3810 eorum

110 3851 231 3935 pudere
251 3873 318 3915 non
334 3851 465 3916 debeat:
497 3861 689 3916 nontamen
712 3852 750 3935 (si
765 3874 874 3916 verum
890 3853 1047 3934 volumus)
1074 3851 1210 3916 semina·

110 3962 188 4019 runt
204 3954 268 4018 duo
282 3954 329 4016 illi
346 3953 441 4017 fidem
456 3956 492 4017 in
514 3954 633 4036 Anglia
652 3956 700 4036 (ut
720 3955 854 4019 ridicule
875 3954 1084 4038 Cardinalisz)
1103 3978 1209 4040 quam,

111 4065 187 4121 ante
213 4057 264 4121 vel
285 4057 486 4139 (megenum,
510 4057 562 4120 vel
583 4057 816 4134 Eleutherium,
841 4058 1068 4140 Apostolorum
1094 4059 1211 4124 saeculo

111 4162 315 4239 seminatam,
334 4161 399 4223 late
421 4162 474 4224 hie
496 4167 693 4224 crescentem
715 4160 918 4225 invenerunt.
965 4163 1093 4226 Zizania
1114 4164 1213 4228 modo

111 4357 150 4405 sui
162 4355 309 4420 presidium
321 4356 349 4403 in
358 4356 465 4418 paritate
474 4356 627 4404 collocarunt
633 4372 644 4415 ς
686 4354 993 4416 redarguerent”-Basil.
1004 4355 1063 4405 Dor.
1072 4354 1145 4404 linit
1156 4355 1213 4418 Op„

112 4437 162 4483 qua
179 4421 237 4470 freti
256 4420 371 4469 homines
389 4421 507 4483 improbi,
527 4421 640 4477 audaces,
687 4420 746 4481 Reg.
759 4420 812 4470 Jae.
825 4436 849 4482 p.
860 4420 912 4481 ta]

113 4486 235 4550 imperiti,
247 4485 312 4548 pios,
327 4485 460 4548 salutantes,
471 4492 497 4534 et
510 4485 642 4546 modestos,
718 4486 725 4525 l
745 4485 821 4547 [lior.
835 4485 886 4534 Sat.
898 4486 925 4534 ii.
939 4487 960 4535 3.
972 4483 1043 4546 als]
