<?xml version="1.0" encoding="UTF-8"?>
<!DOCTYPE html PUBLIC "-//W3C//DTD XHTML 1.0 Transitional//EN"
    "http://www.w3.org/TR/xhtml1/DTD/xhtml1-transitional.dtd">
<html xmlns="http://www.w3.org/1999/xhtml" xml:lang="en" lang="en">
 <head>
  <title>
</title>
<meta http-equiv="Content-Type" content="text/html;charset=utf-8" />
  <meta name='ocr-system' content='tesseract 3.04.00' />
  <meta name='ocr-capabilities' content='ocr_page ocr_carea ocr_par ocr_line ocrx_word'/>
</head>
<body>
  <div class='ocr_page' id='page_1' title='image "./responsioadapol00andrgoog_0042.png"; bbox 0 0 2910 4926; ppageno 0'>
   <div class='ocr_carea' id='block_1_1' title="bbox 532 270 1205 336">
    <p class='ocr_par' dir='ltr' id='par_1_1' title="bbox 532 270 1205 336">
     <span class='ocr_line' id='line_1_1' title="bbox 532 270 1205 336; baseline 0 -2"><span class='ocrx_word' id='word_1_1' title='bbox 532 285 574 334; x_wconf 77' lang='lat' dir='ltr'><strong>an</strong></span> <span class='ocrx_word' id='word_1_2' title='bbox 596 285 774 336; x_wconf 74' lang='lat' dir='ltr'><strong>ammana</strong></span> <span class='ocrx_word' id='word_1_3' title='bbox 1125 270 1205 334; x_wconf 73' lang='lat' dir='ltr'><strong>&#39;xxxi</strong></span> 
     </span>
    </p>
   </div>
   <div class='ocr_carea' id='block_1_2' title="bbox 103 439 1207 1144">
    <p class='ocr_par' dir='ltr' id='par_1_2' title="bbox 103 439 1207 914">
     <span class='ocr_line' id='line_1_2' title="bbox 103 439 1206 525; baseline 0.002 -21"><span class='ocrx_word' id='word_1_4' title='bbox 103 439 256 523; x_wconf 68' lang='lat' dir='ltr'><strong>ingenue</strong></span> <span class='ocrx_word' id='word_1_5' title='bbox 275 440 522 506; x_wconf 73' lang='lat' dir='ltr'><strong>concertationis</strong></span> <span class='ocrx_word' id='word_1_6' title='bbox 543 442 668 525; x_wconf 84' lang='lat' dir='ltr'><strong>legibus</strong></span> <span class='ocrx_word' id='word_1_7' title='bbox 692 445 801 507; x_wconf 89' lang='lat' dir='ltr'><strong>minus</strong></span> <span class='ocrx_word' id='word_1_8' title='bbox 821 443 930 507; x_wconf 89' lang='lat' dir='ltr'><strong>tribui.</strong></span> <span class='ocrx_word' id='word_1_9' title='bbox 976 442 1096 521; x_wconf 85' lang='lat' dir='ltr'><strong>Etiam,</strong></span> <span class='ocrx_word' id='word_1_10' title='bbox 1113 442 1206 507; x_wconf 92' lang='lat' dir='ltr'><strong>obliti</strong></span> 
     </span>
     <span class='ocr_line' id='line_1_3' title="bbox 105 541 1207 629; baseline 0.001 -23"><span class='ocrx_word' id='word_1_11' title='bbox 105 541 195 606; x_wconf 86' lang='lat' dir='ltr'><strong>Jnris</strong></span> <span class='ocrx_word' id='word_1_12' title='bbox 210 542 376 622; x_wconf 86' lang='lat' dir='ltr'><strong>Gentium,</strong></span> <span class='ocrx_word' id='word_1_13' title='bbox 392 543 460 626; x_wconf 89' lang='lat' dir='ltr'><strong>Ipsi</strong></span> <span class='ocrx_word' id='word_1_14' title='bbox 478 545 587 626; x_wconf 90' lang='lat' dir='ltr'><strong>(quam</strong></span> <span class='ocrx_word' id='word_1_15' title='bbox 602 542 651 608; x_wconf 77' lang='lat' dir='ltr'><strong>uel</strong></span> <span class='ocrx_word' id='word_1_16' title='bbox 667 545 802 610; x_wconf 85' lang='lat' dir='ltr'><strong>Barbari</strong></span> <span class='ocrx_word' id='word_1_17' title='bbox 816 547 1020 628; x_wconf 88' lang='lat' dir='ltr'><strong>venerantur)</strong></span> <span class='ocrx_word' id='word_1_18' title='bbox 1038 545 1207 629; x_wconf 87' lang='lat' dir='ltr'><strong>Majestati</strong></span> 
     </span>
     <span class='ocr_line' id='line_1_4' title="bbox 103 647 1206 731; baseline 0.002 -23"><span class='ocrx_word' id='word_1_19' title='bbox 103 665 171 709; x_wconf 91' lang='lat' dir='ltr'><strong>non</strong></span> <span class='ocrx_word' id='word_1_20' title='bbox 186 667 325 729; x_wconf 77' lang='lat' dir='ltr'><strong>parcere,</strong></span> <span class='ocrx_word' id='word_1_21' title='bbox 339 667 454 730; x_wconf 92' lang='lat' dir='ltr'><strong>parum</strong></span> <span class='ocrx_word' id='word_1_22' title='bbox 469 647 520 724; x_wconf 90' lang='lat' dir='ltr'><strong>Ei,</strong></span> <span class='ocrx_word' id='word_1_23' title='bbox 530 647 581 710; x_wconf 86' lang='lat' dir='ltr'><strong>rel</strong></span> <span class='ocrx_word' id='word_1_24' title='bbox 595 647 687 725; x_wconf 90' lang='lat' dir='ltr'>nihil,</span> <span class='ocrx_word' id='word_1_25' title='bbox 704 649 837 727; x_wconf 86' lang='lat' dir='ltr'><strong>deferre,</strong></span> <span class='ocrx_word' id='word_1_26' title='bbox 853 657 886 712; x_wconf 92' lang='lat' dir='ltr'><strong>et</strong></span> <span class='ocrx_word' id='word_1_27' title='bbox 900 649 949 712; x_wconf 90' lang='lat' dir='ltr'><strong>ita</strong></span> <span class='ocrx_word' id='word_1_28' title='bbox 963 649 1097 731; x_wconf 91' lang='lat' dir='ltr'><strong>quisquc</strong></span> <span class='ocrx_word' id='word_1_29' title='bbox 1109 648 1206 711; x_wconf 87' lang='lat' dir='ltr'><strong>mini·</strong></span> 
     </span>
     <span class='ocr_line' id='line_1_5' title="bbox 104 748 1206 836; baseline 0.003 -26"><span class='ocrx_word' id='word_1_30' title='bbox 104 769 206 826; x_wconf 88' lang='lat' dir='ltr'><strong>mum,</strong></span> <span class='ocrx_word' id='word_1_31' title='bbox 222 755 259 811; x_wconf 89' lang='lat' dir='ltr'><strong>ut</strong></span> <span class='ocrx_word' id='word_1_32' title='bbox 277 749 346 832; x_wconf 92' lang='lat' dir='ltr'><strong>ipse</strong></span> <span class='ocrx_word' id='word_1_33' title='bbox 367 749 495 812; x_wconf 86' lang='lat' dir='ltr'><strong>minimi</strong></span> <span class='ocrx_word' id='word_1_34' title='bbox 510 755 561 812; x_wconf 92' lang='lat' dir='ltr'><strong>est</strong></span> <span class='ocrx_word' id='word_1_35' title='bbox 575 757 608 814; x_wconf 87' lang='lat' dir='ltr'><strong>et</strong></span> <span class='ocrx_word' id='word_1_36' title='bbox 622 749 726 814; x_wconf 91' lang='lat' dir='ltr'><strong>nihili.</strong></span> <span class='ocrx_word' id='word_1_37' title='bbox 773 751 849 814; x_wconf 92' lang='lat' dir='ltr'><strong>Huc</strong></span> <span class='ocrx_word' id='word_1_38' title='bbox 864 753 933 836; x_wconf 86' lang='lat' dir='ltr'><strong>jam</strong></span> <span class='ocrx_word' id='word_1_39' title='bbox 949 749 1150 815; x_wconf 78' lang='lat' dir='ltr'><strong>deductores</strong></span> <span class='ocrx_word' id='word_1_40' title='bbox 1166 748 1206 813; x_wconf 90' lang='lat' dir='ltr'><strong>ab</strong></span> 
     </span>
     <span class='ocr_line' id='line_1_6' title="bbox 105 850 316 914; baseline 0 -1"><span class='ocrx_word' id='word_1_41' title='bbox 105 850 316 914; x_wconf 86' lang='lat' dir='ltr'><strong>Adversariis.</strong></span> 
     </span>
    </p>

    <p class='ocr_par' dir='ltr' id='par_1_3' title="bbox 105 953 1206 1144">
     <span class='ocr_line' id='line_1_7' title="bbox 149 953 1206 1040; baseline 0.003 -23"><span class='ocrx_word' id='word_1_42' title='bbox 149 953 237 1017; x_wconf 89' lang='lat' dir='ltr'><strong>Nam</strong></span> <span class='ocrx_word' id='word_1_43' title='bbox 257 953 343 1037; x_wconf 92' lang='lat' dir='ltr'><strong>quod</strong></span> <span class='ocrx_word' id='word_1_44' title='bbox 358 953 563 1018; x_wconf 77' lang='lat' dir='ltr'><strong>cardinalem</strong></span> <span class='ocrx_word' id='word_1_45' title='bbox 579 955 812 1019; x_wconf 90' lang='lat' dir='ltr'><strong>Bellarminum</strong></span> <span class='ocrx_word' id='word_1_46' title='bbox 833 956 899 1040; x_wconf 92' lang='lat' dir='ltr'><strong>(qui</strong></span> <span class='ocrx_word' id='word_1_47' title='bbox 922 963 994 1040; x_wconf 90' lang='lat' dir='ltr'><strong>post</strong></span> <span class='ocrx_word' id='word_1_48' title='bbox 1016 957 1206 1020; x_wconf 86' lang='lat' dir='ltr'><strong>Pontificem</strong></span> 
     </span>
     <span class='ocr_line' id='line_1_8' title="bbox 105 1055 1206 1144; baseline 0.003 -25"><span class='ocrx_word' id='word_1_49' title='bbox 105 1055 229 1138; x_wconf 89' lang='lat' dir='ltr'><strong>primus</strong></span> <span class='ocrx_word' id='word_1_50' title='bbox 244 1057 420 1120; x_wconf 81' lang='lat' dir='ltr'><strong>immiscuit</strong></span> <span class='ocrx_word' id='word_1_51' title='bbox 436 1078 470 1121; x_wconf 90' lang='lat' dir='ltr'><strong>se</strong></span> <span class='ocrx_word' id='word_1_52' title='bbox 485 1058 535 1121; x_wconf 92' lang='lat' dir='ltr'><strong>liti</strong></span> <span class='ocrx_word' id='word_1_53' title='bbox 549 1057 635 1136; x_wconf 92' lang='lat' dir='ltr'><strong>huic,</strong></span> <span class='ocrx_word' id='word_1_54' title='bbox 651 1071 684 1122; x_wconf 90' lang='lat' dir='ltr'><strong>et</strong></span> <span class='ocrx_word' id='word_1_55' title='bbox 700 1060 791 1141; x_wconf 92' lang='lat' dir='ltr'><strong>quasi</strong></span> <span class='ocrx_word' id='word_1_56' title='bbox 805 1061 900 1123; x_wconf 87' lang='lat' dir='ltr'><strong>Aries</strong></span> <span class='ocrx_word' id='word_1_57' title='bbox 916 1060 1031 1144; x_wconf 86' lang='lat' dir='ltr'><strong>Gregis</strong></span> <span class='ocrx_word' id='word_1_58' title='bbox 1055 1058 1206 1137; x_wconf 87' lang='lat' dir='ltr'><strong>secuturi,</strong></span> 
     </span>
    </p>
   </div>
   <div class='ocr_carea' id='block_1_3' title="bbox 106 1159 1349 1246">
    <p class='ocr_par' dir='ltr' id='par_1_4' title="bbox 106 1159 1349 1246">
     <span class='ocr_line' id='line_1_9' title="bbox 106 1159 1349 1246; baseline 0.002 -25"><span class='ocrx_word' id='word_1_59' title='bbox 106 1159 141 1222; x_wconf 91' lang='lat' dir='ltr'><strong>in</strong></span> <span class='ocrx_word' id='word_1_60' title='bbox 164 1166 328 1222; x_wconf 86' lang='lat' dir='ltr'><strong>certamen</strong></span> <span class='ocrx_word' id='word_1_61' title='bbox 350 1160 480 1242; x_wconf 87' lang='lat' dir='ltr'><strong>prodiit)</strong></span> <span class='ocrx_word' id='word_1_62' title='bbox 498 1170 656 1225; x_wconf 81' lang='lat' dir='ltr'><strong>exsortem</strong></span> <span class='ocrx_word' id='word_1_63' title='bbox 680 1170 713 1225; x_wconf 90' lang='lat' dir='ltr'><strong>et</strong></span> <span class='ocrx_word' id='word_1_64' title='bbox 732 1170 931 1246; x_wconf 89' lang='lat' dir='ltr'><strong>postremum</strong></span> <span class='ocrx_word' id='word_1_65' title='bbox 946 1164 1121 1239; x_wconf 89' lang='lat' dir='ltr'><strong>nominem,</strong></span> <span class='ocrx_word' id='word_1_66' title='bbox 1140 1182 1208 1225; x_wconf 90' lang='lat' dir='ltr'><strong>non</strong></span> <span class='ocrx_word' id='word_1_67' title='bbox 1334 1212 1349 1239; x_wconf 85' lang='lat'><strong>,</strong></span> 
     </span>
    </p>
   </div>
   <div class='ocr_carea' id='block_1_4' title="bbox 107 1261 1219 4532">
    <p class='ocr_par' dir='ltr' id='par_1_5' title="bbox 107 1261 1214 3711">
     <span class='ocr_line' id='line_1_10' title="bbox 107 1261 1209 1349; baseline 0.003 -24"><span class='ocrx_word' id='word_1_68' title='bbox 107 1261 275 1326; x_wconf 81' lang='lat' dir='ltr'><strong>mirabere.</strong></span> <span class='ocrx_word' id='word_1_69' title='bbox 330 1263 364 1326; x_wconf 88' lang='lat' dir='ltr'><strong>Is</strong></span> <span class='ocrx_word' id='word_1_70' title='bbox 390 1264 578 1327; x_wconf 84' lang='lat' dir='ltr'><strong>Doctrinam</strong></span> <span class='ocrx_word' id='word_1_71' title='bbox 603 1265 686 1328; x_wconf 90' lang='lat' dir='ltr'><strong>hanc</strong></span> <span class='ocrx_word' id='word_1_72' title='bbox 712 1265 891 1329; x_wconf 83' lang='lat' dir='ltr'><strong>evertendis</strong></span> <span class='ocrx_word' id='word_1_73' title='bbox 920 1266 1069 1349; x_wconf 90' lang='lat' dir='ltr'><strong>Imperiis</strong></span> <span class='ocrx_word' id='word_1_74' title='bbox 1097 1271 1209 1328; x_wconf 87' lang='lat' dir='ltr'><strong>natam</strong></span> 
     </span>
     <span class='ocr_line' id='line_1_11' title="bbox 107 1365 1209 1452; baseline 0.004 -26"><span class='ocrx_word' id='word_1_75' title='bbox 107 1386 210 1448; x_wconf 89' lang='lat' dir='ltr'><strong>nuper</strong></span> <span class='ocrx_word' id='word_1_76' title='bbox 234 1365 410 1429; x_wconf 85' lang='lat' dir='ltr'><strong>revocarit:</strong></span> <span class='ocrx_word' id='word_1_77' title='bbox 434 1366 469 1429; x_wconf 92' lang='lat' dir='ltr'><strong>Is</strong></span> <span class='ocrx_word' id='word_1_78' title='bbox 491 1366 519 1430; x_wconf 86' lang='lat' dir='ltr'><strong>ai</strong></span> <span class='ocrx_word' id='word_1_79' title='bbox 539 1367 763 1449; x_wconf 79' lang='lat' dir='ltr'><strong>promovendae</strong></span> <span class='ocrx_word' id='word_1_80' title='bbox 786 1368 869 1449; x_wconf 86' lang='lat' dir='ltr'><strong>(lara</strong></span> <span class='ocrx_word' id='word_1_81' title='bbox 889 1369 958 1452; x_wconf 89' lang='lat' dir='ltr'><strong>jam</strong></span> <span class='ocrx_word' id='word_1_82' title='bbox 979 1368 1104 1449; x_wconf 82' lang='lat' dir='ltr'><strong>catena)</strong></span> <span class='ocrx_word' id='word_1_83' title='bbox 1120 1373 1209 1430; x_wconf 90' lang='lat' dir='ltr'><strong>totus</strong></span> 
     </span>
     <span class='ocr_line' id='line_1_12' title="bbox 107 1468 1207 1553; baseline 0.001 -22"><span class='ocrx_word' id='word_1_84' title='bbox 107 1468 277 1532; x_wconf 90' lang='lat' dir='ltr'><strong>incumbit.</strong></span> <span class='ocrx_word' id='word_1_85' title='bbox 324 1471 431 1547; x_wconf 82' lang='lat' dir='ltr'><strong>Quam</strong></span> <span class='ocrx_word' id='word_1_86' title='bbox 456 1477 566 1533; x_wconf 90' lang='lat' dir='ltr'><strong>tamen</strong></span> <span class='ocrx_word' id='word_1_87' title='bbox 596 1470 712 1553; x_wconf 77' lang='lat' dir='ltr'><strong>(oredo)</strong></span> <span class='ocrx_word' id='word_1_88' title='bbox 741 1471 895 1535; x_wconf 79' lang='lat' dir='ltr'><strong>tractabit</strong></span> <span class='ocrx_word' id='word_1_89' title='bbox 925 1471 1042 1534; x_wconf 91' lang='lat' dir='ltr'><strong>dehinc</strong></span> <span class='ocrx_word' id='word_1_90' title='bbox 1072 1470 1207 1547; x_wconf 85' lang='lat' dir='ltr'><strong>cautius,</strong></span> 
     </span>
     <span class='ocr_line' id='line_1_13' title="bbox 107 1571 1209 1656; baseline 0.001 -23"><span class='ocrx_word' id='word_1_91' title='bbox 107 1579 277 1654; x_wconf 89' lang='lat' dir='ltr'><strong>postquam</strong></span> <span class='ocrx_word' id='word_1_92' title='bbox 292 1571 375 1634; x_wconf 91' lang='lat' dir='ltr'><strong>tanti</strong></span> <span class='ocrx_word' id='word_1_93' title='bbox 390 1571 451 1635; x_wconf 88' lang='lat' dir='ltr'><strong>sibi</strong></span> <span class='ocrx_word' id='word_1_94' title='bbox 465 1572 552 1635; x_wconf 90' lang='lat' dir='ltr'><strong>videt</strong></span> <span class='ocrx_word' id='word_1_95' title='bbox 568 1573 702 1651; x_wconf 82' lang='lat' dir='ltr'><strong>stetisse,</strong></span> <span class='ocrx_word' id='word_1_96' title='bbox 726 1573 812 1656; x_wconf 92' lang='lat' dir='ltr'><strong>quod</strong></span> <span class='ocrx_word' id='word_1_97' title='bbox 827 1595 930 1656; x_wconf 91' lang='lat' dir='ltr'><strong>nuper</strong></span> <span class='ocrx_word' id='word_1_98' title='bbox 945 1573 1024 1637; x_wconf 89' lang='lat' dir='ltr'><strong>adeo</strong></span> <span class='ocrx_word' id='word_1_99' title='bbox 1037 1572 1209 1636; x_wconf 83' lang='lat' dir='ltr'><strong>infeliciter</strong></span> 
     </span>
     <span class='ocr_line' id='line_1_14' title="bbox 108 1675 1209 1760; baseline 0.001 -23"><span class='ocrx_word' id='word_1_100' title='bbox 108 1675 246 1738; x_wconf 78' lang='lat' dir='ltr'><strong>tentavit</strong></span> <span class='ocrx_word' id='word_1_101' title='bbox 260 1675 295 1738; x_wconf 94' lang='lat' dir='ltr'><strong>in</strong></span> <span class='ocrx_word' id='word_1_102' title='bbox 311 1675 503 1739; x_wconf 87' lang='lat' dir='ltr'><strong>Barelaium.</strong></span> <span class='ocrx_word' id='word_1_103' title='bbox 539 1676 634 1742; x_wconf 80' lang='lat' dir='ltr'><strong>Quod</strong></span> <span class='ocrx_word' id='word_1_104' title='bbox 650 1677 736 1739; x_wconf 88' lang='lat' dir='ltr'><strong>enim</strong></span> <span class='ocrx_word' id='word_1_105' title='bbox 752 1678 858 1740; x_wconf 83' lang='lat' dir='ltr'><strong>Causa</strong></span> <span class='ocrx_word' id='word_1_106' title='bbox 868 1677 1050 1760; x_wconf 89' lang='lat' dir='ltr'><strong>Anglicana</strong></span> <span class='ocrx_word' id='word_1_107' title='bbox 1063 1677 1127 1757; x_wconf 89' lang='lat' dir='ltr'><strong>(cui</strong></span> <span class='ocrx_word' id='word_1_108' title='bbox 1142 1697 1209 1739; x_wconf 90' lang='lat' dir='ltr'><strong>non</strong></span> 
     </span>
     <span class='ocr_line' id='line_1_15' title="bbox 109 1777 1207 1862; baseline 0.001 -22"><span class='ocrx_word' id='word_1_109' title='bbox 109 1777 207 1841; x_wconf 90' lang='lat' dir='ltr'><strong>alium</strong></span> <span class='ocrx_word' id='word_1_110' title='bbox 223 1778 258 1840; x_wconf 92' lang='lat' dir='ltr'><strong>in</strong></span> <span class='ocrx_word' id='word_1_111' title='bbox 273 1779 372 1841; x_wconf 90' lang='lat' dir='ltr'><strong>finem</strong></span> <span class='ocrx_word' id='word_1_112' title='bbox 392 1778 433 1842; x_wconf 89' lang='lat' dir='ltr'><strong>ab</strong></span> <span class='ocrx_word' id='word_1_113' title='bbox 453 1778 547 1842; x_wconf 91' lang='lat' dir='ltr'><strong>initio</strong></span> <span class='ocrx_word' id='word_1_114' title='bbox 569 1779 704 1862; x_wconf 85' lang='lat' dir='ltr'><strong>ingessit</strong></span> <span class='ocrx_word' id='word_1_115' title='bbox 726 1781 772 1862; x_wconf 90' lang='lat' dir='ltr'><strong>se)</strong></span> <span class='ocrx_word' id='word_1_116' title='bbox 790 1780 910 1843; x_wconf 90' lang='lat' dir='ltr'><strong>frustra</strong></span> <span class='ocrx_word' id='word_1_117' title='bbox 925 1780 965 1843; x_wconf 94' lang='lat' dir='ltr'><strong>ab</strong></span> <span class='ocrx_word' id='word_1_118' title='bbox 985 1801 1022 1844; x_wconf 90' lang='lat' dir='ltr'><strong>eo</strong></span> <span class='ocrx_word' id='word_1_119' title='bbox 1037 1780 1207 1862; x_wconf 85' lang='lat' dir='ltr'><strong>flagitarat,</strong></span> 
     </span>
     <span class='ocr_line' id='line_1_16' title="bbox 109 1880 1209 1965; baseline 0 -22"><span class='ocrx_word' id='word_1_120' title='bbox 109 1887 147 1944; x_wconf 92' lang='lat' dir='ltr'><strong>ut</strong></span> <span class='ocrx_word' id='word_1_121' title='bbox 161 1881 196 1943; x_wconf 95' lang='lat' dir='ltr'><strong>in</strong></span> <span class='ocrx_word' id='word_1_122' title='bbox 210 1881 418 1963; x_wconf 76' lang='lat' dir='ltr'><strong>quaestionem</strong></span> <span class='ocrx_word' id='word_1_123' title='bbox 434 1880 474 1943; x_wconf 90' lang='lat' dir='ltr'><strong>de</strong></span> <span class='ocrx_word' id='word_1_124' title='bbox 494 1881 604 1963; x_wconf 90' lang='lat' dir='ltr'><strong>Papali</strong></span> <span class='ocrx_word' id='word_1_125' title='bbox 618 1882 653 1943; x_wconf 92' lang='lat' dir='ltr'><strong>in</strong></span> <span class='ocrx_word' id='word_1_126' title='bbox 669 1882 791 1965; x_wconf 87' lang='lat' dir='ltr'><strong>Regnis</strong></span> <span class='ocrx_word' id='word_1_127' title='bbox 804 1882 1048 1961; x_wconf 86' lang='lat' dir='ltr'><strong>transferendis,</strong></span> <span class='ocrx_word' id='word_1_128' title='bbox 1064 1881 1209 1964; x_wconf 86' lang='lat' dir='ltr'><strong>Regibus</strong></span> 
     </span>
     <span class='ocr_line' id='line_1_17' title="bbox 110 1983 1208 2068; baseline 0 -22"><span class='ocrx_word' id='word_1_129' title='bbox 110 1983 295 2047; x_wconf 89' lang='lat' dir='ltr'><strong>abdicandis</strong></span> <span class='ocrx_word' id='word_1_130' title='bbox 320 1991 489 2067; x_wconf 86' lang='lat' dir='ltr'><strong>potestate,</strong></span> <span class='ocrx_word' id='word_1_131' title='bbox 511 1984 607 2047; x_wconf 90' lang='lat' dir='ltr'><strong>altius</strong></span> <span class='ocrx_word' id='word_1_132' title='bbox 634 2005 667 2047; x_wconf 89' lang='lat' dir='ltr'><strong>se</strong></span> <span class='ocrx_word' id='word_1_133' title='bbox 688 1984 873 2048; x_wconf 89' lang='lat' dir='ltr'><strong>demitteret</strong></span> <span class='ocrx_word' id='word_1_134' title='bbox 884 2010 893 2061; x_wconf 87' lang='lat'>;</span> <span class='ocrx_word' id='word_1_135' title='bbox 917 1991 1064 2068; x_wconf 89' lang='lat' dir='ltr'><strong>suscepta</strong></span> <span class='ocrx_word' id='word_1_136' title='bbox 1088 1984 1208 2047; x_wconf 89' lang='lat' dir='ltr'><strong>refuta-</strong></span> 
     </span>
     <span class='ocr_line' id='line_1_18' title="bbox 110 2086 1208 2171; baseline -0.001 -21"><span class='ocrx_word' id='word_1_137' title='bbox 110 2087 198 2150; x_wconf 89' lang='lat' dir='ltr'><strong>tione</strong></span> <span class='ocrx_word' id='word_1_138' title='bbox 214 2087 364 2151; x_wconf 90' lang='lat' dir='ltr'><strong>Hominis</strong></span> <span class='ocrx_word' id='word_1_139' title='bbox 383 2088 452 2170; x_wconf 89' lang='lat' dir='ltr'><strong>jam</strong></span> <span class='ocrx_word' id='word_1_140' title='bbox 469 2086 623 2162; x_wconf 86' lang='lat' dir='ltr'><strong>defuncti,</strong></span> <span class='ocrx_word' id='word_1_141' title='bbox 639 2088 695 2170; x_wconf 93' lang='lat' dir='ltr'><strong>qui</strong></span> <span class='ocrx_word' id='word_1_142' title='bbox 710 2087 901 2170; x_wconf 89' lang='lat' dir='ltr'><strong>respondere</strong></span> <span class='ocrx_word' id='word_1_143' title='bbox 916 2108 984 2150; x_wconf 93' lang='lat' dir='ltr'><strong>non</strong></span> <span class='ocrx_word' id='word_1_144' title='bbox 1002 2094 1120 2171; x_wconf 89' lang='lat' dir='ltr'><strong>posset,</strong></span> <span class='ocrx_word' id='word_1_145' title='bbox 1136 2093 1208 2149; x_wconf 91' lang='lat' dir='ltr'><strong>tan·</strong></span> 
     </span>
     <span class='ocr_line' id='line_1_19' title="bbox 110 2189 1210 2273; baseline 0.001 -21"><span class='ocrx_word' id='word_1_146' title='bbox 110 2189 185 2252; x_wconf 87' lang='lat' dir='ltr'><strong>dem</strong></span> <span class='ocrx_word' id='word_1_147' title='bbox 206 2190 293 2254; x_wconf 91' lang='lat' dir='ltr'><strong>ultro</strong></span> <span class='ocrx_word' id='word_1_148' title='bbox 318 2190 480 2272; x_wconf 83' lang='lat' dir='ltr'><strong>praestitit.</strong></span> <span class='ocrx_word' id='word_1_149' title='bbox 533 2189 597 2252; x_wconf 89' lang='lat' dir='ltr'><strong>Sed</strong></span> <span class='ocrx_word' id='word_1_150' title='bbox 623 2190 829 2273; x_wconf 88' lang='lat' dir='ltr'><strong>respondebit</strong></span> <span class='ocrx_word' id='word_1_151' title='bbox 854 2191 906 2254; x_wconf 88' lang='lat' dir='ltr'><strong>vel</strong></span> <span class='ocrx_word' id='word_1_152' title='bbox 929 2189 1117 2253; x_wconf 82' lang='lat' dir='ltr'><strong>defunctus:</strong></span> <span class='ocrx_word' id='word_1_153' title='bbox 1149 2189 1210 2253; x_wconf 90' lang='lat' dir='ltr'><strong>etsi</strong></span> 
     </span>
     <span class='ocr_line' id='line_1_20' title="bbox 109 2292 1209 2377; baseline -0.002 -21"><span class='ocrx_word' id='word_1_154' title='bbox 109 2293 192 2356; x_wconf 92' lang='lat' dir='ltr'><strong>nihil</strong></span> <span class='ocrx_word' id='word_1_155' title='bbox 207 2315 296 2377; x_wconf 89' lang='lat' dir='ltr'><strong>opus,</strong></span> <span class='ocrx_word' id='word_1_156' title='bbox 311 2314 370 2377; x_wconf 89' lang='lat' dir='ltr'><strong>pro</strong></span> <span class='ocrx_word' id='word_1_157' title='bbox 384 2314 448 2375; x_wconf 92' lang='lat' dir='ltr'><strong>quo</strong></span> <span class='ocrx_word' id='word_1_158' title='bbox 462 2292 562 2355; x_wconf 90' lang='lat' dir='ltr'><strong>totius</strong></span> <span class='ocrx_word' id='word_1_159' title='bbox 572 2311 654 2375; x_wconf 86' lang='lat' dir='ltr'><strong>pene</strong></span> <span class='ocrx_word' id='word_1_160' title='bbox 667 2293 763 2356; x_wconf 92' lang='lat' dir='ltr'><strong>Orbis</strong></span> <span class='ocrx_word' id='word_1_161' title='bbox 774 2293 947 2357; x_wconf 87' lang='lat' dir='ltr'><strong>Christiani</strong></span> <span class='ocrx_word' id='word_1_162' title='bbox 959 2293 995 2355; x_wconf 93' lang='lat' dir='ltr'><strong>in</strong></span> <span class='ocrx_word' id='word_1_163' title='bbox 1004 2292 1209 2356; x_wconf 89' lang='lat' dir='ltr'><strong>Cardinalem</strong></span> 
     </span>
     <span class='ocr_line' id='line_1_21' title="bbox 111 2394 1209 2479; baseline -0.001 -20"><span class='ocrx_word' id='word_1_164' title='bbox 111 2396 255 2460; x_wconf 87' lang='lat' dir='ltr'><strong>Censura</strong></span> <span class='ocrx_word' id='word_1_165' title='bbox 283 2394 410 2459; x_wconf 79' lang='lat' dir='ltr'><strong>abunde</strong></span> <span class='ocrx_word' id='word_1_166' title='bbox 435 2396 504 2479; x_wconf 89' lang='lat' dir='ltr'><strong>jam</strong></span> <span class='ocrx_word' id='word_1_167' title='bbox 534 2395 611 2458; x_wconf 90' lang='lat' dir='ltr'><strong>satis</strong></span> <span class='ocrx_word' id='word_1_168' title='bbox 641 2396 853 2479; x_wconf 86' lang='lat' dir='ltr'><strong>responderit.</strong></span> <span class='ocrx_word' id='word_1_169' title='bbox 910 2398 1093 2461; x_wconf 82' lang='lat' dir='ltr'><strong>Tractatum</strong></span> <span class='ocrx_word' id='word_1_170' title='bbox 1123 2417 1209 2474; x_wconf 86' lang='lat' dir='ltr'><strong>eum,</strong></span> 
     </span>
     <span class='ocr_line' id='line_1_22' title="bbox 109 2497 1213 2583; baseline 0 -21"><span class='ocrx_word' id='word_1_171' title='bbox 109 2497 214 2562; x_wconf 93' lang='lat' dir='ltr'><strong>multo</strong></span> <span class='ocrx_word' id='word_1_172' title='bbox 229 2520 325 2582; x_wconf 92' lang='lat' dir='ltr'><strong>quam</strong></span> <span class='ocrx_word' id='word_1_173' title='bbox 340 2499 526 2580; x_wconf 73' lang='lat' dir='ltr'><strong>Apoloqiom</strong></span> <span class='ocrx_word' id='word_1_174' title='bbox 540 2500 619 2582; x_wconf 87' lang='lat' dir='ltr'><strong>ejus,</strong></span> <span class='ocrx_word' id='word_1_175' title='bbox 631 2499 751 2583; x_wconf 88' lang='lat' dir='ltr'><strong>justius</strong></span> <span class='ocrx_word' id='word_1_176' title='bbox 772 2499 897 2578; x_wconf 86' lang='lat' dir='ltr'><strong>dixeris,</strong></span> <span class='ocrx_word' id='word_1_177' title='bbox 913 2501 1152 2582; x_wconf 82' lang='lat' dir='ltr'><strong>Responsiooem</strong></span> <span class='ocrx_word' id='word_1_178' title='bbox 1168 2501 1213 2562; x_wconf 85' lang='lat' dir='ltr'><strong>ad</strong></span> 
     </span>
     <span class='ocr_line' id='line_1_23' title="bbox 110 2601 1210 2685; baseline 0.001 -21"><span class='ocrx_word' id='word_1_179' title='bbox 110 2601 207 2685; x_wconf 65' lang='lat' dir='ltr'><strong>Repu</strong></span> <span class='ocrx_word' id='word_1_180' title='bbox 225 2602 351 2664; x_wconf 82' lang='lat' dir='ltr'><strong>Cuneus.</strong></span> <span class='ocrx_word' id='word_1_181' title='bbox 401 2601 507 2667; x_wconf 81' lang='lat' dir='ltr'><strong>Quam</strong></span> <span class='ocrx_word' id='word_1_182' title='bbox 528 2608 637 2664; x_wconf 90' lang='lat' dir='ltr'><strong>autem</strong></span> <span class='ocrx_word' id='word_1_183' title='bbox 657 2622 771 2684; x_wconf 92' lang='lat' dir='ltr'><strong>parum</strong></span> <span class='ocrx_word' id='word_1_184' title='bbox 790 2602 930 2685; x_wconf 86' lang='lat' dir='ltr'><strong>benigne</strong></span> <span class='ocrx_word' id='word_1_185' title='bbox 951 2610 1099 2685; x_wconf 89' lang='lat' dir='ltr'><strong>acceptus</strong></span> <span class='ocrx_word' id='word_1_186' title='bbox 1118 2602 1210 2667; x_wconf 86' lang='lat' dir='ltr'><strong>labor</strong></span> 
     </span>
     <span class='ocr_line' id='line_1_24' title="bbox 110 2703 1209 2787; baseline 0.001 -21"><span class='ocrx_word' id='word_1_187' title='bbox 110 2704 147 2766; x_wconf 93' lang='lat' dir='ltr'><strong>in</strong></span> <span class='ocrx_word' id='word_1_188' title='bbox 162 2725 200 2768; x_wconf 84' lang='lat' dir='ltr'><strong>so</strong></span> <span class='ocrx_word' id='word_1_189' title='bbox 215 2704 404 2782; x_wconf 87' lang='lat' dir='ltr'><strong>Cardinalis,</strong></span> <span class='ocrx_word' id='word_1_190' title='bbox 421 2703 492 2787; x_wconf 89' lang='lat' dir='ltr'><strong>quis</strong></span> <span class='ocrx_word' id='word_1_191' title='bbox 505 2704 632 2767; x_wconf 83' lang='lat' dir='ltr'><strong>nescit?</strong></span> <span class='ocrx_word' id='word_1_192' title='bbox 678 2704 726 2767; x_wconf 93' lang='lat' dir='ltr'><strong>Ut</strong></span> <span class='ocrx_word' id='word_1_193' title='bbox 742 2704 807 2787; x_wconf 90' lang='lat' dir='ltr'><strong>qui,</strong></span> <span class='ocrx_word' id='word_1_194' title='bbox 823 2711 891 2767; x_wconf 88' lang='lat' dir='ltr'><strong>tam</strong></span> <span class='ocrx_word' id='word_1_195' title='bbox 913 2706 1017 2768; x_wconf 88' lang='lat' dir='ltr'><strong>multa</strong></span> <span class='ocrx_word' id='word_1_196' title='bbox 1038 2704 1083 2768; x_wconf 92' lang='lat' dir='ltr'><strong>ibi</strong></span> <span class='ocrx_word' id='word_1_197' title='bbox 1105 2705 1209 2786; x_wconf 90' lang='lat' dir='ltr'><strong>indig-</strong></span> 
     </span>
     <span class='ocr_line' id='line_1_25' title="bbox 111 2806 1209 2891; baseline -0.001 -21"><span class='ocrx_word' id='word_1_198' title='bbox 111 2807 243 2871; x_wconf 90' lang='lat' dir='ltr'><strong>nissime</strong></span> <span class='ocrx_word' id='word_1_199' title='bbox 257 2814 290 2871; x_wconf 92' lang='lat' dir='ltr'><strong>et</strong></span> <span class='ocrx_word' id='word_1_200' title='bbox 306 2806 467 2890; x_wconf 89' lang='lat' dir='ltr'><strong>derogarit</strong></span> <span class='ocrx_word' id='word_1_201' title='bbox 483 2806 603 2889; x_wconf 87' lang='lat' dir='ltr'><strong>Regiae,</strong></span> <span class='ocrx_word' id='word_1_202' title='bbox 620 2813 653 2870; x_wconf 85' lang='lat' dir='ltr'><strong>ot</strong></span> <span class='ocrx_word' id='word_1_203' title='bbox 669 2808 824 2889; x_wconf 88' lang='lat' dir='ltr'><strong>arrogarit</strong></span> <span class='ocrx_word' id='word_1_204' title='bbox 848 2809 1025 2872; x_wconf 86' lang='lat' dir='ltr'><strong>Pontifioiae</strong></span> <span class='ocrx_word' id='word_1_205' title='bbox 1039 2810 1209 2891; x_wconf 89' lang='lat' dir='ltr'><strong>potestati:</strong></span> 
     </span>
     <span class='ocr_line' id='line_1_26' title="bbox 111 2909 1210 2993; baseline -0.002 -18"><span class='ocrx_word' id='word_1_206' title='bbox 111 2931 173 2975; x_wconf 88' lang='lat' dir='ltr'><strong>nec</strong></span> <span class='ocrx_word' id='word_1_207' title='bbox 187 2909 338 2974; x_wconf 85' lang='lat' dir='ltr'><strong>metuerit</strong></span> <span class='ocrx_word' id='word_1_208' title='bbox 352 2930 411 2993; x_wconf 89' lang='lat' dir='ltr'><strong>pro</strong></span> <span class='ocrx_word' id='word_1_209' title='bbox 426 2910 601 2973; x_wconf 91' lang='lat' dir='ltr'><strong>Catholicis</strong></span> <span class='ocrx_word' id='word_1_210' title='bbox 616 2910 832 2993; x_wconf 87' lang='lat' dir='ltr'><strong>Dogmatibus</strong></span> <span class='ocrx_word' id='word_1_211' title='bbox 846 2911 977 2975; x_wconf 87' lang='lat' dir='ltr'><strong>Semina</strong></span> <span class='ocrx_word' id='word_1_212' title='bbox 996 2912 1210 2975; x_wconf 87' lang='lat' dir='ltr'><strong>defectionum</strong></span> 
     </span>
     <span class='ocr_line' id='line_1_27' title="bbox 111 3012 1212 3098; baseline 0 -21"><span class='ocrx_word' id='word_1_213' title='bbox 111 3020 146 3078; x_wconf 90' lang='lat' dir='ltr'><strong>et</strong></span> <span class='ocrx_word' id='word_1_214' title='bbox 160 3012 376 3098; x_wconf 88' lang='lat' dir='ltr'><strong>proditionum</strong></span> <span class='ocrx_word' id='word_1_215' title='bbox 391 3019 459 3075; x_wconf 90' lang='lat' dir='ltr'><strong>tam</strong></span> <span class='ocrx_word' id='word_1_216' title='bbox 475 3013 581 3094; x_wconf 91' lang='lat' dir='ltr'><strong>palam</strong></span> <span class='ocrx_word' id='word_1_217' title='bbox 597 3012 769 3096; x_wconf 84' lang='lat' dir='ltr'><strong>divulgare,</strong></span> <span class='ocrx_word' id='word_1_218' title='bbox 780 3015 877 3079; x_wconf 88' lang='lat' dir='ltr'><strong>etiam</strong></span> <span class='ocrx_word' id='word_1_219' title='bbox 892 3014 978 3078; x_wconf 87' lang='lat' dir='ltr'><strong>unda</strong></span> <span class='ocrx_word' id='word_1_220' title='bbox 988 3015 1080 3079; x_wconf 83' lang='lat' dir='ltr'><strong>Cives</strong></span> <span class='ocrx_word' id='word_1_221' title='bbox 1094 3015 1212 3098; x_wconf 90' lang='lat' dir='ltr'><strong>perditi</strong></span> 
     </span>
     <span class='ocr_line' id='line_1_28' title="bbox 111 3113 1212 3200; baseline 0 -20"><span class='ocrx_word' id='word_1_222' title='bbox 111 3115 327 3200; x_wconf 86' lang='lat' dir='ltr'><strong>patrocinium</strong></span> <span class='ocrx_word' id='word_1_223' title='bbox 342 3113 403 3178; x_wconf 90' lang='lat' dir='ltr'><strong>sibi</strong></span> <span class='ocrx_word' id='word_1_224' title='bbox 418 3135 438 3176; x_wconf 90' lang='lat' dir='ltr'><strong>a</strong></span> <span class='ocrx_word' id='word_1_225' title='bbox 453 3115 632 3197; x_wconf 88' lang='lat' dir='ltr'><strong>Religionis</strong></span> <span class='ocrx_word' id='word_1_226' title='bbox 646 3116 748 3198; x_wconf 85' lang='lat' dir='ltr'><strong>specie</strong></span> <span class='ocrx_word' id='word_1_227' title='bbox 763 3117 934 3200; x_wconf 86' lang='lat' dir='ltr'><strong>arripiant:</strong></span> <span class='ocrx_word' id='word_1_228' title='bbox 957 3126 995 3181; x_wconf 90' lang='lat' dir='ltr'><strong>ut</strong></span> <span class='ocrx_word' id='word_1_229' title='bbox 1009 3117 1125 3181; x_wconf 90' lang='lat' dir='ltr'><strong>merito</strong></span> <span class='ocrx_word' id='word_1_230' title='bbox 1140 3126 1212 3180; x_wconf 90' lang='lat' dir='ltr'><strong>tan·</strong></span> 
     </span>
     <span class='ocr_line' id='line_1_29' title="bbox 112 3217 1214 3302; baseline -0.002 -19"><span class='ocrx_word' id='word_1_231' title='bbox 112 3220 187 3283; x_wconf 90' lang='lat' dir='ltr'><strong>dem</strong></span> <span class='ocrx_word' id='word_1_232' title='bbox 206 3217 427 3293; x_wconf 90' lang='lat' dir='ltr'><strong>intolerabilis,</strong></span> <span class='ocrx_word' id='word_1_233' title='bbox 445 3217 526 3282; x_wconf 89' lang='lat' dir='ltr'><strong>Orbi</strong></span> <span class='ocrx_word' id='word_1_234' title='bbox 550 3218 745 3297; x_wconf 89' lang='lat' dir='ltr'><strong>Christiano,</strong></span> <span class='ocrx_word' id='word_1_235' title='bbox 761 3219 835 3282; x_wconf 88' lang='lat' dir='ltr'><strong>fidei</strong></span> <span class='ocrx_word' id='word_1_236' title='bbox 860 3219 1032 3283; x_wconf 68' lang='lat' dir='ltr'><strong>Catholicae</strong></span> <span class='ocrx_word' id='word_1_237' title='bbox 1055 3219 1214 3302; x_wconf 88' lang='lat' dir='ltr'><strong>Magister</strong></span> 
     </span>
     <span class='ocr_line' id='line_1_30' title="bbox 108 3320 1211 3407; baseline 0 -22"><span class='ocrx_word' id='word_1_238' title='bbox 108 3321 283 3407; x_wconf 80' lang='lat' dir='ltr'><strong>judicetur.</strong></span> <span class='ocrx_word' id='word_1_239' title='bbox 328 3321 400 3384; x_wconf 88' lang='lat' dir='ltr'><strong>Nee</strong></span> <span class='ocrx_word' id='word_1_240' title='bbox 418 3321 488 3404; x_wconf 88' lang='lat' dir='ltr'><strong>jam</strong></span> <span class='ocrx_word' id='word_1_241' title='bbox 507 3320 604 3383; x_wconf 91' lang='lat' dir='ltr'><strong>unius</strong></span> <span class='ocrx_word' id='word_1_242' title='bbox 627 3321 732 3403; x_wconf 87' lang='lat' dir='ltr'><strong>Regni</strong></span> <span class='ocrx_word' id='word_1_243' title='bbox 752 3320 920 3398; x_wconf 87' lang='lat' dir='ltr'><strong>Gallicani,</strong></span> <span class='ocrx_word' id='word_1_244' title='bbox 937 3320 992 3384; x_wconf 87' lang='lat' dir='ltr'><strong>sed</strong></span> <span class='ocrx_word' id='word_1_245' title='bbox 1015 3328 1047 3384; x_wconf 88' lang='lat' dir='ltr'><strong>ct</strong></span> <span class='ocrx_word' id='word_1_246' title='bbox 1070 3321 1211 3404; x_wconf 90' lang='lat' dir='ltr'><strong>plurium</strong></span> 
     </span>
     <span class='ocr_line' id='line_1_31' title="bbox 109 3422 1213 3509; baseline -0.002 -21"><span class='ocrx_word' id='word_1_247' title='bbox 109 3424 241 3509; x_wconf 89' lang='lat' dir='ltr'><strong>judiciis</strong></span> <span class='ocrx_word' id='word_1_248' title='bbox 254 3429 386 3488; x_wconf 92' lang='lat' dir='ltr'><strong>notatus</strong></span> <span class='ocrx_word' id='word_1_249' title='bbox 406 3423 457 3501; x_wconf 91' lang='lat' dir='ltr'><strong>sit,</strong></span> <span class='ocrx_word' id='word_1_250' title='bbox 474 3431 506 3486; x_wconf 94' lang='lat' dir='ltr'><strong>et</strong></span> <span class='ocrx_word' id='word_1_251' title='bbox 522 3422 606 3506; x_wconf 92' lang='lat' dir='ltr'><strong>apud</strong></span> <span class='ocrx_word' id='word_1_252' title='bbox 625 3444 700 3487; x_wconf 90' lang='lat' dir='ltr'><strong>suos</strong></span> <span class='ocrx_word' id='word_1_253' title='bbox 715 3424 1047 3486; x_wconf 79' lang='lat' dir='ltr'><strong>Romano-Catholicos</strong></span> <span class='ocrx_word' id='word_1_254' title='bbox 1062 3423 1213 3487; x_wconf 88' lang='lat' dir='ltr'><strong>inimicus</strong></span> 
     </span>
     <span class='ocr_line' id='line_1_32' title="bbox 114 3524 1214 3605; baseline -0.005 -12"><span class='ocrx_word' id='word_1_255' title='bbox 114 3527 216 3593; x_wconf 87' lang='lat' dir='ltr'><strong>civilis</strong></span> <span class='ocrx_word' id='word_1_256' title='bbox 240 3525 431 3592; x_wconf 87' lang='lat' dir='ltr'><strong>obedientiae</strong></span> <span class='ocrx_word' id='word_1_257' title='bbox 455 3525 574 3604; x_wconf 89' lang='lat' dir='ltr'><strong>audiat,</strong></span> <span class='ocrx_word' id='word_1_258' title='bbox 601 3532 635 3589; x_wconf 93' lang='lat' dir='ltr'><strong>et</strong></span> <span class='ocrx_word' id='word_1_259' title='bbox 660 3546 727 3588; x_wconf 94' lang='lat' dir='ltr'><strong>non</strong></span> <span class='ocrx_word' id='word_1_260' title='bbox 751 3524 951 3589; x_wconf 89' lang='lat' dir='ltr'><strong>auctoritatis</strong></span> <span class='ocrx_word' id='word_1_261' title='bbox 973 3525 1079 3605; x_wconf 90' lang='lat' dir='ltr'><strong>modo,</strong></span> <span class='ocrx_word' id='word_1_262' title='bbox 1103 3524 1214 3591; x_wconf 89' lang='lat' dir='ltr'><strong>sedet</strong></span> 
     </span>
     <span class='ocr_line' id='line_1_33' title="bbox 115 3628 609 3711; baseline -0.01 -16"><span class='ocrx_word' id='word_1_263' title='bbox 115 3630 295 3695; x_wconf 90' lang='lat' dir='ltr'><strong>securitatis</strong></span> <span class='ocrx_word' id='word_1_264' title='bbox 310 3650 347 3692; x_wconf 91' lang='lat' dir='ltr'><strong>ac</strong></span> <span class='ocrx_word' id='word_1_265' title='bbox 363 3628 474 3691; x_wconf 90' lang='lat' dir='ltr'><strong>salutis</strong></span> <span class='ocrx_word' id='word_1_266' title='bbox 490 3628 609 3711; x_wconf 86' lang='lat' dir='ltr'><strong>Regiae.</strong></span> 
     </span>
    </p>

    <p class='ocr_par' dir='ltr' id='par_1_6' title="bbox 113 3729 1219 4532">
     <span class='ocr_line' id='line_1_34' title="bbox 159 3729 1215 3814; baseline -0.002 -16"><span class='ocrx_word' id='word_1_267' title='bbox 159 3733 244 3798; x_wconf 88' lang='lat' dir='ltr'><strong>Mihi</strong></span> <span class='ocrx_word' id='word_1_268' title='bbox 266 3754 349 3810; x_wconf 87' lang='lat' dir='ltr'><strong>voro,</strong></span> <span class='ocrx_word' id='word_1_269' title='bbox 373 3732 408 3794; x_wconf 92' lang='lat' dir='ltr'><strong>in</strong></span> <span class='ocrx_word' id='word_1_270' title='bbox 425 3731 643 3814; x_wconf 82' lang='lat' dir='ltr'><strong>Responsione</strong></span> <span class='ocrx_word' id='word_1_271' title='bbox 669 3731 729 3794; x_wconf 86' lang='lat' dir='ltr'><strong>hac</strong></span> <span class='ocrx_word' id='word_1_272' title='bbox 754 3729 853 3793; x_wconf 89' lang='lat' dir='ltr'><strong>levior</strong></span> <span class='ocrx_word' id='word_1_273' title='bbox 877 3729 1006 3794; x_wconf 82' lang='lat' dir='ltr'><strong>hrturus</strong></span> <span class='ocrx_word' id='word_1_274' title='bbox 1032 3737 1101 3794; x_wconf 87' lang='lat' dir='ltr'><strong>erat</strong></span> <span class='ocrx_word' id='word_1_275' title='bbox 1123 3730 1215 3796; x_wconf 89' lang='lat' dir='ltr'><strong>labor</strong></span> 
     </span>
     <span class='ocr_line' id='line_1_35' title="bbox 113 3832 1214 3920; baseline -0.002 -20"><span class='ocrx_word' id='word_1_276' title='bbox 113 3836 242 3920; x_wconf 90' lang='lat' dir='ltr'><strong>(itidem</strong></span> <span class='ocrx_word' id='word_1_277' title='bbox 258 3844 291 3900; x_wconf 90' lang='lat' dir='ltr'><strong>et</strong></span> <span class='ocrx_word' id='word_1_278' title='bbox 305 3835 365 3898; x_wconf 92' lang='lat' dir='ltr'><strong>tibi</strong></span> <span class='ocrx_word' id='word_1_279' title='bbox 381 3835 510 3914; x_wconf 85' lang='lat' dir='ltr'><strong>Lector)</strong></span> <span class='ocrx_word' id='word_1_280' title='bbox 529 3855 599 3916; x_wconf 86' lang='lat' dir='ltr'><strong>quae</strong></span> <span class='ocrx_word' id='word_1_281' title='bbox 620 3833 753 3917; x_wconf 88' lang='lat' dir='ltr'><strong>sparsim</strong></span> <span class='ocrx_word' id='word_1_282' title='bbox 776 3832 829 3895; x_wconf 87' lang='lat' dir='ltr'><strong>hic</strong></span> <span class='ocrx_word' id='word_1_283' title='bbox 850 3839 1019 3896; x_wconf 87' lang='lat' dir='ltr'><strong>recurrunt</strong></span> <span class='ocrx_word' id='word_1_284' title='bbox 1037 3834 1121 3916; x_wconf 89' lang='lat' dir='ltr'><strong>apud</strong></span> <span class='ocrx_word' id='word_1_285' title='bbox 1137 3835 1214 3899; x_wconf 89' lang='lat' dir='ltr'><strong>Car·</strong></span> 
     </span>
     <span class='ocr_line' id='line_1_36' title="bbox 115 3935 1216 4018; baseline -0.003 -15"><span class='ocrx_word' id='word_1_286' title='bbox 115 3938 256 4003; x_wconf 88' lang='lat' dir='ltr'><strong>dinalem</strong></span> <span class='ocrx_word' id='word_1_287' title='bbox 277 3937 388 4001; x_wconf 88' lang='lat' dir='ltr'><strong>eadem</strong></span> <span class='ocrx_word' id='word_1_288' title='bbox 409 3935 449 4000; x_wconf 90' lang='lat' dir='ltr'><strong>de</strong></span> <span class='ocrx_word' id='word_1_289' title='bbox 470 3956 506 3999; x_wconf 91' lang='lat' dir='ltr'><strong>re</strong></span> <span class='ocrx_word' id='word_1_290' title='bbox 525 3935 633 4013; x_wconf 89' lang='lat' dir='ltr'><strong>toties,</strong></span> <span class='ocrx_word' id='word_1_291' title='bbox 649 3936 690 3998; x_wconf 89' lang='lat' dir='ltr'><strong>ad</strong></span> <span class='ocrx_word' id='word_1_292' title='bbox 711 3943 798 3998; x_wconf 88' lang='lat' dir='ltr'><strong>certa</strong></span> <span class='ocrx_word' id='word_1_293' title='bbox 813 3936 927 4018; x_wconf 88' lang='lat' dir='ltr'><strong>Capita</strong></span> <span class='ocrx_word' id='word_1_294' title='bbox 941 3936 1118 4000; x_wconf 80' lang='lat' dir='ltr'><strong>revocandi.</strong></span> <span class='ocrx_word' id='word_1_295' title='bbox 1164 3936 1216 4015; x_wconf 92' lang='lat' dir='ltr'><strong>Id,</strong></span> 
     </span>
     <span class='ocr_line' id='line_1_37' title="bbox 117 4036 1217 4124; baseline -0.002 -20"><span class='ocrx_word' id='word_1_296' title='bbox 117 4041 310 4124; x_wconf 90' lang='lat' dir='ltr'><strong>quominus</strong></span> <span class='ocrx_word' id='word_1_297' title='bbox 331 4039 366 4102; x_wconf 93' lang='lat' dir='ltr'><strong>in</strong></span> <span class='ocrx_word' id='word_1_298' title='bbox 386 4038 491 4121; x_wconf 89' lang='lat' dir='ltr'><strong>priore</strong></span> <span class='ocrx_word' id='word_1_299' title='bbox 511 4036 618 4116; x_wconf 89' lang='lat' dir='ltr'><strong>fuerit,</strong></span> <span class='ocrx_word' id='word_1_300' title='bbox 636 4058 699 4120; x_wconf 93' lang='lat' dir='ltr'><strong>quo</strong></span> <span class='ocrx_word' id='word_1_301' title='bbox 719 4038 826 4100; x_wconf 92' lang='lat' dir='ltr'><strong>minus</strong></span> <span class='ocrx_word' id='word_1_302' title='bbox 846 4037 933 4101; x_wconf 92' lang='lat' dir='ltr'><strong>etin</strong></span> <span class='ocrx_word' id='word_1_303' title='bbox 953 4038 1014 4102; x_wconf 83' lang='lat' dir='ltr'><strong>hac</strong></span> <span class='ocrx_word' id='word_1_304' title='bbox 1037 4037 1217 4122; x_wconf 86' lang='lat' dir='ltr'><strong>praestitum</strong></span> 
     </span>
     <span class='ocr_line' id='line_1_38' title="bbox 115 4138 1217 4224; baseline -0.002 -18"><span class='ocrx_word' id='word_1_305' title='bbox 115 4144 169 4221; x_wconf 90' lang='lat' dir='ltr'><strong>sit,</strong></span> <span class='ocrx_word' id='word_1_306' title='bbox 182 4143 305 4206; x_wconf 88' lang='lat' dir='ltr'><strong>faciunt</strong></span> <span class='ocrx_word' id='word_1_307' title='bbox 318 4141 496 4223; x_wconf 90' lang='lat' dir='ltr'><strong>importuni</strong></span> <span class='ocrx_word' id='word_1_308' title='bbox 512 4139 652 4224; x_wconf 89' lang='lat' dir='ltr'><strong>quidam,</strong></span> <span class='ocrx_word' id='word_1_309' title='bbox 663 4139 718 4222; x_wconf 92' lang='lat' dir='ltr'><strong>qui</strong></span> <span class='ocrx_word' id='word_1_310' title='bbox 734 4138 906 4204; x_wconf 80' lang='lat' dir='ltr'><strong>desultoris</strong></span> <span class='ocrx_word' id='word_1_311' title='bbox 921 4141 1048 4223; x_wconf 89' lang='lat' dir='ltr'><strong>singula</strong></span> <span class='ocrx_word' id='word_1_312' title='bbox 1061 4141 1217 4223; x_wconf 89' lang='lat' dir='ltr'><strong>legentes,</strong></span> 
     </span>
     <span class='ocr_line' id='line_1_39' title="bbox 114 4241 1219 4327; baseline -0.003 -19"><span class='ocrx_word' id='word_1_313' title='bbox 114 4245 173 4309; x_wconf 92' lang='lat' dir='ltr'><strong>ubi</strong></span> <span class='ocrx_word' id='word_1_314' title='bbox 187 4245 223 4307; x_wconf 92' lang='lat' dir='ltr'><strong>in</strong></span> <span class='ocrx_word' id='word_1_315' title='bbox 237 4243 357 4327; x_wconf 88' lang='lat' dir='ltr'><strong>aliquid</strong></span> <span class='ocrx_word' id='word_1_316' title='bbox 368 4243 553 4308; x_wconf 86' lang='lat' dir='ltr'><strong>Adversarii</strong></span> <span class='ocrx_word' id='word_1_317' title='bbox 563 4243 646 4306; x_wconf 85' lang='lat' dir='ltr'><strong>forte</strong></span> <span class='ocrx_word' id='word_1_318' title='bbox 660 4241 819 4320; x_wconf 88' lang='lat' dir='ltr'><strong>incidunt,</strong></span> <span class='ocrx_word' id='word_1_319' title='bbox 829 4243 880 4304; x_wconf 86' lang='lat' dir='ltr'><strong>cui</strong></span> <span class='ocrx_word' id='word_1_320' title='bbox 896 4242 1006 4306; x_wconf 89' lang='lat' dir='ltr'><strong>eodem</strong></span> <span class='ocrx_word' id='word_1_321' title='bbox 1023 4243 1133 4304; x_wconf 89' lang='lat' dir='ltr'><strong>statim</strong></span> <span class='ocrx_word' id='word_1_322' title='bbox 1147 4243 1219 4305; x_wconf 89' lang='lat' dir='ltr'><strong>loco</strong></span> 
     </span>
     <span class='ocr_line' id='line_1_40' title="bbox 119 4342 1219 4430; baseline -0.003 -20"><span class='ocrx_word' id='word_1_323' title='bbox 119 4347 196 4430; x_wconf 92' lang='lat' dir='ltr'><strong>(quo</strong></span> <span class='ocrx_word' id='word_1_324' title='bbox 207 4352 391 4429; x_wconf 82' lang='lat' dir='ltr'><strong>exspectant</strong></span> <span class='ocrx_word' id='word_1_325' title='bbox 400 4344 473 4428; x_wconf 88' lang='lat' dir='ltr'><strong>ipsi)</strong></span> <span class='ocrx_word' id='word_1_326' title='bbox 484 4344 647 4428; x_wconf 88' lang='lat' dir='ltr'><strong>responsio</strong></span> <span class='ocrx_word' id='word_1_327' title='bbox 656 4363 724 4407; x_wconf 90' lang='lat' dir='ltr'><strong>non</strong></span> <span class='ocrx_word' id='word_1_328' title='bbox 736 4344 913 4428; x_wconf 79' lang='lat' dir='ltr'><strong>subJ&#39;icitur,</strong></span> <span class='ocrx_word' id='word_1_329' title='bbox 924 4344 995 4426; x_wconf 80' lang='lat' dir='ltr'><strong>(etsi</strong></span> <span class='ocrx_word' id='word_1_330' title='bbox 1004 4342 1080 4406; x_wconf 91' lang='lat' dir='ltr'><strong>alibi</strong></span> <span class='ocrx_word' id='word_1_331' title='bbox 1090 4342 1219 4407; x_wconf 89' lang='lat' dir='ltr'><strong>abunde</strong></span> 
     </span>
     <span class='ocr_line' id='line_1_41' title="bbox 117 4443 1219 4532; baseline -0.005 -19"><span class='ocrx_word' id='word_1_332' title='bbox 117 4448 264 4532; x_wconf 86' lang='lat' dir='ltr'><strong>satisfiat)</strong></span> <span class='ocrx_word' id='word_1_333' title='bbox 283 4455 391 4512; x_wconf 89' lang='lat' dir='ltr'><strong>actum</strong></span> <span class='ocrx_word' id='word_1_334' title='bbox 409 4448 550 4512; x_wconf 88' lang='lat' dir='ltr'><strong>clamant</strong></span> <span class='ocrx_word' id='word_1_335' title='bbox 566 4447 605 4510; x_wconf 89' lang='lat' dir='ltr'><strong>de</strong></span> <span class='ocrx_word' id='word_1_336' title='bbox 620 4467 734 4512; x_wconf 89' lang='lat' dir='ltr'><strong>causa:</strong></span> <span class='ocrx_word' id='word_1_337' title='bbox 756 4446 837 4510; x_wconf 90' lang='lat' dir='ltr'><strong>illud</strong></span> <span class='ocrx_word' id='word_1_338' title='bbox 852 4446 1039 4508; x_wconf 80' lang='lat' dir='ltr'><strong>Herculeam</strong></span> <span class='ocrx_word' id='word_1_339' title='bbox 1060 4443 1169 4524; x_wconf 86' lang='lat' dir='ltr'><strong>fuisse,</strong></span> <span class='ocrx_word' id='word_1_340' title='bbox 1185 4450 1219 4509; x_wconf 90' lang='lat' dir='ltr'><strong>et</strong></span> 
     </span>
    </p>
   </div>
   <div class='ocr_carea' id='block_1_5' title="bbox 0 0 1476 4926">
    <p class='ocr_par' dir='ltr' id='par_1_7' title="bbox 0 0 1476 4926">
     <span class='ocr_line' id='line_1_42' title="bbox 0 0 1476 4926; baseline 0 0"><span class='ocrx_word' id='word_1_341' title='bbox 0 0 1476 4926; x_wconf 95' lang='lat' dir='ltr'><strong> </strong></span> 
     </span>
    </p>
   </div>
  </div>
 </body>
</html>
