<?xml version="1.0" encoding="UTF-8"?>
<!DOCTYPE html PUBLIC "-//W3C//DTD XHTML 1.0 Transitional//EN"
    "http://www.w3.org/TR/xhtml1/DTD/xhtml1-transitional.dtd">
<html xmlns="http://www.w3.org/1999/xhtml" xml:lang="en" lang="en">
 <head>
  <title>
</title>
<meta http-equiv="Content-Type" content="text/html;charset=utf-8" />
  <meta name='ocr-system' content='tesseract 3.04.00' />
  <meta name='ocr-capabilities' content='ocr_page ocr_carea ocr_par ocr_line ocrx_word'/>
</head>
<body>
  <div class='ocr_page' id='page_1' title='image "./responsioadapol00andrgoog_0320.png"; bbox 0 0 2910 4926; ppageno 0'>
   <div class='ocr_carea' id='block_1_1' title="bbox 466 295 1212 357">
    <p class='ocr_par' dir='ltr' id='par_1_1' title="bbox 466 295 1212 357">
     <span class='ocr_line' id='line_1_1' title="bbox 466 295 1212 357; baseline 0.005 -5"><span class='ocrx_word' id='word_1_1' title='bbox 466 304 650 353; x_wconf 79' lang='lat' dir='ltr'><strong>snosoumu</strong></span> <span class='ocrx_word' id='word_1_2' title='bbox 671 305 853 354; x_wconf 81' lang='lat' dir='ltr'><strong>nnssons1o.</strong></span> <span class='ocrx_word' id='word_1_3' title='bbox 1146 295 1212 357; x_wconf 79' lang='lat'><strong>277</strong></span> 
     </span>
    </p>
   </div>
   <div class='ocr_carea' id='block_1_2' title="bbox 104 458 1211 749">
    <p class='ocr_par' dir='ltr' id='par_1_2' title="bbox 104 458 1211 749">
     <span class='ocr_line' id='line_1_2' title="bbox 110 458 1210 546; baseline 0.009 -26"><span class='ocrx_word' id='word_1_4' title='bbox 110 458 267 541; x_wconf 77' lang='lat' dir='ltr'><strong>Temptant</strong></span> <span class='ocrx_word' id='word_1_5' title='bbox 291 459 411 544; x_wconf 66' lang='lat' dir='ltr'><strong>alibin)</strong></span> <span class='ocrx_word' id='word_1_6' title='bbox 443 483 500 526; x_wconf 86' lang='lat' dir='ltr'><strong>seu</strong></span> <span class='ocrx_word' id='word_1_7' title='bbox 523 484 631 527; x_wconf 82' lang='lat' dir='ltr'><strong>coram</strong></span> <span class='ocrx_word' id='word_1_8' title='bbox 652 470 754 527; x_wconf 86' lang='lat' dir='ltr'><strong>monte</strong></span> <span class='ocrx_word' id='word_1_9' title='bbox 768 464 817 527; x_wconf 84' lang='lat' dir='ltr'><strong>vei</strong></span> <span class='ocrx_word' id='word_1_10' title='bbox 840 464 992 530; x_wconf 68' lang='lat' dir='ltr'><strong>stabello.</strong></span> <span class='ocrx_word' id='word_1_11' title='bbox 1036 465 1076 528; x_wconf 89' lang='lat' dir='ltr'><strong>In</strong></span> <span class='ocrx_word' id='word_1_12' title='bbox 1098 473 1210 546; x_wconf 85' lang='lat' dir='ltr'><strong>monte,</strong></span> 
     </span>
     <span class='ocr_line' id='line_1_3' title="bbox 106 564 1211 649; baseline 0.009 -24"><span class='ocrx_word' id='word_1_13' title='bbox 106 564 319 630; x_wconf 77' lang='lat' dir='ltr'><strong>vestesvertit</strong></span> <span class='ocrx_word' id='word_1_14' title='bbox 330 565 496 649; x_wconf 85' lang='lat' dir='ltr'><strong>Interpres</strong></span> <span class='ocrx_word' id='word_1_15' title='bbox 507 567 636 644; x_wconf 61' lang='lat' dir='ltr'><strong>Asinos</strong></span> <span class='ocrx_word' id='word_1_16' title='bbox 660 575 698 631; x_wconf 90' lang='lat' dir='ltr'><strong>nt</strong></span> <span class='ocrx_word' id='word_1_17' title='bbox 712 569 820 647; x_wconf 87' lang='lat' dir='ltr'><strong>monti,</strong></span> <span class='ocrx_word' id='word_1_18' title='bbox 836 567 1044 635; x_wconf 76' lang='lat' dir='ltr'><strong>sioSsabeilo.</strong></span> <span class='ocrx_word' id='word_1_19' title='bbox 1066 569 1211 636; x_wconf 72' lang='lat' dir='ltr'><strong>Neutro·</strong></span> 
     </span>
     <span class='ocr_line' id='line_1_4' title="bbox 104 663 676 749; baseline 0.009 -21"><span class='ocrx_word' id='word_1_20' title='bbox 104 663 201 749; x_wconf 87' lang='lat' dir='ltr'>bique</span> <span class='ocrx_word' id='word_1_21' title='bbox 216 667 267 730; x_wconf 88' lang='lat' dir='ltr'><strong>vel</strong></span> <span class='ocrx_word' id='word_1_22' title='bbox 282 668 456 732; x_wconf 84' lang='lat' dir='ltr'><strong>Scabellnns</strong></span> <span class='ocrx_word' id='word_1_23' title='bbox 469 670 520 732; x_wconf 84' lang='lat' dir='ltr'><strong>vel</strong></span> <span class='ocrx_word' id='word_1_24' title='bbox 535 676 676 733; x_wconf 84' lang='lat' dir='ltr'><strong>montem.</strong></span> 
     </span>
    </p>
   </div>
   <div class='ocr_carea' id='block_1_3' title="bbox 66 806 1368 2815">
    <p class='ocr_par' dir='ltr' id='par_1_3' title="bbox 66 806 1211 1040">
     <span class='ocr_line' id='line_1_5' title="bbox 138 806 1211 880; baseline 0.008 -23"><span class='ocrx_word' id='word_1_25' title='bbox 138 806 297 872; x_wconf 72' lang='lat' dir='ltr'><strong>Imaginibus</strong></span> <span class='ocrx_word' id='word_1_26' title='bbox 313 825 365 861; x_wconf 92' lang='lat' dir='ltr'><strong>non</strong></span> <span class='ocrx_word' id='word_1_27' title='bbox 383 812 528 876; x_wconf 79' lang='lat' dir='ltr'><strong>supplicant</strong></span> <span class='ocrx_word' id='word_1_28' title='bbox 529 848 633 871; x_wconf 85' lang='grc'><strong>.....</strong></span> <span class='ocrx_word' id='word_1_29' title='bbox 649 812 694 862; x_wconf 82' lang='lat' dir='ltr'><strong>sed</strong></span> <span class='ocrx_word' id='word_1_30' title='bbox 710 818 769 863; x_wconf 83' lang='lat' dir='ltr'><strong>unte</strong></span> <span class='ocrx_word' id='word_1_31' title='bbox 786 813 912 876; x_wconf 74' lang='lat' dir='ltr'><strong>imagines</strong></span> <span class='ocrx_word' id='word_1_32' title='bbox 927 815 1048 877; x_wconf 72' lang='lat' dir='ltr'><strong>prostrati</strong></span> <span class='ocrx_word' id='word_1_33' title='bbox 1064 815 1211 880; x_wconf 83' lang='lat' dir='ltr'><strong>snppliosnt</strong></span> 
     </span>
     <span class='ocr_line' id='line_1_6' title="bbox 169 889 1208 963; baseline 0.006 -23"><span class='ocrx_word' id='word_1_34' title='bbox 169 889 271 941; x_wconf 71' lang='lat' dir='ltr'><strong>Sanctis</strong></span> <span class='ocrx_word' id='word_1_35' title='bbox 281 892 309 940; x_wconf 91' lang='lat' dir='ltr'><strong>in</strong></span> <span class='ocrx_word' id='word_1_36' title='bbox 319 893 391 955; x_wconf 80' lang='lat' dir='ltr'><strong>cosio,</strong></span> <span class='ocrx_word' id='word_1_37' title='bbox 402 930 410 946; x_wconf 84' lang='lat'><strong>.</strong></span> <span class='ocrx_word' id='word_1_38' title='bbox 422 930 428 943; x_wconf 92' lang='lat'>.</span> <span class='ocrx_word' id='word_1_39' title='bbox 441 931 448 944; x_wconf 90' lang='lat'><strong><em>.</em></strong></span> <span class='ocrx_word' id='word_1_40' title='bbox 459 909 566 958; x_wconf 89' lang='lat' dir='ltr'><strong>quornm</strong></span> <span class='ocrx_word' id='word_1_41' title='bbox 577 894 630 944; x_wconf 76' lang='lat' dir='ltr'><strong>illio</strong></span> <span class='ocrx_word' id='word_1_42' title='bbox 641 900 701 944; x_wconf 87' lang='lat' dir='ltr'><strong>sunt</strong></span> <span class='ocrx_word' id='word_1_43' title='bbox 713 895 882 957; x_wconf 81' lang='lat' dir='ltr'><strong>imaginos-</strong></span> <span class='ocrx_word' id='word_1_44' title='bbox 890 894 965 960; x_wconf 82' lang='lat' dir='ltr'><strong>[Beli.</strong></span> <span class='ocrx_word' id='word_1_45' title='bbox 977 895 1054 960; x_wconf 80' lang='lat' dir='ltr'><strong>Apol.</strong></span> <span class='ocrx_word' id='word_1_46' title='bbox 1065 910 1112 961; x_wconf 85' lang='lat' dir='ltr'><strong>pro</strong></span> <span class='ocrx_word' id='word_1_47' title='bbox 1123 895 1208 963; x_wconf 64' lang='lat' dir='ltr'><strong>lisso]</strong></span> 
     </span>
     <span class='ocr_line' id='line_1_7' title="bbox 66 973 711 1040; baseline 0.009 -19"><span class='ocrx_word' id='word_1_48' title='bbox 66 998 70 1005; x_wconf 91' lang='lat'><strong>·</strong></span> <span class='ocrx_word' id='word_1_49' title='bbox 170 974 262 1037; x_wconf 80' lang='lat' dir='ltr'>p.118.</span> <span class='ocrx_word' id='word_1_50' title='bbox 280 973 348 1038; x_wconf 88' lang='lat' dir='ltr'><strong>[Op.,</strong></span> <span class='ocrx_word' id='word_1_51' title='bbox 366 979 428 1027; x_wconf 89' lang='lat' dir='ltr'><strong>tom.</strong></span> <span class='ocrx_word' id='word_1_52' title='bbox 438 977 483 1026; x_wconf 83' lang='lat' dir='ltr'><strong>vii.</strong></span> <span class='ocrx_word' id='word_1_53' title='bbox 501 977 548 1025; x_wconf 87' lang='lat' dir='ltr'><strong>ool.</strong></span> <span class='ocrx_word' id='word_1_54' title='bbox 561 977 616 1029; x_wconf 85' lang='grc'>768.</span> <span class='ocrx_word' id='word_1_55' title='bbox 625 977 657 1026; x_wconf 79' lang='lat' dir='ltr'><strong>A.</strong></span> <span class='ocrx_word' id='word_1_56' title='bbox 666 975 711 1040; x_wconf 89' lang='grc' dir='ltr'><strong>Β.]</strong></span> 
     </span>
    </p>

    <p class='ocr_par' dir='ltr' id='par_1_4' title="bbox 92 1070 1368 2815">
     <span class='ocr_line' id='line_1_8' title="bbox 147 1070 1336 1200; baseline 0.003 -66"><span class='ocrx_word' id='word_1_57' title='bbox 147 1070 220 1135; x_wconf 90' lang='lat' dir='ltr'><strong>Non</strong></span> <span class='ocrx_word' id='word_1_58' title='bbox 248 1076 405 1156; x_wconf 80' lang='lat' dir='ltr'><strong>supplicat</strong></span> <span class='ocrx_word' id='word_1_59' title='bbox 433 1076 632 1157; x_wconf 72' lang='lat' dir='ltr'><strong>insayinibas,</strong></span> <span class='ocrx_word' id='word_1_60' title='bbox 662 1076 719 1138; x_wconf 85' lang='lat' dir='ltr'><strong>sed</strong></span> <span class='ocrx_word' id='word_1_61' title='bbox 741 1082 926 1157; x_wconf 74' lang='lat' dir='ltr'><strong>prostratas</strong></span> <span class='ocrx_word' id='word_1_62' title='bbox 955 1084 1027 1152; x_wconf 84' lang='lat' dir='ltr'><strong>ante</strong></span> <span class='ocrx_word' id='word_1_63' title='bbox 1056 1079 1336 1200; x_wconf 54' lang='lat' dir='ltr'><strong>imayinesffiulgm</strong></span> 
     </span>
     <span class='ocr_line' id='line_1_9' title="bbox 102 1165 1361 1269; baseline 0.01 -33"><span class='ocrx_word' id='word_1_64' title='bbox 102 1177 259 1256; x_wconf 70' lang='lat' dir='ltr'><strong><em>supplicat</em></strong></span> <span class='ocrx_word' id='word_1_65' title='bbox 289 1179 426 1256; x_wconf 84' lang='lat' dir='ltr'><strong>Sanctis,</strong></span> <span class='ocrx_word' id='word_1_66' title='bbox 456 1200 586 1261; x_wconf 76' lang='lat' dir='ltr'><strong>quanm</strong></span> <span class='ocrx_word' id='word_1_67' title='bbox 616 1180 677 1241; x_wconf 76' lang='lat' dir='ltr'><strong>iila</strong></span> <span class='ocrx_word' id='word_1_68' title='bbox 707 1179 868 1261; x_wconf 66' lang='lat' dir='ltr'><strong>imaoines.</strong></span> <span class='ocrx_word' id='word_1_69' title='bbox 916 1181 995 1245; x_wconf 92' lang='lat' dir='ltr'><strong>Non</strong></span> <span class='ocrx_word' id='word_1_70' title='bbox 1027 1181 1096 1264; x_wconf 85' lang='lat' dir='ltr'><strong>ipse</strong></span> <span class='ocrx_word' id='word_1_71' title='bbox 1123 1181 1207 1247; x_wconf 82' lang='lat' dir='ltr'><strong>forte</strong></span> <span class='ocrx_word' id='word_1_72' title='bbox 1219 1165 1361 1269; x_wconf 55' lang='lat' dir='ltr'><strong>,iffi</strong></span> 
     </span>
     <span class='ocr_line' id='line_1_10' title="bbox 103 1278 1351 1397; baseline 0.001 -55"><span class='ocrx_word' id='word_1_73' title='bbox 103 1278 292 1359; x_wconf 80' lang='lat' dir='ltr'><strong>cardinalis,</strong></span> <span class='ocrx_word' id='word_1_74' title='bbox 310 1281 365 1364; x_wconf 92' lang='lat' dir='ltr'><strong>qni</strong></span> <span class='ocrx_word' id='word_1_75' title='bbox 385 1282 594 1364; x_wconf 76' lang='lat' dir='ltr'><strong>metaphysica</strong></span> <span class='ocrx_word' id='word_1_76' title='bbox 616 1280 730 1345; x_wconf 81' lang='lat' dir='ltr'><strong>doctus</strong></span> <span class='ocrx_word' id='word_1_77' title='bbox 752 1289 821 1345; x_wconf 84' lang='lat' dir='ltr'><strong>est:</strong></span> <span class='ocrx_word' id='word_1_78' title='bbox 844 1283 900 1345; x_wconf 83' lang='lat' dir='ltr'><strong>sod</strong></span> <span class='ocrx_word' id='word_1_79' title='bbox 917 1304 1026 1347; x_wconf 82' lang='lat' dir='ltr'><strong>nonne</strong></span> <span class='ocrx_word' id='word_1_80' title='bbox 1042 1284 1180 1368; x_wconf 88' lang='lat' dir='ltr'><strong>populus</strong></span> <span class='ocrx_word' id='word_1_81' title='bbox 1191 1287 1205 1350; x_wconf 80' lang='lat' dir='ltr'><strong>i</strong></span> <span class='ocrx_word' id='word_1_82' title='bbox 1218 1280 1351 1397; x_wconf 46' lang='lat' dir='ltr'>81⁰1th</span> 
     </span>
     <span class='ocr_line' id='line_1_11' title="bbox 103 1345 1368 1472; baseline 0.006 -26"><span class='ocrx_word' id='word_1_83' title='bbox 103 1380 309 1466; x_wconf 83' lang='lat' dir='ltr'><strong>Quanquam,</strong></span> <span class='ocrx_word' id='word_1_84' title='bbox 333 1384 411 1468; x_wconf 91' lang='lat' dir='ltr'><strong>qnid</strong></span> <span class='ocrx_word' id='word_1_85' title='bbox 433 1384 494 1449; x_wconf 88' lang='lat' dir='ltr'><strong>hoo</strong></span> <span class='ocrx_word' id='word_1_86' title='bbox 516 1384 613 1463; x_wconf 85' lang='lat' dir='ltr'><strong>alind,</strong></span> <span class='ocrx_word' id='word_1_87' title='bbox 635 1405 731 1468; x_wconf 86' lang='lat' dir='ltr'><strong>qusm</strong></span> <span class='ocrx_word' id='word_1_88' title='bbox 753 1386 839 1467; x_wconf 92' lang='lat' dir='ltr'><strong>qnod</strong></span> <span class='ocrx_word' id='word_1_89' title='bbox 862 1385 1022 1450; x_wconf 84' lang='lat' dir='ltr'><strong>Ethnious</strong></span> <span class='ocrx_word' id='word_1_90' title='bbox 1044 1387 1099 1451; x_wconf 87' lang='lat' dir='ltr'><strong>ille</strong></span> <span class='ocrx_word' id='word_1_91' title='bbox 1121 1359 1284 1472; x_wconf 64' lang='lat' dir='ltr'><strong>opud·supp</strong></span> <span class='ocrx_word' id='word_1_92' title='bbox 1303 1360 1333 1398; x_wconf 74' lang='lat'><strong>⁶⁸</strong></span> <span class='ocrx_word' id='word_1_93' title='bbox 1355 1345 1368 1414; x_wconf 92' lang='lat'><strong>]</strong></span> 
     </span>
     <span class='ocr_line' id='line_1_12' title="bbox 100 1488 1208 1577; baseline 0.006 -27"><span class='ocrx_word' id='word_1_94' title='bbox 100 1488 348 1570; x_wconf 81' lang='lat' dir='ltr'><strong>Augustinum?</strong></span> <span class='ocrx_word' id='word_1_95' title='bbox 390 1490 599 1553; x_wconf 78' lang='lat' dir='ltr'><strong>Simulacrum</strong></span> <span class='ocrx_word' id='word_1_96' title='bbox 621 1510 682 1553; x_wconf 90' lang='lat' dir='ltr'><strong>non</strong></span> <span class='ocrx_word' id='word_1_97' title='bbox 706 1491 782 1568; x_wconf 83' lang='lat' dir='ltr'><strong>coto,</strong></span> <span class='ocrx_word' id='word_1_98' title='bbox 797 1490 854 1552; x_wconf 85' lang='lat' dir='ltr'><strong>sed</strong></span> <span class='ocrx_word' id='word_1_99' title='bbox 868 1511 930 1572; x_wconf 80' lang='lat' dir='ltr'><strong>per</strong></span> <span class='ocrx_word' id='word_1_100' title='bbox 943 1492 1075 1577; x_wconf 71' lang='lat' dir='ltr'><strong>effiaiem</strong></span> <span class='ocrx_word' id='word_1_101' title='bbox 1091 1541 1099 1557; x_wconf 89' lang='lat'><strong>.</strong></span> <span class='ocrx_word' id='word_1_102' title='bbox 1117 1541 1126 1559; x_wconf 91' lang='lat'><strong>.</strong></span> <span class='ocrx_word' id='word_1_103' title='bbox 1141 1494 1208 1577; x_wconf 81' lang='lat' dir='ltr'><strong>ejas</strong></span> 
     </span>
     <span class='ocr_line' id='line_1_13' title="bbox 99 1591 1208 1678; baseline 0.008 -26"><span class='ocrx_word' id='word_1_104' title='bbox 99 1591 148 1653; x_wconf 87' lang='lat' dir='ltr'><strong>rei</strong></span> <span class='ocrx_word' id='word_1_105' title='bbox 161 1591 283 1672; x_wconf 71' lang='lat' dir='ltr'><strong>sianum</strong></span> <span class='ocrx_word' id='word_1_106' title='bbox 298 1592 430 1671; x_wconf 80' lang='lat' dir='ltr'><strong>intueor,</strong></span> <span class='ocrx_word' id='word_1_107' title='bbox 446 1614 539 1676; x_wconf 79' lang='lat' dir='ltr'><strong>qnam</strong></span> <span class='ocrx_word' id='word_1_108' title='bbox 553 1594 652 1656; x_wconf 72' lang='lat' dir='ltr'><strong>cotem</strong></span> <span class='ocrx_word' id='word_1_109' title='bbox 667 1593 790 1656; x_wconf 65' lang='lat' dir='ltr'><strong>debeor.</strong></span> <span class='ocrx_word' id='word_1_110' title='bbox 834 1594 888 1656; x_wconf 81' lang='lat' dir='ltr'><strong>An</strong></span> <span class='ocrx_word' id='word_1_111' title='bbox 908 1596 1016 1674; x_wconf 87' lang='lat' dir='ltr'><strong>nescit,</strong></span> <span class='ocrx_word' id='word_1_112' title='bbox 1033 1597 1117 1678; x_wconf 82' lang='lat' dir='ltr'><strong>qnod</strong></span> <span class='ocrx_word' id='word_1_113' title='bbox 1131 1598 1208 1678; x_wconf 79' lang='lat' dir='ltr'><strong>ptus</strong></span> 
     </span>
     <span class='ocr_line' id='line_1_14' title="bbox 99 1693 1207 1779; baseline 0.005 -23"><span class='ocrx_word' id='word_1_114' title='bbox 99 1694 182 1757; x_wconf 80' lang='lat' dir='ltr'><strong>valet</strong></span> <span class='ocrx_word' id='word_1_115' title='bbox 209 1693 283 1779; x_wconf 77' lang='lat' dir='ltr'><strong>[ing.</strong></span> <span class='ocrx_word' id='word_1_116' title='bbox 309 1695 389 1758; x_wconf 85' lang='lat' dir='ltr'><strong>Ptns</strong></span> <span class='ocrx_word' id='word_1_117' title='bbox 408 1698 490 1761; x_wconf 86' lang='lat' dir='ltr'><strong>enim</strong></span> <span class='ocrx_word' id='word_1_118' title='bbox 512 1696 608 1779; x_wconf 83' lang='lat' dir='ltr'><strong>vaiet]</strong></span> <span class='ocrx_word' id='word_1_119' title='bbox 637 1698 671 1759; x_wconf 85' lang='lat' dir='ltr'><strong>in</strong></span> <span class='ocrx_word' id='word_1_120' title='bbox 697 1694 860 1778; x_wconf 75' lang='lat' dir='ltr'><strong>affectibus</strong></span> <span class='ocrx_word' id='word_1_121' title='bbox 889 1698 1072 1761; x_wconf 80' lang='lat' dir='ltr'><strong>misermnm</strong></span> <span class='ocrx_word' id='word_1_122' title='bbox 1093 1699 1207 1762; x_wconf 84' lang='lat' dir='ltr'><strong>similis</strong></span> 
     </span>
     <span class='ocr_line' id='line_1_15' title="bbox 99 1797 1205 1887; baseline 0.005 -28"><span class='ocrx_word' id='word_1_123' title='bbox 99 1797 215 1861; x_wconf 65' lang='lat' dir='ltr'><strong>nonni</strong></span> <span class='ocrx_word' id='word_1_124' title='bbox 221 1797 340 1881; x_wconf 71' lang='lat' dir='ltr'><strong>sernia,</strong></span> <span class='ocrx_word' id='word_1_125' title='bbox 356 1820 422 1887; x_wconf 75' lang='lat' dir='ltr'><strong>qua</strong></span> <span class='ocrx_word' id='word_1_126' title='bbox 438 1801 498 1864; x_wconf 84' lang='lat' dir='ltr'><strong>siti</strong></span> <span class='ocrx_word' id='word_1_127' title='bbox 513 1800 606 1885; x_wconf 87' lang='lat' dir='ltr'><strong>efficit</strong></span> <span class='ocrx_word' id='word_1_128' title='bbox 620 1800 802 1881; x_wconf 75' lang='lat' dir='ltr'><strong>supplicati,</strong></span> <span class='ocrx_word' id='word_1_129' title='bbox 819 1820 911 1882; x_wconf 82' lang='lat' dir='ltr'><strong><em>qaam</em></strong></span> <span class='ocrx_word' id='word_1_130' title='bbox 925 1801 1010 1881; x_wconf 84' lang='lat' dir='ltr'><strong>qaod</strong></span> <span class='ocrx_word' id='word_1_131' title='bbox 1022 1821 1090 1864; x_wconf 88' lang='lat' dir='ltr'><strong>eam</strong></span> <span class='ocrx_word' id='word_1_132' title='bbox 1105 1804 1205 1865; x_wconf 87' lang='lat' dir='ltr'><strong>mani-</strong></span> 
     </span>
     <span class='ocr_line' id='line_1_16' title="bbox 92 1898 1205 1987; baseline 0.004 -23"><span class='ocrx_word' id='word_1_133' title='bbox 92 1898 214 1980; x_wconf 77' lang='lat' dir='ltr'><strong>festum</strong></span> <span class='ocrx_word' id='word_1_134' title='bbox 241 1907 289 1965; x_wconf 92' lang='lat' dir='ltr'><strong>est</strong></span> <span class='ocrx_word' id='word_1_135' title='bbox 311 1922 433 1966; x_wconf 87' lang='lat' dir='ltr'><strong>sensnm</strong></span> <span class='ocrx_word' id='word_1_136' title='bbox 459 1924 520 1966; x_wconf 89' lang='lat' dir='ltr'><strong>non</strong></span> <span class='ocrx_word' id='word_1_137' title='bbox 545 1903 658 1966; x_wconf 80' lang='lat' dir='ltr'><strong>nabere</strong></span> <span class='ocrx_word' id='word_1_138' title='bbox 687 1902 764 1985; x_wconf 80' lang='lat' dir='ltr'><strong>[leg.</strong></span> <span class='ocrx_word' id='word_1_139' title='bbox 791 1922 852 1966; x_wconf 87' lang='lat' dir='ltr'><strong>non</strong></span> <span class='ocrx_word' id='word_1_140' title='bbox 878 1923 943 1966; x_wconf 90' lang='lat' dir='ltr'><strong>esse</strong></span> <span class='ocrx_word' id='word_1_141' title='bbox 965 1903 1145 1987; x_wconf 86' lang='lat' dir='ltr'><strong>viventem],</strong></span> <span class='ocrx_word' id='word_1_142' title='bbox 1169 1910 1205 1968; x_wconf 85' lang='lat' dir='ltr'><strong>at</strong></span> 
     </span>
     <span class='ocr_line' id='line_1_17' title="bbox 100 2003 1209 2071; baseline 0.003 -4"><span class='ocrx_word' id='word_1_143' title='bbox 100 2003 209 2068; x_wconf 79' lang='lat' dir='ltr'><strong>debeat</strong></span> <span class='ocrx_word' id='word_1_144' title='bbox 235 2026 255 2067; x_wconf 88' lang='lat' dir='ltr'><strong><em>a</em></strong></span> <span class='ocrx_word' id='word_1_145' title='bbox 279 2008 399 2069; x_wconf 86' lang='lat' dir='ltr'><strong>oivente</strong></span> <span class='ocrx_word' id='word_1_146' title='bbox 421 2008 600 2070; x_wconf 81' lang='lat' dir='ltr'><em>contemni?</em></span> <span class='ocrx_word' id='word_1_147' title='bbox 644 2007 723 2069; x_wconf 84' lang='lat' dir='ltr'><strong>Pius</strong></span> <span class='ocrx_word' id='word_1_148' title='bbox 746 2007 828 2068; x_wconf 85' lang='lat' dir='ltr'><strong>enias</strong></span> <span class='ocrx_word' id='word_1_149' title='bbox 846 2007 951 2068; x_wconf 69' lang='lat' dir='ltr'><strong>voterit</strong></span> <span class='ocrx_word' id='word_1_150' title='bbox 970 2007 1140 2071; x_wconf 81' lang='lat' dir='ltr'><strong>simulacra</strong></span> <span class='ocrx_word' id='word_1_151' title='bbox 1162 2007 1209 2070; x_wconf 82' lang='lat' dir='ltr'><strong>ad</strong></span> 
     </span>
     <span class='ocr_line' id='line_1_18' title="bbox 99 2108 1205 2192; baseline 0.004 -21"><span class='ocrx_word' id='word_1_152' title='bbox 99 2108 289 2171; x_wconf 76' lang='lat' dir='ltr'><strong><em>curvandam</em></strong></span> <span class='ocrx_word' id='word_1_153' title='bbox 304 2109 457 2190; x_wconf 83' lang='lat' dir='ltr'><em>infelicem</em></span> <span class='ocrx_word' id='word_1_154' title='bbox 472 2112 617 2187; x_wconf 88' lang='lat' dir='ltr'><strong>animam,</strong></span> <span class='ocrx_word' id='word_1_155' title='bbox 629 2108 712 2192; x_wconf 77' lang='lat' dir='ltr'><strong>quoa</strong></span> <span class='ocrx_word' id='word_1_156' title='bbox 726 2155 734 2172; x_wconf 92' lang='grc'><strong>.</strong></span> <span class='ocrx_word' id='word_1_157' title='bbox 749 2156 757 2172; x_wconf 93' lang='grc'><strong>.</strong></span> <span class='ocrx_word' id='word_1_158' title='bbox 773 2109 877 2173; x_wconf 85' lang='lat' dir='ltr'><strong>aonios</strong></span> <span class='ocrx_word' id='word_1_159' title='bbox 939 2114 969 2172; x_wconf 90' lang='lat' dir='ltr'><strong>et</strong></span> <span class='ocrx_word' id='word_1_160' title='bbox 984 2128 1076 2172; x_wconf 79' lang='lat' dir='ltr'><strong>aures</strong></span> <span class='ocrx_word' id='word_1_161' title='bbox 1090 2109 1205 2175; x_wconf 77' lang='lat' dir='ltr'><strong>natent</strong></span> 
     </span>
     <span class='ocr_line' id='line_1_19' title="bbox 100 2209 1203 2295; baseline 0.004 -22"><span class='ocrx_word' id='word_1_162' title='bbox 100 2254 110 2273; x_wconf 89' lang='lat'><strong>.</strong></span> <span class='ocrx_word' id='word_1_163' title='bbox 127 2255 135 2273; x_wconf 90' lang='lat'><strong><em>.</em></strong></span> <span class='ocrx_word' id='word_1_164' title='bbox 152 2256 162 2273; x_wconf 86' lang='lat'><strong>.</strong></span> <span class='ocrx_word' id='word_1_165' title='bbox 178 2235 188 2273; x_wconf 88' lang='lat'><strong>.·</strong></span> <span class='ocrx_word' id='word_1_166' title='bbox 212 2231 304 2292; x_wconf 81' lang='lat' dir='ltr'><strong>qaam</strong></span> <span class='ocrx_word' id='word_1_167' title='bbox 319 2211 363 2273; x_wconf 85' lang='lat' dir='ltr'><strong>ad</strong></span> <span class='ocrx_word' id='word_1_168' title='bbox 376 2211 601 2291; x_wconf 70' lang='lat' dir='ltr'><strong>corriaendam,</strong></span> <span class='ocrx_word' id='word_1_169' title='bbox 614 2210 698 2292; x_wconf 82' lang='lat' dir='ltr'><strong>quod</strong></span> <span class='ocrx_word' id='word_1_170' title='bbox 710 2230 771 2273; x_wconf 89' lang='lat' dir='ltr'><strong>non</strong></span> <span class='ocrx_word' id='word_1_171' title='bbox 785 2210 900 2288; x_wconf 82' lang='lat' dir='ltr'><strong>uident,</strong></span> <span class='ocrx_word' id='word_1_172' title='bbox 916 2211 966 2273; x_wconf 87' lang='lat' dir='ltr'><strong>vet</strong></span> <span class='ocrx_word' id='word_1_173' title='bbox 979 2210 1111 2273; x_wconf 83' lang='lat' dir='ltr'><strong>audiant</strong></span> <span class='ocrx_word' id='word_1_174' title='bbox 1125 2209 1203 2295; x_wconf 81' lang='lat' dir='ltr'><strong>[leg.</strong></span> 
     </span>
     <span class='ocr_line' id='line_1_20' title="bbox 99 2311 1204 2396; baseline 0.002 -21"><span class='ocrx_word' id='word_1_175' title='bbox 99 2312 183 2393; x_wconf 75' lang='lat' dir='ltr'><strong>qood</strong></span> <span class='ocrx_word' id='word_1_176' title='bbox 197 2333 257 2376; x_wconf 92' lang='lat' dir='ltr'><strong>non</strong></span> <span class='ocrx_word' id='word_1_177' title='bbox 273 2314 445 2396; x_wconf 70' lang='lat' dir='ltr'><strong>bqnentar,</strong></span> <span class='ocrx_word' id='word_1_178' title='bbox 466 2336 527 2378; x_wconf 89' lang='lat' dir='ltr'><strong>non</strong></span> <span class='ocrx_word' id='word_1_179' title='bbox 548 2314 704 2392; x_wconf 76' lang='lat' dir='ltr'><strong>videbant,</strong></span> <span class='ocrx_word' id='word_1_180' title='bbox 724 2335 785 2378; x_wconf 86' lang='lat' dir='ltr'><strong>non</strong></span> <span class='ocrx_word' id='word_1_181' title='bbox 806 2311 981 2396; x_wconf 80' lang='lat' dir='ltr'><strong>andient⁸].</strong></span> <span class='ocrx_word' id='word_1_182' title='bbox 1029 2313 1105 2385; x_wconf 76' lang='lat' dir='ltr'><strong>Qun</strong></span> <span class='ocrx_word' id='word_1_183' title='bbox 1122 2313 1204 2377; x_wconf 87' lang='lat' dir='ltr'><strong>enim</strong></span> 
     </span>
     <span class='ocr_line' id='line_1_21' title="bbox 100 2415 1202 2501; baseline 0.004 -25"><span class='ocrx_word' id='word_1_184' title='bbox 100 2415 224 2491; x_wconf 84' lang='lat' dir='ltr'><strong>adorat,</strong></span> <span class='ocrx_word' id='word_1_185' title='bbox 244 2418 294 2480; x_wconf 88' lang='lat' dir='ltr'><strong>oet</strong></span> <span class='ocrx_word' id='word_1_186' title='bbox 314 2424 395 2493; x_wconf 87' lang='lat' dir='ltr'><strong>orat,</strong></span> <span class='ocrx_word' id='word_1_187' title='bbox 413 2419 535 2481; x_wconf 80' lang='lat' dir='ltr'><strong>intuens</strong></span> <span class='ocrx_word' id='word_1_188' title='bbox 553 2419 764 2494; x_wconf 63' lang='lat' dir='ltr'><strong>simulacrum,</strong></span> <span class='ocrx_word' id='word_1_189' title='bbox 782 2418 915 2499; x_wconf 82' lang='lat' dir='ltr'><strong>qainon</strong></span> <span class='ocrx_word' id='word_1_190' title='bbox 935 2417 983 2480; x_wconf 85' lang='lat' dir='ltr'><strong>sio</strong></span> <span class='ocrx_word' id='word_1_191' title='bbox 1004 2416 1151 2501; x_wconf 81' lang='lat' dir='ltr'><strong>afficitur,</strong></span> <span class='ocrx_word' id='word_1_192' title='bbox 1166 2422 1202 2480; x_wconf 85' lang='lat' dir='ltr'><strong>nt</strong></span> 
     </span>
     <span class='ocr_line' id='line_1_22' title="bbox 99 2518 1321 2607; baseline 0 -25"><span class='ocrx_word' id='word_1_193' title='bbox 99 2518 139 2600; x_wconf 76' lang='lat' dir='ltr'><strong>ab</strong></span> <span class='ocrx_word' id='word_1_194' title='bbox 154 2540 188 2583; x_wconf 91' lang='lat' dir='ltr'><strong>eo</strong></span> <span class='ocrx_word' id='word_1_195' title='bbox 210 2539 243 2583; x_wconf 89' lang='lat' dir='ltr'><strong>se</strong></span> <span class='ocrx_word' id='word_1_196' title='bbox 265 2521 411 2584; x_wconf 79' lang='lat' dir='ltr'><strong>eaoadiri</strong></span> <span class='ocrx_word' id='word_1_197' title='bbox 423 2528 525 2604; x_wconf 83' lang='lat' dir='ltr'><strong>patet,</strong></span> <span class='ocrx_word' id='word_1_198' title='bbox 541 2528 571 2586; x_wconf 90' lang='lat' dir='ltr'><strong>et</strong></span> <span class='ocrx_word' id='word_1_199' title='bbox 586 2522 625 2585; x_wconf 84' lang='lat' dir='ltr'><strong>ab</strong></span> <span class='ocrx_word' id='word_1_200' title='bbox 640 2543 674 2586; x_wconf 91' lang='lat' dir='ltr'><strong>eo</strong></span> <span class='ocrx_word' id='word_1_201' title='bbox 689 2522 750 2586; x_wconf 86' lang='lat' dir='ltr'><strong>sibi</strong></span> <span class='ocrx_word' id='word_1_202' title='bbox 766 2524 926 2607; x_wconf 75' lang='lat' dir='ltr'><strong>prostati,</strong></span> <span class='ocrx_word' id='word_1_203' title='bbox 944 2522 1028 2605; x_wconf 82' lang='lat' dir='ltr'><strong>qaod</strong></span> <span class='ocrx_word' id='word_1_204' title='bbox 1047 2521 1201 2587; x_wconf 71' lang='lat' dir='ltr'><strong>nannet</strong></span> <span class='ocrx_word' id='word_1_205' title='bbox 1256 2519 1321 2582; x_wconf 79' lang='lat'><strong>202</strong></span> 
     </span>
     <span class='ocr_line' id='line_1_23' title="bbox 98 2623 1200 2717; baseline 0.005 -33"><span class='ocrx_word' id='word_1_206' title='bbox 98 2627 129 2685; x_wconf 90' lang='lat' dir='ltr'><strong>et</strong></span> <span class='ocrx_word' id='word_1_207' title='bbox 153 2629 255 2705; x_wconf 82' lang='lat' dir='ltr'><strong>speret</strong></span> <span class='ocrx_word' id='word_1_208' title='bbox 263 2623 282 2686; x_wconf 64' lang='lat' dir='ltr'><strong>i.</strong></span> <span class='ocrx_word' id='word_1_209' title='bbox 319 2624 426 2708; x_wconf 86' lang='lat' dir='ltr'><strong>Legat</strong></span> <span class='ocrx_word' id='word_1_210' title='bbox 444 2625 613 2688; x_wconf 81' lang='lat' dir='ltr'><strong>Theoriam</strong></span> <span class='ocrx_word' id='word_1_211' title='bbox 637 2625 691 2689; x_wconf 87' lang='lat' dir='ltr'><strong>hio</strong></span> <span class='ocrx_word' id='word_1_212' title='bbox 714 2624 749 2688; x_wconf 90' lang='lat' dir='ltr'><strong>in</strong></span> <span class='ocrx_word' id='word_1_213' title='bbox 774 2625 959 2710; x_wconf 81' lang='lat' dir='ltr'><strong>Augustino</strong></span> <span class='ocrx_word' id='word_1_214' title='bbox 979 2625 1070 2709; x_wconf 75' lang='lat' dir='ltr'><strong>quis,</strong></span> <span class='ocrx_word' id='word_1_215' title='bbox 1093 2625 1200 2717; x_wconf 70' lang='lat' dir='ltr'><strong>videat</strong></span> 
     </span>
     <span class='ocr_line' id='line_1_24' title="bbox 97 2725 892 2815; baseline 0.011 -28"><span class='ocrx_word' id='word_1_216' title='bbox 97 2725 212 2809; x_wconf 81' lang='lat' dir='ltr'><strong>pruxin</strong></span> <span class='ocrx_word' id='word_1_217' title='bbox 228 2726 297 2810; x_wconf 86' lang='lat' dir='ltr'><strong>ejus</strong></span> <span class='ocrx_word' id='word_1_218' title='bbox 313 2726 435 2807; x_wconf 83' lang='lat' dir='ltr'><strong>Romus,</strong></span> <span class='ocrx_word' id='word_1_219' title='bbox 451 2734 548 2813; x_wconf 82' lang='lat' dir='ltr'><strong>atque</strong></span> <span class='ocrx_word' id='word_1_220' title='bbox 561 2749 619 2815; x_wconf 87' lang='lat' dir='ltr'><strong>per</strong></span> <span class='ocrx_word' id='word_1_221' title='bbox 633 2735 736 2793; x_wconf 85' lang='lat' dir='ltr'><strong>totam</strong></span> <span class='ocrx_word' id='word_1_222' title='bbox 752 2729 892 2797; x_wconf 82' lang='lat' dir='ltr'><strong>Italiam.</strong></span> 
     </span>
    </p>
   </div>
   <div class='ocr_carea' id='block_1_4' title="bbox 130 2850 1202 3083">
    <p class='ocr_par' dir='ltr' id='par_1_5' title="bbox 130 2850 1202 3083">
     <span class='ocr_line' id='line_1_25' title="bbox 130 2850 1202 2917; baseline 0.004 -17"><span class='ocrx_word' id='word_1_223' title='bbox 130 2850 297 2902; x_wconf 81' lang='lat' dir='ltr'><strong>Sanotitstsm</strong></span> <span class='ocrx_word' id='word_1_224' title='bbox 308 2853 419 2917; x_wconf 83' lang='lat' dir='ltr'><strong>aliquam</strong></span> <span class='ocrx_word' id='word_1_225' title='bbox 435 2853 594 2917; x_wconf 75' lang='lat' dir='ltr'><strong>Imaginibus</strong></span> <span class='ocrx_word' id='word_1_226' title='bbox 605 2854 755 2905; x_wconf 74' lang='lat' dir='ltr'><strong>Sanctorum</strong></span> <span class='ocrx_word' id='word_1_227' title='bbox 770 2856 896 2916; x_wconf 85' lang='lat' dir='ltr'><strong>tribuunt,</strong></span> <span class='ocrx_word' id='word_1_228' title='bbox 905 2855 950 2905; x_wconf 82' lang='lat' dir='ltr'><strong>sed</strong></span> <span class='ocrx_word' id='word_1_229' title='bbox 964 2854 1105 2915; x_wconf 66' lang='lat' dir='ltr'><strong>relativam,</strong></span> <span class='ocrx_word' id='word_1_230' title='bbox 1116 2853 1144 2904; x_wconf 87' lang='lat' dir='ltr'><strong>id</strong></span> <span class='ocrx_word' id='word_1_231' title='bbox 1154 2858 1202 2914; x_wconf 78' lang='lat' dir='ltr'><strong>est,</strong></span> 
     </span>
     <span class='ocr_line' id='line_1_26' title="bbox 162 2934 1201 3002; baseline 0.003 -19"><span class='ocrx_word' id='word_1_232' title='bbox 162 2948 238 2997; x_wconf 86' lang='lat' dir='ltr'><strong>qnsm</strong></span> <span class='ocrx_word' id='word_1_233' title='bbox 255 2934 350 2984; x_wconf 84' lang='lat' dir='ltr'><strong>habent</strong></span> <span class='ocrx_word' id='word_1_234' title='bbox 366 2950 398 2985; x_wconf 86' lang='lat' dir='ltr'><strong>ox</strong></span> <span class='ocrx_word' id='word_1_235' title='bbox 415 2949 445 2987; x_wconf 89' lang='lat' dir='ltr'><strong>eo</strong></span> <span class='ocrx_word' id='word_1_236' title='bbox 462 2935 529 3000; x_wconf 86' lang='lat' dir='ltr'><strong>quod</strong></span> <span class='ocrx_word' id='word_1_237' title='bbox 546 2935 651 2986; x_wconf 83' lang='lat' dir='ltr'><strong>Ssnotos</strong></span> <span class='ocrx_word' id='word_1_238' title='bbox 667 2937 735 3000; x_wconf 88' lang='lat' dir='ltr'><strong>ipsos</strong></span> <span class='ocrx_word' id='word_1_239' title='bbox 751 2935 1054 3002; x_wconf 77' lang='lat' dir='ltr'><strong>rsprssssntent—[lel.</strong></span> <span class='ocrx_word' id='word_1_240' title='bbox 1067 2935 1142 3000; x_wconf 82' lang='lat' dir='ltr'><strong>Apol.</strong></span> <span class='ocrx_word' id='word_1_241' title='bbox 1154 2949 1201 3002; x_wconf 87' lang='lat' dir='ltr'><strong>pro</strong></span> 
     </span>
     <span class='ocr_line' id='line_1_27' title="bbox 163 3014 746 3083; baseline 0.003 -18"><span class='ocrx_word' id='word_1_242' title='bbox 163 3014 250 3080; x_wconf 67' lang='lat' dir='ltr'><strong>Raso]</strong></span> <span class='ocrx_word' id='word_1_243' title='bbox 264 3030 288 3080; x_wconf 87' lang='lat' dir='ltr'><strong>p.</strong></span> <span class='ocrx_word' id='word_1_244' title='bbox 299 3019 353 3067; x_wconf 81' lang='lat'>113.</span> <span class='ocrx_word' id='word_1_245' title='bbox 367 3017 436 3083; x_wconf 88' lang='lat' dir='ltr'><strong>[Op.,</strong></span> <span class='ocrx_word' id='word_1_246' title='bbox 448 3018 562 3070; x_wconf 82' lang='lat' dir='ltr'><strong>tom.vii.</strong></span> <span class='ocrx_word' id='word_1_247' title='bbox 576 3018 622 3068; x_wconf 84' lang='lat' dir='ltr'><strong>ool.</strong></span> <span class='ocrx_word' id='word_1_248' title='bbox 635 3017 690 3069; x_wconf 86' lang='grc'>768.</span> <span class='ocrx_word' id='word_1_249' title='bbox 702 3017 746 3080; x_wconf 90' lang='grc' dir='ltr'><strong>Β.]</strong></span> 
     </span>
    </p>
   </div>
   <div class='ocr_carea' id='block_1_5' title="bbox 95 3113 1350 4024">
    <p class='ocr_par' dir='ltr' id='par_1_6' title="bbox 95 3113 1350 4024">
     <span class='ocr_line' id='line_1_28' title="bbox 140 3113 1350 3202; baseline -0.001 -26"><span class='ocrx_word' id='word_1_250' title='bbox 140 3113 318 3178; x_wconf 83' lang='lat' dir='ltr'><strong>Relativam</strong></span> <span class='ocrx_word' id='word_1_251' title='bbox 344 3123 452 3180; x_wconf 85' lang='lat' dir='ltr'><strong>sutem</strong></span> <span class='ocrx_word' id='word_1_252' title='bbox 480 3118 687 3180; x_wconf 83' lang='lat' dir='ltr'><strong>Sanctitatem</strong></span> <span class='ocrx_word' id='word_1_253' title='bbox 716 3116 832 3180; x_wconf 85' lang='lat' dir='ltr'><strong>tribuit</strong></span> <span class='ocrx_word' id='word_1_254' title='bbox 858 3116 1054 3198; x_wconf 70' lang='lat' dir='ltr'><strong>imaainibns,</strong></span> <span class='ocrx_word' id='word_1_255' title='bbox 1079 3115 1114 3179; x_wconf 85' lang='lat' dir='ltr'><strong>id</strong></span> <span class='ocrx_word' id='word_1_256' title='bbox 1139 3124 1198 3195; x_wconf 86' lang='lat' dir='ltr'><strong>est,</strong></span> <span class='ocrx_word' id='word_1_257' title='bbox 1211 3123 1350 3202; x_wconf 68' lang='lat' dir='ltr'><strong>[Ssuoiins</strong></span> 
     </span>
     <span class='ocr_line' id='line_1_29' title="bbox 97 3190 1317 3303; baseline 0.004 -27"><span class='ocrx_word' id='word_1_258' title='bbox 97 3216 265 3282; x_wconf 81' lang='lat' dir='ltr'><strong>mininam.</strong></span> <span class='ocrx_word' id='word_1_259' title='bbox 312 3219 438 3284; x_wconf 80' lang='lat' dir='ltr'><strong>Quibus</strong></span> <span class='ocrx_word' id='word_1_260' title='bbox 458 3219 677 3283; x_wconf 84' lang='lat' dir='ltr'><strong>adorationem</strong></span> <span class='ocrx_word' id='word_1_261' title='bbox 701 3227 811 3282; x_wconf 81' lang='lat' dir='ltr'><strong>tamen</strong></span> <span class='ocrx_word' id='word_1_262' title='bbox 831 3218 983 3297; x_wconf 83' lang='lat' dir='ltr'><strong>vindicat,</strong></span> <span class='ocrx_word' id='word_1_263' title='bbox 1000 3217 1033 3281; x_wconf 93' lang='lat' dir='ltr'><strong>id</strong></span> <span class='ocrx_word' id='word_1_264' title='bbox 1054 3225 1114 3297; x_wconf 86' lang='lat' dir='ltr'><strong>est,</strong></span> <span class='ocrx_word' id='word_1_265' title='bbox 1131 3218 1198 3281; x_wconf 89' lang='lat' dir='ltr'><strong>onl-</strong></span> <span class='ocrx_word' id='word_1_266' title='bbox 1210 3190 1317 3303; x_wconf 45' lang='lat' dir='ltr'><strong>affl</strong></span> 
     </span>
     <span class='ocr_line' id='line_1_30' title="bbox 96 3317 1325 3394; baseline 0.003 -13"><span class='ocrx_word' id='word_1_267' title='bbox 96 3325 168 3381; x_wconf 87' lang='lat' dir='ltr'><strong>tum</strong></span> <span class='ocrx_word' id='word_1_268' title='bbox 183 3321 362 3386; x_wconf 69' lang='lat' dir='ltr'><strong>maximnm.</strong></span> <span class='ocrx_word' id='word_1_269' title='bbox 408 3323 555 3386; x_wconf 82' lang='lat' dir='ltr'><strong>Relativs</strong></span> <span class='ocrx_word' id='word_1_270' title='bbox 570 3328 679 3386; x_wconf 87' lang='lat' dir='ltr'><strong>autem</strong></span> <span class='ocrx_word' id='word_1_271' title='bbox 694 3328 770 3385; x_wconf 87' lang='lat' dir='ltr'><strong>sunt</strong></span> <span class='ocrx_word' id='word_1_272' title='bbox 785 3323 919 3384; x_wconf 77' lang='lat' dir='ltr'><strong>minime</strong></span> <span class='ocrx_word' id='word_1_273' title='bbox 933 3320 1086 3385; x_wconf 70' lang='lat' dir='ltr'><strong>entitntis,</strong></span> <span class='ocrx_word' id='word_1_274' title='bbox 1126 3317 1325 3394; x_wconf 68' lang='lat' dir='ltr'><strong>Noc¹¹9¹¹⁰¹¹·</strong></span> 
     </span>
     <span class='ocr_line' id='line_1_31' title="bbox 96 3380 1269 3499; baseline 0.002 -15"><span class='ocrx_word' id='word_1_275' title='bbox 96 3424 336 3487; x_wconf 75' lang='lat' dir='ltr'><strong>communicant</strong></span> <span class='ocrx_word' id='word_1_276' title='bbox 352 3424 421 3487; x_wconf 87' lang='lat' dir='ltr'><strong>aliis</strong></span> <span class='ocrx_word' id='word_1_277' title='bbox 437 3426 642 3489; x_wconf 80' lang='lat' dir='ltr'><strong>sanctitatem</strong></span> <span class='ocrx_word' id='word_1_278' title='bbox 663 3424 771 3499; x_wconf 84' lang='lat' dir='ltr'><strong>ullam,</strong></span> <span class='ocrx_word' id='word_1_279' title='bbox 788 3424 840 3487; x_wconf 90' lang='lat' dir='ltr'><strong>cui</strong></span> <span class='ocrx_word' id='word_1_280' title='bbox 855 3432 965 3487; x_wconf 84' lang='lat' dir='ltr'><strong>tamen</strong></span> <span class='ocrx_word' id='word_1_281' title='bbox 980 3422 1026 3488; x_wconf 85' lang='lat' dir='ltr'><strong>rei</strong></span> <span class='ocrx_word' id='word_1_282' title='bbox 1041 3422 1198 3486; x_wconf 84' lang='lat' dir='ltr'><strong>adhiben-</strong></span> <span class='ocrx_word' id='word_1_283' title='bbox 1209 3380 1269 3447; x_wconf 50' lang='lat'><strong>⁸¹¹⁹]</strong></span> 
     </span>
     <span class='ocr_line' id='line_1_32' title="bbox 96 3525 1198 3611; baseline 0.003 -25"><span class='ocrx_word' id='word_1_284' title='bbox 96 3528 159 3588; x_wconf 92' lang='lat' dir='ltr'><strong>tur.</strong></span> <span class='ocrx_word' id='word_1_285' title='bbox 205 3527 293 3591; x_wconf 84' lang='lat' dir='ltr'><strong>Nom</strong></span> <span class='ocrx_word' id='word_1_286' title='bbox 308 3529 371 3590; x_wconf 87' lang='lat' dir='ltr'><strong>Dei</strong></span> <span class='ocrx_word' id='word_1_287' title='bbox 391 3528 521 3611; x_wconf 88' lang='lat' dir='ltr'><strong>quidem</strong></span> <span class='ocrx_word' id='word_1_288' title='bbox 543 3528 715 3611; x_wconf 83' lang='lat' dir='ltr'><strong>praesentis</strong></span> <span class='ocrx_word' id='word_1_289' title='bbox 733 3527 880 3611; x_wconf 81' lang='lat' dir='ltr'><strong>quasdam</strong></span> <span class='ocrx_word' id='word_1_290' title='bbox 903 3525 1073 3609; x_wconf 77' lang='lat' dir='ltr'><strong>singularis</strong></span> <span class='ocrx_word' id='word_1_291' title='bbox 1091 3525 1198 3606; x_wconf 83' lang='lat' dir='ltr'><strong>faciet,</strong></span> 
     </span>
     <span class='ocr_line' id='line_1_33' title="bbox 96 3628 1199 3714; baseline 0.001 -24"><span class='ocrx_word' id='word_1_292' title='bbox 96 3634 134 3691; x_wconf 89' lang='lat' dir='ltr'><strong>ut</strong></span> <span class='ocrx_word' id='word_1_293' title='bbox 150 3628 234 3691; x_wconf 86' lang='lat' dir='ltr'><strong>locus</strong></span> <span class='ocrx_word' id='word_1_294' title='bbox 248 3629 290 3692; x_wconf 86' lang='lat' dir='ltr'><strong>sit</strong></span> <span class='ocrx_word' id='word_1_295' title='bbox 304 3637 451 3694; x_wconf 82' lang='lat' dir='ltr'><strong>sanctas.-</strong></span> <span class='ocrx_word' id='word_1_296' title='bbox 475 3630 532 3695; x_wconf 87' lang='lat' dir='ltr'><strong>sed</strong></span> <span class='ocrx_word' id='word_1_297' title='bbox 546 3629 703 3714; x_wconf 89' lang='lat' dir='ltr'><strong>numquid</strong></span> <span class='ocrx_word' id='word_1_298' title='bbox 717 3631 879 3712; x_wconf 70' lang='lat' dir='ltr'><strong>Imaainis,</strong></span> <span class='ocrx_word' id='word_1_299' title='bbox 895 3636 932 3691; x_wconf 91' lang='lat' dir='ltr'><strong>ut</strong></span> <span class='ocrx_word' id='word_1_300' title='bbox 950 3629 1046 3691; x_wconf 84' lang='lat' dir='ltr'><strong>Collis</strong></span> <span class='ocrx_word' id='word_1_301' title='bbox 1061 3631 1199 3710; x_wconf 57' lang='lat' dir='ltr'><strong>asperi?</strong></span> 
     </span>
     <span class='ocr_line' id='line_1_34' title="bbox 97 3730 1198 3817; baseline 0.004 -26"><span class='ocrx_word' id='word_1_302' title='bbox 97 3736 154 3792; x_wconf 82' lang='lat' dir='ltr'><strong>out</strong></span> <span class='ocrx_word' id='word_1_303' title='bbox 169 3752 211 3793; x_wconf 85' lang='lat' dir='ltr'><strong>an</strong></span> <span class='ocrx_word' id='word_1_304' title='bbox 226 3731 273 3794; x_wconf 85' lang='lat' dir='ltr'><strong>its</strong></span> <span class='ocrx_word' id='word_1_305' title='bbox 286 3733 370 3795; x_wconf 86' lang='lat' dir='ltr'><strong>Diva</strong></span> <span class='ocrx_word' id='word_1_306' title='bbox 392 3755 533 3817; x_wconf 85' lang='lat' dir='ltr'><strong>praesens</strong></span> <span class='ocrx_word' id='word_1_307' title='bbox 548 3734 695 3816; x_wconf 71' lang='lat' dir='ltr'><strong>Imayini,</strong></span> <span class='ocrx_word' id='word_1_308' title='bbox 711 3741 748 3797; x_wconf 86' lang='lat' dir='ltr'><strong>ut</strong></span> <span class='ocrx_word' id='word_1_309' title='bbox 763 3734 850 3796; x_wconf 89' lang='lat' dir='ltr'><strong>Dens</strong></span> <span class='ocrx_word' id='word_1_310' title='bbox 865 3733 957 3795; x_wconf 81' lang='lat' dir='ltr'><strong>loco?</strong></span> <span class='ocrx_word' id='word_1_311' title='bbox 978 3731 1029 3795; x_wconf 84' lang='lat' dir='ltr'><strong>vel</strong></span> <span class='ocrx_word' id='word_1_312' title='bbox 1044 3730 1198 3795; x_wconf 80' lang='lat' dir='ltr'><strong>eademne</strong></span> 
     </span>
     <span class='ocr_line' id='line_1_35' title="bbox 95 3834 1198 3919; baseline 0.005 -23"><span class='ocrx_word' id='word_1_313' title='bbox 95 3834 209 3899; x_wconf 82' lang='lat' dir='ltr'><strong>relatio</strong></span> <span class='ocrx_word' id='word_1_314' title='bbox 225 3839 410 3916; x_wconf 77' lang='lat' dir='ltr'><strong>prasentia,</strong></span> <span class='ocrx_word' id='word_1_315' title='bbox 426 3845 460 3900; x_wconf 86' lang='lat' dir='ltr'><strong>et</strong></span> <span class='ocrx_word' id='word_1_316' title='bbox 481 3838 790 3919; x_wconf 71' lang='lat' dir='ltr'><strong>reprensentationis?</strong></span> <span class='ocrx_word' id='word_1_317' title='bbox 826 3836 904 3900; x_wconf 90' lang='lat' dir='ltr'><strong>Non</strong></span> <span class='ocrx_word' id='word_1_318' title='bbox 926 3843 1014 3900; x_wconf 85' lang='lat' dir='ltr'><strong>resto</strong></span> <span class='ocrx_word' id='word_1_319' title='bbox 1036 3835 1090 3899; x_wconf 85' lang='lat' dir='ltr'><strong>hio</strong></span> <span class='ocrx_word' id='word_1_320' title='bbox 1111 3843 1198 3901; x_wconf 84' lang='lat' dir='ltr'><strong>secat</strong></span> 
     </span>
     <span class='ocr_line' id='line_1_36' title="bbox 96 3938 1197 4024; baseline 0.004 -22"><span class='ocrx_word' id='word_1_321' title='bbox 96 3938 285 4005; x_wconf 85' lang='lat' dir='ltr'><strong>Cordinnlis.</strong></span> <span class='ocrx_word' id='word_1_322' title='bbox 331 3942 430 4007; x_wconf 83' lang='lat' dir='ltr'><strong>Aliud</strong></span> <span class='ocrx_word' id='word_1_323' title='bbox 457 3950 507 4005; x_wconf 86' lang='lat' dir='ltr'><strong>est</strong></span> <span class='ocrx_word' id='word_1_324' title='bbox 527 3949 713 4024; x_wconf 71' lang='lat' dir='ltr'><strong>praesentem</strong></span> <span class='ocrx_word' id='word_1_325' title='bbox 738 3963 812 4022; x_wconf 88' lang='lat' dir='ltr'><strong>esse,</strong></span> <span class='ocrx_word' id='word_1_326' title='bbox 840 3941 938 4020; x_wconf 84' lang='lat' dir='ltr'><strong>aliud,</strong></span> <span class='ocrx_word' id='word_1_327' title='bbox 964 3947 1197 4023; x_wconf 66' lang='lat' dir='ltr'><strong>reprensentare.</strong></span> 
     </span>
    </p>
   </div>
   <div class='ocr_carea' id='block_1_6' title="bbox 96 4042 1197 4128">
    <p class='ocr_par' dir='ltr' id='par_1_7' title="bbox 96 4042 1197 4128">
     <span class='ocr_line' id='line_1_37' title="bbox 96 4042 1197 4128; baseline 0.003 -24"><span class='ocrx_word' id='word_1_328' title='bbox 96 4042 179 4105; x_wconf 79' lang='lat' dir='ltr'><strong>Tum</strong></span> <span class='ocrx_word' id='word_1_329' title='bbox 209 4045 375 4107; x_wconf 82' lang='lat' dir='ltr'><strong>relationes</strong></span> <span class='ocrx_word' id='word_1_330' title='bbox 404 4046 455 4109; x_wconf 88' lang='lat' dir='ltr'><strong>hae</strong></span> <span class='ocrx_word' id='word_1_331' title='bbox 484 4052 517 4108; x_wconf 87' lang='lat' dir='ltr'><strong>et</strong></span> <span class='ocrx_word' id='word_1_332' title='bbox 547 4046 771 4123; x_wconf 81' lang='lat' dir='ltr'><strong>distinctiones,</strong></span> <span class='ocrx_word' id='word_1_333' title='bbox 801 4046 962 4128; x_wconf 86' lang='lat' dir='ltr'><strong>populone</strong></span> <span class='ocrx_word' id='word_1_334' title='bbox 990 4045 1026 4107; x_wconf 91' lang='lat' dir='ltr'><strong>in</strong></span> <span class='ocrx_word' id='word_1_335' title='bbox 1054 4054 1197 4109; x_wconf 84' lang='lat' dir='ltr'><strong>mentem</strong></span> 
     </span>
    </p>
   </div>
   <div class='ocr_carea' id='block_1_7' title="bbox 95 4176 1197 4569">
    <p class='ocr_par' dir='ltr' id='par_1_8' title="bbox 95 4176 1197 4569">
     <span class='ocr_line' id='line_1_38' title="bbox 130 4176 1164 4244; baseline 0.004 -18"><span class='ocrx_word' id='word_1_336' title='bbox 130 4186 140 4217; x_wconf 72' lang='lat' dir='ltr'><strong>e</strong></span> <span class='ocrx_word' id='word_1_337' title='bbox 158 4176 250 4228; x_wconf 83' lang='lat' dir='ltr'><strong>Psalm.</strong></span> <span class='ocrx_word' id='word_1_338' title='bbox 262 4196 286 4229; x_wconf 82' lang='lat' dir='ltr'><strong>v.</strong></span> <span class='ocrx_word' id='word_1_339' title='bbox 296 4183 318 4229; x_wconf 85' lang='lat'><strong>8.</strong></span> <span class='ocrx_word' id='word_1_340' title='bbox 352 4179 444 4230; x_wconf 85' lang='lat' dir='ltr'><strong>Psnlm.</strong></span> <span class='ocrx_word' id='word_1_341' title='bbox 456 4181 612 4231; x_wconf 71' lang='lat' dir='ltr'><strong>cxxxviiii.</strong></span> <span class='ocrx_word' id='word_1_342' title='bbox 669 4179 762 4244; x_wconf 82' lang='lat' dir='ltr'><strong>[Sorm.</strong></span> <span class='ocrx_word' id='word_1_343' title='bbox 775 4181 802 4229; x_wconf 82' lang='lat' dir='ltr'><strong>ii</strong></span> <span class='ocrx_word' id='word_1_344' title='bbox 820 4184 832 4242; x_wconf 63' lang='lat' dir='ltr'><strong>t</strong></span> <span class='ocrx_word' id='word_1_345' title='bbox 845 4182 868 4230; x_wconf 77' lang='lat'><strong>4.</strong></span> <span class='ocrx_word' id='word_1_346' title='bbox 886 4180 952 4230; x_wconf 76' lang='lat' dir='ltr'><strong>Visis</strong></span> <span class='ocrx_word' id='word_1_347' title='bbox 963 4195 1048 4244; x_wconf 86' lang='lat' dir='ltr'><strong>snprs,</strong></span> <span class='ocrx_word' id='word_1_348' title='bbox 1060 4195 1084 4244; x_wconf 89' lang='lat' dir='ltr'><strong>p.</strong></span> <span class='ocrx_word' id='word_1_349' title='bbox 1095 4178 1164 4242; x_wconf 77' lang='grc'>273]</span> 
     </span>
     <span class='ocr_line' id='line_1_39' title="bbox 128 4243 1197 4310; baseline 0 -18"><span class='ocrx_word' id='word_1_350' title='bbox 128 4243 240 4308; x_wconf 79' lang='lat' dir='ltr'><strong>‘¹[Vids</strong></span> <span class='ocrx_word' id='word_1_351' title='bbox 263 4244 355 4294; x_wconf 87' lang='lat' dir='ltr'><strong>Pssim.</strong></span> <span class='ocrx_word' id='word_1_352' title='bbox 378 4245 468 4295; x_wconf 80' lang='lat' dir='ltr'><strong>David.</strong></span> <span class='ocrx_word' id='word_1_353' title='bbox 491 4260 523 4295; x_wconf 86' lang='lat' dir='ltr'><strong>ex</strong></span> <span class='ocrx_word' id='word_1_354' title='bbox 545 4245 624 4297; x_wconf 87' lang='lat' dir='ltr'><strong>Hobr.</strong></span> <span class='ocrx_word' id='word_1_355' title='bbox 701 4244 808 4310; x_wconf 89' lang='lat' dir='ltr'><strong>·[ibid.</strong></span> <span class='ocrx_word' id='word_1_356' title='bbox 835 4248 890 4306; x_wconf 68' lang='lat' dir='ltr'><strong>tt.</strong></span> <span class='ocrx_word' id='word_1_357' title='bbox 920 4244 977 4310; x_wconf 75' lang='lat' dir='ltr'><strong>Op,</strong></span> <span class='ocrx_word' id='word_1_358' title='bbox 1005 4249 1068 4295; x_wconf 85' lang='lat' dir='ltr'><strong>tom.</strong></span> <span class='ocrx_word' id='word_1_359' title='bbox 1089 4245 1123 4295; x_wconf 78' lang='lat' dir='ltr'><strong>lv.</strong></span> <span class='ocrx_word' id='word_1_360' title='bbox 1150 4243 1197 4294; x_wconf 87' lang='lat' dir='ltr'><strong>soi.</strong></span> 
     </span>
     <span class='ocr_line' id='line_1_40' title="bbox 95 4308 795 4372; baseline 0.004 -17"><span class='ocrx_word' id='word_1_361' title='bbox 95 4308 201 4357; x_wconf 78' lang='lat' dir='ltr'><strong>veritate</strong></span> <span class='ocrx_word' id='word_1_362' title='bbox 218 4309 246 4358; x_wconf 93' lang='lat' dir='ltr'><strong>in</strong></span> <span class='ocrx_word' id='word_1_363' title='bbox 262 4308 383 4359; x_wconf 81' lang='lat' dir='ltr'><strong>Lutinnm</strong></span> <span class='ocrx_word' id='word_1_364' title='bbox 394 4309 624 4361; x_wconf 78' lang='lat' dir='ltr'><strong>cormenaBened.</strong></span> <span class='ocrx_word' id='word_1_365' title='bbox 669 4312 742 4363; x_wconf 79' lang='lat'>1801.</span> <span class='ocrx_word' id='word_1_366' title='bbox 755 4308 795 4372; x_wconf 89' lang='grc' dir='ltr'><strong>Β.]</strong></span> 
     </span>
     <span class='ocr_line' id='line_1_41' title="bbox 95 4369 1175 4438; baseline -0.001 -17"><span class='ocrx_word' id='word_1_367' title='bbox 95 4372 158 4422; x_wconf 79' lang='lat' dir='ltr'><strong>Aria</strong></span> <span class='ocrx_word' id='word_1_368' title='bbox 182 4372 303 4423; x_wconf 82' lang='lat' dir='ltr'><strong>biontsno</strong></span> <span class='ocrx_word' id='word_1_369' title='bbox 321 4388 430 4425; x_wconf 80' lang='lat' dir='ltr'><strong>convers.</strong></span> <span class='ocrx_word' id='word_1_370' title='bbox 455 4375 495 4425; x_wconf 82' lang='lat' dir='ltr'><strong>Ps</strong></span> <span class='ocrx_word' id='word_1_371' title='bbox 513 4375 580 4424; x_wconf 72' lang='lat' dir='ltr'><strong>xoix,</strong></span> <span class='ocrx_word' id='word_1_372' title='bbox 601 4378 623 4424; x_wconf 87' lang='grc'><strong>9.</strong></span> <span class='ocrx_word' id='word_1_373' title='bbox 702 4377 710 4406; x_wconf 72' lang='lat'>⁸</span> <span class='ocrx_word' id='word_1_374' title='bbox 729 4373 807 4438; x_wconf 82' lang='lat' dir='ltr'><strong>[ibid.</strong></span> <span class='ocrx_word' id='word_1_375' title='bbox 825 4378 837 4436; x_wconf 63' lang='lat' dir='ltr'><strong>t</strong></span> <span class='ocrx_word' id='word_1_376' title='bbox 852 4376 874 4424; x_wconf 80' lang='lat' dir='ltr'><strong>t.</strong></span> <span class='ocrx_word' id='word_1_377' title='bbox 892 4373 959 4423; x_wconf 85' lang='lat' dir='ltr'><strong>Vide</strong></span> <span class='ocrx_word' id='word_1_378' title='bbox 971 4387 1055 4436; x_wconf 73' lang='lat' dir='ltr'><strong>snpra,</strong></span> <span class='ocrx_word' id='word_1_379' title='bbox 1072 4388 1096 4436; x_wconf 87' lang='lat' dir='ltr'><strong>p.</strong></span> <span class='ocrx_word' id='word_1_380' title='bbox 1108 4369 1175 4434; x_wconf 77' lang='grc'>274]</span> 
     </span>
     <span class='ocr_line' id='line_1_42' title="bbox 96 4435 1130 4504; baseline 0.001 -18"><span class='ocrx_word' id='word_1_381' title='bbox 96 4451 120 4500; x_wconf 86' lang='lat' dir='ltr'><strong>p.</strong></span> <span class='ocrx_word' id='word_1_382' title='bbox 133 4440 187 4487; x_wconf 80' lang='lat'>230.</span> <span class='ocrx_word' id='word_1_383' title='bbox 207 4438 285 4488; x_wconf 84' lang='lat' dir='ltr'><strong>Antv.</strong></span> <span class='ocrx_word' id='word_1_384' title='bbox 301 4439 382 4502; x_wconf 81' lang='grc'>1573]</span> <span class='ocrx_word' id='word_1_385' title='bbox 703 4448 714 4470; x_wconf 83' lang='lat'><strong>¹¹</strong></span> <span class='ocrx_word' id='word_1_386' title='bbox 733 4439 815 4503; x_wconf 81' lang='lat' dir='ltr'><strong>[i&#39;ido</strong></span> <span class='ocrx_word' id='word_1_387' title='bbox 826 4453 911 4504; x_wconf 81' lang='lat' dir='ltr'><strong>supra,</strong></span> <span class='ocrx_word' id='word_1_388' title='bbox 928 4454 952 4502; x_wconf 90' lang='lat' dir='ltr'><strong>p.</strong></span> <span class='ocrx_word' id='word_1_389' title='bbox 965 4440 1020 4489; x_wconf 77' lang='lat'><strong>236.</strong></span> <span class='ocrx_word' id='word_1_390' title='bbox 1038 4443 1090 4487; x_wconf 67' lang='lat' dir='ltr'><strong>not.</strong></span> <span class='ocrx_word' id='word_1_391' title='bbox 1102 4435 1130 4500; x_wconf 73' lang='lat' dir='ltr'><strong>i]</strong></span> 
     </span>
     <span class='ocr_line' id='line_1_43' title="bbox 128 4501 1182 4569; baseline 0.001 -17"><span class='ocrx_word' id='word_1_392' title='bbox 128 4502 195 4566; x_wconf 71' lang='grc' dir='ltr'><strong>ῐ[8.</strong></span> <span class='ocrx_word' id='word_1_393' title='bbox 208 4504 274 4565; x_wconf 79' lang='lat' dir='ltr'><strong>Aug.</strong></span> <span class='ocrx_word' id='word_1_394' title='bbox 296 4501 426 4569; x_wconf 65' lang='lat' dir='ltr'><strong>Enormi]</strong></span> <span class='ocrx_word' id='word_1_395' title='bbox 449 4504 478 4555; x_wconf 92' lang='lat' dir='ltr'><strong>in</strong></span> <span class='ocrx_word' id='word_1_396' title='bbox 502 4503 624 4555; x_wconf 79' lang='lat' dir='ltr'><strong>Psoxiii.</strong></span> <span class='ocrx_word' id='word_1_397' title='bbox 1174 4502 1182 4514; x_wconf 88' lang='lat'>&#39;</span> 
     </span>
    </p>
   </div>
   <div class='ocr_carea' id='block_1_8' title="bbox 0 0 1460 4926">
    <p class='ocr_par' dir='ltr' id='par_1_9' title="bbox 0 0 1460 4926">
     <span class='ocr_line' id='line_1_44' title="bbox 0 0 1460 4926; baseline 0 3"><span class='ocrx_word' id='word_1_398' title='bbox 0 0 1460 4926; x_wconf 95' lang='lat' dir='ltr'><strong> </strong></span> 
     </span>
    </p>
   </div>
  </div>
 </body>
</html>
