2910 4926
166 335 173 349 ,
263 270 329 332 424
578 284 622 332 sn
643 283 835 332 cnunmmis
856 282 1054 332 sumnum

264 440 498 505 conveniendus
522 441 561 505 de
591 463 629 505 eo
651 441 687 504 in
712 441 795 504 Rata
819 447 852 504 et
880 437 1094 517 mulctandus,
1120 436 1206 521 quod
1234 437 1275 502 od
1300 459 1370 503 non

263 544 406 608 Jadioem
421 544 597 630 appellarit.

308 648 444 713 Interim
461 649 641 733 percontari
662 649 751 729 libet,
767 650 857 716 Quot
874 669 974 713 annos
991 654 1139 712 numeret
1153 648 1223 712 haec
1237 647 1369 731 glossa?

264 753 482 838 quampridem
498 761 556 833 est,
571 775 646 817 oum
660 774 731 818 enm
746 755 908 817 commetat
922 752 1020 817 estis?
1059 752 1140 820 Quis
1154 753 1185 817 ei
1200 751 1239 816 de
1255 752 1370 815 Patri-

264 855 320 918 bus
334 855 441 920 favet?
486 857 574 920 Ante
588 877 717 921 eausam
728 855 888 920 Venetam
902 855 973 939 quis
987 854 1084 920 fendo
1099 854 1220 919 audivit
1230 855 1370 917 Paulam

264 959 309 1021 ad
325 959 475 1023 mannae
490 959 625 1023 Caesaric
637 965 781 1037 stantem,
796 980 862 1023 non
876 957 921 1023 ibi
932 958 1067 1038 stetisse,
1081 959 1134 1021 abi
1148 978 1216 1021 erim
1230 959 1370 1039 aportuit

254 1062 426 1142 petauri?
454 1083 524 1142 nec,
547 1071 586 1126 ut
609 1063 650 1126 nd
671 1063 804 1125 Gaesarie
826 1063 1029 1144 caprariam
1049 1067 1239 1139 emeretur,
1259 1067 1370 1144 petere

263 1166 420 1248 potuisse:
456 1167 491 1229 in
516 1188 617 1251 eoque
639 1165 879 1250 praevnrieetum
901 1185 979 1228 esse.
1027 1165 1160 1228 cesaris
1184 1164 1270 1228 enim
1298 1164 1371 1226 m

263 1268 369 1331 manli
398 1269 578 1354 subjectum
608 1291 674 1334 non
705 1269 812 1349 fuisse,
836 1268 892 1332 sed
921 1270 1129 1350 eorreptionem
1158 1267 1231 1332 Fori
1245 1269 1369 1352 justum

264 1370 423 1436 habuisse.

297 1501 418 1552 Coactum
429 1502 505 1553 tuisse
512 1501 617 1553 Paulum
627 1479 753 1568 appellere
762 1504 884 1554 Gaesarem
887 1538 967 1565 .....
979 1507 1009 1552 ut
1019 1502 1128 1567 eriperet
1138 1515 1195 1551 eum
1204 1499 1237 1551 de
1247 1499 1370 1550 monibus

328 1582 592 1649 ludaeorum-²[Bell.
603 1585 678 1651 Apol.
690 1600 737 1650 pro
748 1585 836 1650 Resp]
854 1600 879 1649 p.
892 1584 947 1636 172.
961 1583 1027 1649 [Op.,
1038 1587 1098 1634 tom
1107 1583 1150 1632 rii
1161 1583 1207 1632 ool.
1216 1584 1272 1632 sol.
1282 1580 1312 1631 B.
1321 1580 1366 1645 0.]

308 1683 491 1747 Ridiculum
507 1691 624 1764 autem,
641 1685 726 1768 quod
740 1685 786 1748 ait
801 1684 973 1767 appellasse
990 1684 1152 1759 Gesarem,
1166 1702 1228 1744 aaa
1241 1686 1276 1743 at
1292 1701 1368 1743 caa-

262 1808 329 1850 sam
335 1788 507 1869 judiearet,
523 1788 580 1850 sed
592 1795 627 1851 at
641 1789 775 1870 eriperet
789 1808 858 1852 eam
872 1789 910 1853 de
924 1787 1066 1850 manibus
1079 1786 1268 1849 Jadoeanm.
1303 1785 1368 1847 Ec-

262 1913 325 1974 qua
339 1891 425 1954 enim
436 1898 485 1954 est
498 1913 634 1974 usquam
648 1891 821 1956 illiusmodi
829 1892 1018 1973 Appellatio,
1030 1898 1068 1953 ut
1076 1890 1231 1971 eripiatur
1241 1888 1367 1971 uliquis,

146 2026 156 2090 ]
262 2016 328 2059 non
341 1997 505 2078 judicetur
522 2002 630 2059 autem
653 1996 809 2075 eJadiee,
831 1995 871 2058 ad
895 2016 990 2079 quem
1008 1994 1211 2076 appellatur?
1256 1992 1368 2058 Quon-

262 2120 368 2181 quam,
386 2106 419 2161 et
433 2098 487 2161 hie
502 2120 638 2182 quoqne,
653 2099 789 2163 incurrit
811 2099 845 2162 in
869 2097 965 2162 rerba
987 2104 1164 2161 contextus.
1212 2095 1266 2158 Sic
1280 2095 1369 2158 enim

263 2202 376 2265 Festus
399 2201 559 2286 Agrippae.
608 2204 710 2266 Paulo
736 2209 839 2265 autem
863 2202 1048 2284 appellante,
1066 2206 1101 2262 at
1124 2205 1303 2263 servaretur
1327 2200 1373 2261 ad

261 2305 398 2387 Aapasti
410 2308 639 2388 caprulensem&
671 2305 855 2390 cognitioni
866 2305 966 2387 igitur
974 2302 1114 2387 Augusti
1124 2308 1249 2365 servata
1262 2322 1367 2365 causa.

261 2408 357 2472 Festo
373 2409 459 2472 enim
475 2409 632 2472 credimus
647 2409 753 2493 potius
765 2429 861 2491 quam
871 2406 1072 2484 cardinalia
1088 2427 1150 2489 quo
1166 2406 1367 2487 cnmAppel-

261 2513 372 2575 lationi
387 2512 528 2576 delatum
544 2522 601 2592 cst,
617 2513 731 2576 melius
745 2512 831 2574 illius
846 2512 910 2575 vim
925 2531 1053 2575 omnem
1074 2509 1233 2593 cognorit,
1249 2509 1368 2572 melius

261 2615 378 2678 referre
394 2624 517 2699 poterut
529 2616 608 2694 haee,
620 2615 798 2680 Cordinale.
832 2615 927 2681 Quod
939 2615 964 2677 si
976 2615 1117 2696 copnosoi
1133 2613 1243 2677 debuit
1259 2614 1297 2675 de
1306 2613 1368 2675 Re-

261 2721 451 2781 surrectione
464 2721 580 2782 Christi
596 2720 775 2802 (praecipua,
792 2718 840 2780 uti
853 2718 1015 2782 Cardineli
1031 2717 1144 2801 placet,
1161 2717 1363 2799 quaestionez)

263 2830 369 2899 testes,
386 2844 442 2904 per
461 2845 539 2904 qnos
559 2825 627 2886 fieri
651 2823 690 2885 de
710 2844 748 2886 ea
769 2822 847 2885 fides
864 2830 980 2905 posset,
995 2822 1030 2884 in
1046 2821 1159 2884 Judaea
1173 2827 1264 2883 erant
1284 2822 1368 2902 (pars

263 2944 378 3007 nempe
402 2947 521 3008 menone
538 2925 681 3007 fratrum
704 2929 780 3008 plus
804 2928 1049 3008 qaiapeatoram,
1071 2945 1150 3007 quos
1172 2923 1270 2986 etiem
1296 2932 1368 2986 tum

263 3050 424 3111 superesse
445 3029 526 3092 dixit
544 3028 764 3113 Apostolusf),
780 3030 815 3092 in
832 3028 945 3092 Judaea
963 3028 1117 3110 (inquam)
1137 3035 1237 3104 erunt,
1255 3028 1368 3090 Romae

263 3152 330 3195 non
354 3138 454 3208 erant,
478 3141 514 3194 ut
539 3132 650 3196 frivole
675 3132 807 3216 proinde
834 3153 872 3196 eo
896 3132 1085 3212 appellatam
1108 3130 1159 3193 sit.
1205 3129 1368 3193 Frivolnm

265 3235 351 3298 enim
373 3237 532 3317 appellare
550 3235 635 3315 inde,
650 3236 706 3300 ubi
729 3235 869 3319 suppetit
889 3234 1044 3318 probatio,
1060 3254 1107 3312 ec,
1123 3233 1180 3297 nbi
1202 3232 1237 3295 in
1253 3232 1368 3316 proba·

265 3338 352 3402 tione
379 3340 459 3402 scies
484 3339 660 3404 necessario
687 3339 746 3403 tibi
770 3337 992 3402 deficiendum.
1039 3336 1187 3419 Denique
1213 3344 1245 3399 et
1270 3337 1305 3399 in
1330 3357 1369 3400 eo

264 3444 488 3526 praevarieatus
515 3451 572 3521 est,
598 3443 683 3526 quod
706 3440 787 3506 cum'
807 3436 977 3524 lepitima'm
995 3441 1136 3523 jadicem
1159 3439 1303 3518 haberet,
1329 3439 1369 3502 ad

266 3568 360 3628 quem
376 3555 464 3609 recto
477 3546 529 3609 vin
543 3548 699 3629 appellare
714 3554 829 3630 posset,
846 3544 885 3607 sd
905 3566 1000 3628 quem
1023 3544 1115 3626 proin
1128 3543 1202 3626 jure
1217 3543 1246 3606 ei
1262 3544 1369 3624 appel-

266 3649 392 3711 landam
407 3648 521 3727 fuerat,
543 3650 580 3724 (is
603 3658 709 3712 autem
731 3658 798 3712 erat
814 3650 853 3713 B.
863 3649 977 3712 Petrus
993 3668 1030 3710 ex
1047 3645 1224 3711 cardinalis
1240 3655 1369 3710 senten·

266 3748 321 3828 tie,
338 3750 421 3814 solus
436 3752 470 3813 in
488 3752 548 3815 hec
563 3753 734 3834 Relipioais
752 3754 916 3834 qaaestioae
926 3751 1032 3814 Jadeoe
1046 3750 1227 3831 competens)
1239 3757 1371 3832 propter

266 3852 373 3916 nescio
388 3875 482 3935 quem
498 3864 621 3918 metum
633 3856 688 3940 (ne
703 3858 801 3918 risam
818 3855 975 3919 subselliis
990 3859 1200 3931 ceramoveret,
1211 3854 1308 3917 Petro
1319 3855 1370 3917 vel

266 3955 432 4020 nominato
445 3957 578 4038 lepitimo
594 3980 650 4022 suo
659 3958 771 4022 Jadice
780 3961 803 4042 ὅ)
821 3959 905 4022 viem
919 3966 1040 4022 rectum
1053 3956 1226 4039 reliquisse,
1237 3963 1269 4019 et
1280 3957 1370 4039 quasi

300 4144 311 4167 ο
329 4125 383 4176 Act.
398 4143 455 4177 xxv.
466 4129 504 4178 21.
841 4129 981 4188 vicarium,
992 4132 1018 4177 et
1028 4125 1176 4176 ludaeorum
1192 4125 1270 4174 risum
1280 4140 1370 4238 provo

301 4188 310 4221 ¹
326 4194 338 4239 1
352 4191 407 4241 Gor.
418 4209 458 4242 xv.
472 4193 517 4257 [6.]
841 4199 950 4254 rosseto
960 4193 1052 4256 quibus
1063 4191 1231 4249 accusabatur,
1242 4195 1268 4239 et
1304 4190 1370 4239 thni-

301 4263 313 4296 Ι
330 4256 399 4321 [(Ἐι
410 4258 478 4306 enim
491 4263 638 4321 tempestate
648 4259 798 4321 nequeuntis
841 4273 935 4317 eorum,
947 4274 962 4307 e
972 4258 1064 4320 quibus
1072 4254 1371 4318 judicabatur.”]—Boll.

268 4324 336 4380 notn,
353 4335 434 4383 neque
452 4321 548 4371 credits
566 4322 590 4372 S.
600 4323 668 4371 Petri
687 4329 797 4386 potestus
841 4324 870 4372 tn
881 4322 999 4385 Respons.
1013 4320 1044 4370 od
1062 4318 1261 4394 Docton'l'heol.
1281 4319 1371 4383 [aliter

269 4389 330 4437 emt.
341 4390 416 4447 etque
428 4387 471 4445 its,
484 4387 506 4435 si
519 4386 610 4437 Paulus
622 4387 729 4437 dixisset
739 4388 796 4437 nul·
840 4387 959 4450 Respons.
987 4386 1019 4435 ad
1042 4386 1117 4434 Anon
1163 4399 1171 4431 1
1201 4383 1281 4448 Epist
1313 4384 1370 4448 Op„

269 4447 322 4497 lum
331 4449 378 4498 sel
383 4449 480 4500 udicem
492 4465 633 4513 agnoscere,
644 4453 694 4502 nisi
701 4452 796 4502 Christi
840 4459 901 4502 tom.
914 4452 957 4500 rii
969 4451 1015 4501 ool.
1029 4452 1100 4500 1061.
1113 4400 1198 4512 dmm
