2910 4926
94 2659 143 2725 [De
153 2659 205 2709 hio·

94 2726 200 2792 naehis]

266 273 335 338 aet
580 287 624 337 in
645 283 836 339 camurinis
857 289 1057 346 smmum

267 401 468 538 respondere.
512 449 688 516 Debebant
702 473 787 530 vero,
802 458 840 516 ut
855 453 1036 537 exemplum
1051 459 1223 540 prototypo
1236 476 1371 541 respon.

267 555 368 637 deret,
394 560 432 619 ut
461 555 609 633 aPauli,
638 554 751 620 itidem
780 577 800 619 a
822 556 988 639 Pontifici:
1016 578 1147 642 corpore
1170 559 1312 639 mdeste,
1336 568 1373 626 et

266 661 459 725 sensenna
473 658 592 724 deferri
606 659 647 724 ad
667 659 727 725 hos
741 660 934 743 languidos,
958 662 1042 746 quod
1057 670 1168 727 tamen
1183 684 1251 728 non
1265 665 1314 742 fit,
1335 672 1372 730 ct
1396 648 1401 660 ’

267 765 295 828 si
320 765 421 843 fieret,
453 784 520 828 non
546 763 688 828 creditur
710 785 894 829 recessurus
921 787 941 829 a
963 787 1126 851 quoquam
1146 767 1295 851 languor,
1317 769 1372 833 vel

266 869 370 933 malus
399 868 531 952 spiritus
554 888 751 951 egressurus.
795 868 912 953 Neque
941 891 1016 934 vero
1049 872 1226 955 (utcunque
1254 871 1371 956 primis

265 971 464 1056 temporibus
479 971 581 1036 Paulo
597 970 678 1050 hac,
694 978 727 1036 et
742 971 850 1050 Petro,
866 972 953 1037 faeta
972 973 1143 1053 credimus,
1163 980 1202 1039 ut
1224 973 1305 1040 fides
1327 996 1370 1040 ex

263 1075 304 1139 iis
318 1076 409 1140 fieret
425 1075 550 1140 muneri
564 1095 676 1140 eorum
691 1075 889 1160 Apostolico)
908 1076 1021 1141 eadem
1035 1077 1099 1141 ista
1112 1076 1260 1143 faetitme
1271 1077 1371 1162 jube-

263 1184 319 1241 tur
334 1177 493 1257 Pontifex,
515 1177 551 1242 in
568 1178 673 1242 Uerris
693 1179 871 1258 eternae,
887 1187 920 1244 et
934 1181 1038 1262 Agnis
1057 1181 1130 1245 Dei.
1175 1181 1240 1246 Sed
1261 1202 1370 1266 neque

263 1281 377 1367 reponi
392 1281 591 1367 jubebantur
603 1281 797 1345 semicinctia
810 1280 846 1345 in
861 1281 963 1365 capsis
978 1282 1158 1365 argenteis:
1182 1303 1249 1348 non
1263 1283 1370 1367 magis

262 1386 329 1465 illa,
346 1407 443 1470 quam
459 1385 548 1449 Petri
562 1383 678 1448 umbra
696 1383 821 1448 inclusa
834 1385 962 1468 uspiam
976 1385 1011 1449 in
1026 1386 1133 1463 theca,
1147 1392 1185 1451 ut
1201 1387 1368 1471 Reliquia-

258 1512 336 1555 rum
358 1491 429 1555 loeo
444 1510 515 1554 csse
533 1495 678 1574 possent.
721 1489 766 1552 Et
785 1487 850 1566 ille,
867 1509 939 1572 quae
953 1487 1037 1573 legit
1058 1487 1104 1553 ibi
1118 1489 1154 1554 in
1169 1490 1283 1573 Capite
1297 1490 1366 1570 illo,

261 1594 348 1677 apud
362 1594 594 1678 Augustinum,
610 1592 781 1657 miracula:
804 1591 921 1671 videat,
938 1613 981 1657 an
995 1592 1152 1658 concinne
1167 1594 1244 1658 satis
1258 1593 1367 1660 conci-

261 1696 340 1760 liare
361 1697 461 1781 possit
479 1717 555 1761 eum
571 1695 756 1780 Augustino
776 1695 857 1780 ipso,
873 1696 929 1781 qui
948 1718 1099 1780 nusquam
1121 1699 1174 1761 hie
1195 1698 1230 1761 in
1248 1696 1368 1779 Africa

262 1800 341 1862 talia
361 1798 438 1881 fieri
459 1801 541 1864 scire
561 1821 605 1878 se,
621 1799 702 1864 dixit
720 1800 809 1865 Clero
830 1822 899 1880 suo,
914 1808 948 1865 et
968 1801 1124 1865 Universa
1138 1801 1229 1864 Plebi
1242 1802 1366 1883 Hippa-

260 1902 384 1964 nenn‘0:
398 1901 507 1966 miuus
522 1908 615 1966 caute
629 1901 673 1982 id,
686 1901 713 1966 si
728 1909 795 1967 tam
803 1900 985 1986 frequentia
1000 1902 1132 1967 fiebant.
1156 1903 1365 1986 Quanquam,

260 2003 324 2067 alia
338 2004 471 2070 omniuo
493 2006 577 2070 ratio
591 2013 651 2086 est,
667 2005 708 2070 de
723 2007 878 2089 Reliqaiis
893 2007 1100 2079 Sanctarum:
1123 2006 1187 2071 aiis
1200 2005 1241 2070 de
1259 2007 1367 2071 Cereis

260 2116 293 2173 et
319 2109 422 2192 Apnis
447 2110 518 2190 Dei,
545 2116 579 2174 et
601 2108 643 2174 de
668 2110 821 2191 Reliquis
849 2109 976 2192 (dicam,
1007 2131 1050 2174 an
1075 2111 1270 2195 Qnispailiis)
1296 2112 1365 2176 Pa-

254 2232 380 2293 param.

291 2363 352 2416 Non
368 2379 440 2430 posse
456 2363 623 2430 reprehendi.
636 2400 660 2415 ..
673 2363 810 2415 ,instituta
828 2363 1038 2428 (Menaenorum),
1057 2363 1108 2414 nisi
1125 2363 1365 2431 reprehendant[ur]

323 2446 410 2498 Patres
422 2461 510 2498 omnes
520 2447 661 2511 primorum
672 2446 869 2510 quingentorum
880 2445 1120 2513 annorum-[Beli
1132 2447 1208 2511 Apol.
1219 2461 1265 2511 pro
1275 2446 1364 2512 Resp]

322 2542 347 2592 p.
360 2529 415 2582 167.
440 2529 510 2593 [Op.,
521 2533 585 2579 tom.
596 2527 639 2578 vii
652 2528 708 2578 coll.
718 2527 774 2580 792.
786 2526 816 2579 D.
829 2527 885 2580 793.
897 2526 944 2590 rh]

301 2645 373 2708 Nec
395 2646 542 2709 instituta
556 2645 784 2707 Menaenorum
805 2644 931 2707 animus
951 2642 1033 2727 Regi
1049 2642 1111 2707 fuit
1126 2645 1362 2725 reprehendere,

258 2746 315 2810 sed
329 2748 512 2824 Monachus,
529 2747 585 2832 qui
605 2746 661 2811 diu
682 2747 749 2831 jam
773 2768 904 2830 prorsus
927 2752 1127 2810 recesserunt
1149 2746 1189 2811 ab
1205 2749 1361 2813 iratitato.

259 2849 367 2916 Quare
390 2852 505 2915 otiosos
530 2852 705 2914 Mermeros
729 2848 818 2926 dixit,
844 2848 996 2932 epitheto,
1023 2848 1098 2926 illis,
1125 2857 1239 2932 quarto
1262 2852 1362 2915 modo

256 2955 393 3038 proprie.
438 2957 536 3036 Nam,
552 2964 590 3021 nt
612 2954 782 3037 Pontifices
801 2955 881 3038 jam,
906 2954 1017 3038 primis
1040 2955 1145 3016 Roma
1167 2955 1359 3036 Episcopis:

258 3058 444 3122 cardinales
458 3059 615 3137 hodierni,
631 3058 773 3142 antiquis
788 3057 823 3121 in
838 3057 917 3121 urbe
930 3058 1107 3121 Peractis:
1131 3056 1177 3120 ita
1192 3058 1358 3138 Menaeni,

255 3160 366 3243 priscis
390 3163 463 3241 illis,
485 3163 580 3246 plane
600 3161 782 3225 dissimiles.
829 3161 876 3223 Hi
899 3160 985 3224 enim
1008 3161 1172 3223 Locusta:
1201 3159 1249 3222 illi
1271 3163 1359 3243 apri-

253 3266 352 3330 cola:
375 3287 435 3330 nee
458 3265 539 3329 liber
564 3265 633 3348 jam
658 3263 755 3328 scribi
780 3270 897 3347 posset,
923 3263 985 3327 nisi
1008 3262 1048 3326 de
1071 3266 1144 3341 otio,
1167 3262 1288 3342 nullus,
1310 3265 1359 3347 (ut

255 3366 332 3430 olim
347 3367 542 3452 Augustino)
563 3368 600 3430 de
616 3387 706 3449 opere
720 3367 983 3429 Menaenorum.
1021 3366 1198 3449 Postquam
1208 3365 1360 3448 Pontifex

255 3469 290 3532 in
312 3472 464 3549 Bestiam,
491 3478 524 3534 et
554 3471 587 3532 ni
618 3470 654 3533 in
679 3469 832 3532 Locustae
861 3468 1121 3551 degenerarunt:
1160 3467 1246 3551 apud
1276 3491 1357 3552 quos

255 3572 392 3635 nimium
406 3594 489 3652 vere,
504 3572 642 3636 nimium
662 3594 756 3655 saepe,
773 3569 894 3634 desidia
912 3570 948 3633 in
968 3570 1127 3633 luxuriam
1143 3569 1356 3653 despumavit.

256 3675 331 3754 Qui,
355 3683 393 3738 ut
422 3675 560 3738 maxime
586 3674 706 3737 firerint
736 3672 822 3756 apud
847 3673 969 3751 Patres,
1000 3671 1097 3755 (quod
1120 3693 1217 3735 nemo
1243 3674 1354 3756 negat)

252 3785 364 3841 tamen
383 3784 417 3841 et
443 3780 565 3862 Agapae
587 3776 673 3859 apud
694 3777 767 3840 illos
788 3776 930 3856 fuerunt,
947 3782 980 3840 ct
995 3775 1133 3859 Vigiliae,
1158 3784 1196 3839 ut
1215 3784 1247 3839 et
1269 3776 1356 3857 apud

252 3901 308 3943 vos
334 3902 438 3966 nuper
456 3882 629 3954 Quaestores
653 3880 906 3962 Indulgentiarii,
931 3878 986 3962 qui
1012 3886 1122 3943 tamen
1147 3878 1265 3942 sublati
1284 3880 1355 3963 jam

285 4068 296 4092 ⁰
313 4060 339 4125 [⁴¹
348 4059 480 4124 Numquid
494 4074 546 4110 uon
562 4063 588 4110 ct
604 4058 691 4108 Africa
709 4074 777 4109 sane
820 4059 940 4119 inventas,
954 4061 980 4108 et
997 4059 1025 4107 in
1043 4059 1156 4108 Africam
1174 4057 1277 4106 demum
1295 4061 1356 4120 post

252 4129 336 4176 terum
345 4124 778 4188 martymmcerporihusplenaesti
821 4124 1016 4238 pandriennium
1034 4124 1124 4174 allatae.
1159 4122 1269 4198 Videas.
1283 4122 1351 4185 Aug.

252 4195 279 4239 et
297 4195 382 4239 tamen
400 4205 524 4253 nusquam
543 4190 585 4239 hie
604 4189 698 4239 scimus
716 4189 778 4241 talia
839 4188 937 4240 scivit.
945 4188 1000 4250 Dei,
1013 4188 1129 4238 lib.xxii.
1140 4190 1299 4250 cap.v111.§§.
1311 4189 1352 4237 20.

252 4254 400 4305 fieri.’'—S.
420 4253 496 4317 Aug]
520 4254 565 4316 Ep.
584 4254 696 4303 cxxxxii.
719 4253 776 4320 [sec.
821 4269 871 4318 seq.
893 4254 949 4318 op..
971 4259 1032 4303 tom.
1044 4254 1089 4303 vii.
1113 4254 1236 4303 cel.1068
1256 4267 1308 4314 seq.
1326 4257 1354 4303 st

251 4324 312 4370 vett
320 4319 400 4370 Edita
406 4337 412 4381 ;
424 4319 470 4383 up.
479 4319 577 4369 lxxviii.
588 4318 648 4369 Ben
661 4323 681 4380 5.
689 4321 712 4369 3.
721 4321 778 4398 Op,
822 4318 901 4370 Serm.
918 4318 1177 4369 cccxviii-cccxxiv.
1207 4318 1264 4381 Op,
1286 4321 1350 4368 tom.

250 4390 310 4434 tom.
323 4385 349 4434 ii.
362 4385 408 4435 col.
420 4385 474 4435 275.
486 4383 514 4433 0.
534 4383 597 4434 Haec
608 4388 692 4435 autem
705 4385 774 4449 Epis
821 4399 845 4434 v.
860 4385 1061 4447 nilaresco]
1215 4399 1217 4403 ’

249 4449 301 4500 tola
322 4465 375 4499 un.
398 4451 452 4498 tot.
476 4450 569 4513 scripta
595 4452 641 4507 est.
661 4449 775 4512 reliquiae
851 4447 957 4514 ¹²[Vids
971 4449 1069 4512 S.Aug.
1082 4448 1137 4513 Op,
1149 4452 1210 4498 tom.
1221 4445 1266 4510 vi]

247 4503 306 4564 vd'o
326 4514 350 4564 S.
363 4514 485 4580 Stephani
504 4529 556 4566 non
572 4519 631 4566 ants
650 4528 699 4564 aa.
717 4515 773 4565 415.
