2910 4926
439 290 620 339 arcionum
642 291 822 341 tarseorum.
886 301 897 318 ·
1115 278 1177 341 431

146 444 231 510 Gilgal
248 443 303 513 [lep.
316 445 556 512 dalaian-[suli
576 448 651 512 Apol.
671 462 717 513 pro
739 447 825 512 Resp]
847 462 871 512 p.
891 449 945 500 175.
973 446 1040 512 [Op.,
1062 450 1123 498 tom.
1135 448 1181 498 vii.

145 527 192 577 col.
205 530 259 579 803.
271 528 345 594 aa]

125 626 181 704 At,
198 648 269 709 quae
288 627 334 691 ibi
348 627 445 690 verba
463 627 586 701 inserit,
603 629 751 692 Pereeit
765 649 873 691 omnus
887 629 1032 709 populna,
1048 634 1078 691 et
1093 625 1178 710 fece·
1193 635 1295 713 [Postea

81 734 155 791 rarat
181 730 225 791 ili
250 731 364 812 Repern
385 731 464 794 Sunt
492 752 597 794 coram
622 732 755 795 Domino
778 733 811 795 in
835 729 970 815 Gilpal‘l,
994 753 1090 814 quam
1114 730 1179 797 vim
1191 701 1339 828 fflssiffir

82 831 233 911 habeant,
250 835 330 897 sciat
345 835 463 898 Lector
477 856 516 898 ex
530 834 608 898 locis
624 834 704 913 aliis,
720 833 776 899 ubi
791 835 888 900 verba
902 835 1014 899 eadem
1028 843 1179 918 repetun·
1191 829 1252 893 tus]

81 941 146 1013 tur,
173 937 323 1000 Fecerunt
346 937 484 1000 Rolnam
509 939 652 1022 Reqemr,
673 939 825 1002 Fecerunt
845 939 924 1001 loos
949 936 1087 1022 Repemf.
1133 939 1180 1003 At

83 1044 218 1122 uterque
236 1061 275 1103 ex
295 1041 492 1105 successione
513 1042 626 1120 haeres,
649 1062 709 1106 nec
727 1041 804 1123 fleri
824 1047 984 1126 poterant,
1006 1041 1092 1124 quod
1110 1041 1180 1124 jam

82 1148 182 1205 nant.
212 1144 362 1206 Fecerunt
379 1144 525 1206 Salomon
539 1145 672 1227 Repemss
687 1145 827 1209 seeundo
841 1146 967 1228 (nempe
982 1145 1031 1209 uti
1049 1144 1180 1209 Saulem

82 1247 156 1330 hic.)
182 1249 238 1311 Bis
255 1270 328 1312 vero
340 1249 427 1313 idem
435 1248 511 1330 fieri
525 1271 592 1313 non
607 1257 723 1334 potest.
755 1249 850 1316 Quod
865 1249 963 1314 semel
976 1251 1045 1333 jam
1054 1248 1180 1330 fuctum

82 1357 141 1428 est,
156 1350 274 1415 iterum
287 1350 363 1431 fleri
385 1373 450 1414 non
465 1359 580 1435 potest.
626 1353 734 1418 Quare
749 1351 783 1415 id
798 1352 896 1431 verbi,
913 1373 987 1416 eum
1002 1350 1181 1434 defectura

82 1453 151 1535 ipsa
170 1475 235 1517 uon
255 1461 461 1536 possetque
478 1456 547 1537 jam
562 1455 733 1538 praeccssit,
749 1454 790 1518 de
810 1455 934 1518 solenni
949 1455 1025 1532 ritu,
1042 1463 1075 1519 et
1088 1456 1181 1518 inan-

41 1631 51 1644 ·
84 1555 220 1637 gurandi
239 1557 428 1620 caeremonia
447 1556 575 1638 publica
591 1556 839 1639 intelligendum
859 1564 919 1635 est,
936 1579 1008 1639 qua,
1031 1558 1097 1640 (qui
1112 1559 1181 1641 jam

84 1666 143 1735 cst,
160 1658 268 1721 divina
282 1659 448 1738 electione,
464 1667 502 1722 ut
516 1660 604 1737 Saul,
619 1667 755 1743 paterna
768 1660 819 1724 vel
836 1659 1054 1742 designatione
1068 1660 1180 1739 haeres,

84 1770 121 1824 ut
138 1761 300 1839 Salomon,
315 1763 365 1825 vol
386 1770 499 1839 morte,
522 1769 559 1825 ut
579 1762 734 1842 Roboam,
758 1771 790 1826 ct
810 1764 909 1844 loss)
930 1762 1015 1846 quod
1030 1763 1100 1847 jam
1120 1770 1180 1842 est,

84 1863 117 1926 id
147 1864 252 1947 palam
279 1871 312 1928 et
338 1865 425 1928 omni
446 1866 565 1948 populo
590 1886 659 1929 esse
684 1867 882 1929 declaretur:
917 1867 1045 1931 futurus
1070 1872 1180 1930 tamen

85 1966 140 2049 qui
163 1973 221 2044 est,
246 1967 272 2030 si
291 1968 462 2030 declaratio
482 1967 572 2031 nulla
591 1968 774 2033 accederet:
797 1975 910 2051 utpote
930 1990 1027 2051 equa
1044 1970 1181 2031 essentie
1237 1971 1302 2033 312

84 2070 165 2133 nihil
188 2071 372 2153 acquiritur,
387 2077 516 2134 tantum
537 2073 656 2134 notitiae
677 2072 780 2154 magis
800 2079 1007 2155 pervagatum
1027 2071 1181 2135 redditur.

84 2176 200 2253 Factus
214 2195 291 2257 ergo
308 2175 384 2237 Saul
405 2174 441 2237 in
463 2175 596 2257 Mispha
610 2175 690 2253 Rex,
713 2175 747 2238 in
764 2174 873 2258 Gilgal
895 2175 1070 2239 solenniter
1091 2177 1182 2238 inon-

81 2283 222 2358 paratus.

115 2402 132 2451 J
134 2402 245 2453 udicium
261 2406 368 2454 sortium
384 2405 476 2455 fuisse.
490 2441 495 2454 .
508 2442 513 2454 .
526 2404 650 2454 indicium
667 2406 759 2469 potius,
770 2405 823 2455 sive
834 2405 1017 2468 prejudicium,
1029 2419 1104 2469 quam
1115 2405 1183 2456 abso

148 2485 232 2535 lutum
248 2485 491 2551 judicium-[Bell.
510 2487 584 2551 Apol.
603 2501 649 2550 pro
668 2487 752 2551 Resp]
774 2501 798 2551 p.
818 2486 873 2538 175.
898 2485 965 2551 [Op.,
987 2490 1049 2536 tom.
1068 2487 1112 2538 vii.
1135 2486 1181 2537 ool.

150 2568 205 2616 803.
223 2566 263 2630 R]

128 2665 177 2752 Epi
192 2686 231 2728 eo
246 2672 364 2742 autem,
381 2666 466 2748 quod
488 2665 529 2729 ad
544 2687 674 2749 poenam
689 2664 867 2748 capitalem,
885 2665 1066 2746 praejudicii
1087 2665 1183 2730 modo
1196 2676 1289 2790 poeula

86 2767 151 2829 vim
179 2768 286 2831 Sortes
314 2768 471 2845 habeant;
495 2790 564 2832 non
589 2776 675 2833 recte
697 2768 868 2832 concludat
892 2769 962 2851 quis
991 2769 1026 2832 in
1051 2768 1182 2851 reliquis
1196 2745 1336 2869 fflljffi,

84 2870 198 2933 itidem
221 2872 285 2934 vim
310 2871 405 2934 aliam
434 2893 500 2935 non
526 2872 653 2936 habere.
697 2872 776 2936 Non
806 2871 893 2934 enim
919 2873 953 2934 in
977 2871 1085 2934 Sortes
1107 2892 1182 2936 con·
1196 2871 1286 2933 cium]

86 2973 196 3051 sensit,
224 2973 279 3056 qui
307 2973 391 3036 male
415 2973 491 3056 quid
516 2973 654 3052 admisit,
679 2972 833 3057 cujusque
858 2973 899 3037 de
924 2973 1033 3053 Cupite
1058 2973 1183 3056 agitur,

86 3075 262 3139 mittuntur
280 3076 315 3138 in
336 3075 484 3153 invitum,
508 3097 567 3139 nec
588 3075 734 3139 submisit
754 3096 789 3138 se
810 3074 961 3137 Sortibns.
1005 3076 1051 3138 At
1068 3075 1184 3158 quibus

85 3178 208 3240 Electio
222 3199 287 3260 prae
302 3200 401 3241 manu
418 3185 476 3255 est,
488 3178 657 3241 alteriusve
669 3177 889 3240 Controversia
903 3177 986 3255 finis,
1001 3178 1037 3240 in
1051 3198 1184 3241 manum

87 3281 291 3358 conveniunt,
307 3290 344 3343 ut
359 3301 546 3363 quacunque
568 3287 660 3364 parte
680 3280 830 3344 ceciderit
851 3281 938 3357 Sors,
961 3281 1082 3344 ineam
1097 3280 1184 3345 ultro

88 3382 153 3445 sint
167 3383 253 3445 ituri.
293 3383 379 3446 Meri
393 3382 734 3466 hieergojndiciivim
746 3382 875 3445 habent.
915 3385 1118 3464 Quanquam,
1128 3383 1184 3447 ubi

88 3492 197 3567 aperta
219 3485 391 3568 Scripturae
407 3485 502 3549 verba
524 3492 611 3563 sunt,
634 3485 762 3563 Videtis,
782 3506 869 3567 quem
891 3487 982 3567 clepit
998 3486 1150 3548 Dominus
1157 3484 1183 3563 ¹¹,

87 3587 264 3665 dessSaule3
293 3588 435 3665 Ostende,
455 3610 542 3670 quern
562 3585 716 3671 elsperisi,
740 3587 780 3651 de
801 3588 962 3665 Matthia;
985 3589 1019 3652 id
1042 3589 1119 3672 quin
1138 3589 1185 3651 ita

81 3690 207 3772 facturn
223 3692 273 3769 sit,
293 3693 342 3774 (ut
356 3691 453 3756 verba
467 3691 599 3775 habent)
618 3691 755 3757 amentis
770 3698 818 3755 est
829 3691 1000 3775 disputare.

120 3828 173 3878 Nos
185 3865 190 3877 .
203 3863 209 3876 .
223 3864 229 3877 .
240 3828 357 3877 electioni
375 3828 528 3878 Pontificum
544 3828 584 3877 bis
598 3828 766 3887 interfuimus,
783 3841 829 3877 noc
840 3831 925 3877 tamen
936 3827 968 3877 dc
978 3825 1123 3892 praegrandi
1139 3827 1185 3878 illa

152 3910 210 3973 [lep.
223 3910 284 3974 iata]
301 3911 408 3972 pecnnia
424 3911 558 3973 quiequam
576 3907 836 3973 audivimus-[Bell.
848 3908 925 3973 Apule
935 3923 980 3973 pro
992 3908 1077 3974 Resp]
1095 3925 1119 3973 p.
1128 3910 1182 3961 176.

153 3991 518 4056 [Qmffimmffl

131 4092 177 4154 At
192 4090 231 4154 dc
240 4092 423 4173 proprendi
438 4092 494 4152 illa
503 4093 649 4172 pecnnia,
665 4111 731 4153 non
746 4091 790 4152 ad
803 4091 988 4155 calumniam
997 4092 1135 4172 pertinet
1149 4089 1183 4153 id
1208 4100 1246 4177 ite
1256 4114 1307 4176 am·

88 4194 276 4270 diceresed
296 4194 335 4255 ad
359 4195 502 4255 delirium
522 4214 648 4276 negare.
696 4194 763 4256 Cur
782 4192 828 4256 ita
848 4194 976 4257 delicias
995 4193 1091 4257 faciat
1105 4194 1182 4257 Cur·
1195 4167 1318 4278 ,fssssffine

120 4361 175 4456 (ΞΠ
191 4361 256 4474 Slam.
270 4361 316 4476 (112ss
323 4362 393 4440 Bag.)
406 4363 503 4426 xi.15.]
688 4360 967 4476 :ltgrronplxifflit
1050 4427 1060 4449 ,
1195 4292 1298 4421 ddrdtifi

123 4425 437 4554 ‹lltiladtfri
690 4426 1060 4554 iuuantis-²⁴³
