2910 4926
466 271 647 320 scamonii
672 269 850 319 arenosam.
1143 256 1208 317 257

107 429 210 492 altera
231 429 337 513 specie
360 428 562 493 abstinuisse.
608 429 731 491 Verum
755 428 781 490 si
804 427 859 490 illa
880 427 972 505 rati0‚
1000 425 1086 509 quod
1109 426 1207 509 aliqui

106 541 178 596 tum
198 533 245 597 ibi
268 535 414 598 Nazaraei
437 533 503 618 (qui
526 541 559 597 et
583 532 676 616 pauci
695 531 826 614 aliquot,
848 538 881 594 et
902 531 941 593 ad
961 538 1097 613 tempus,
1115 539 1147 593 et
1168 552 1206 594 ex

106 635 369 720 dispensatione),
396 645 429 700 at
459 658 525 700 non
557 658 576 699 a
603 634 712 719 paucis
741 634 814 712 illis,
842 633 898 697 scd
922 655 942 696 a
966 634 1062 716 longe
1086 635 1207 717 majore

105 748 207 823 parte,
232 739 379 803 facienda
404 738 640 803 denominatio:
671 737 757 800 inter
783 758 871 820 quos,
896 743 934 798 ut
961 735 1052 818 panis
1074 735 1205 816 fractus,

106 842 222 906 itidem
237 848 270 905 et
285 843 367 905 calix
383 841 585 905 distributus.
624 839 698 918 Sed,
714 839 854 903 etiamne
870 838 1018 902 Troade⁰
1032 839 1205 903 Nazaraeos

105 953 254 1008 autumat
279 945 385 1023 fuisse,
411 945 467 1009 ubi
492 944 604 1008 eedem
629 951 738 1006 tamen
764 942 888 1026 phrasis
912 943 1089 1024 usurpata?
1137 942 1205 1005 Scit

104 1069 181 1111 vero
198 1048 378 1111 Cardinalis
397 1046 592 1129 fractionem
608 1047 702 1128 panis
724 1044 864 1109 Hebraea
879 1044 1086 1128 synecdoche
1108 1044 1203 1127 phra-

108 1149 159 1213 sin
175 1151 337 1228 usitstam,
353 1171 410 1234 pro
426 1151 563 1233 integra,
575 1158 708 1232 totoque
723 1147 883 1223 convivi03
901 1168 969 1225 nec,
983 1168 1056 1210 curn
1073 1148 1206 1211 intravit

106 1251 264 1331 Christus,
280 1258 316 1314 at
336 1253 539 1315 manducaret
554 1273 670 1333 panem
685 1271 753 1313 eam
770 1251 919 1331 Principe
942 1250 1173 1312 Pharisaeoram
1181 1247 1204 1327 1¹,

105 1360 193 1417 recte
207 1354 367 1418 rationem
383 1355 505 1433 inferri,
520 1355 573 1417 ubi
582 1375 643 1417 nan
652 1355 777 1417 addidit
786 1354 949 1435 quicquam
959 1353 997 1414 de
1006 1359 1095 1434 potu,
1108 1375 1206 1436 quare

104 1465 175 1520 toto
200 1456 257 1520 illo
280 1458 415 1541 prandio
437 1458 603 1521 Christum
626 1480 693 1522 nen
717 1458 854 1521 bibisse:
878 1457 937 1535 vel,
958 1457 1006 1537 (ut
1025 1456 1206 1520 Cardinalis

104 1559 209 1624 verbis
221 1562 304 1640 utar)
322 1560 406 1643 quod
422 1560 577 1623 invitatus
594 1561 689 1624 modo
700 1561 741 1623 ad
752 1559 986 1624 comedendum
1003 1579 1120 1642 panem
1131 1558 1203 1636 fuit,

103 1685 165 1727 nee
179 1671 275 1747 potus
292 1664 413 1727 mentio
428 1663 546 1742 addita,
563 1686 582 1726 a
591 1670 671 1746 pota
686 1685 719 1727 se
732 1664 925 1726 abstinuisse.

139 1815 228 1880 Neque
240 1822 335 1880 negant
346 1818 499 1873 Adversarii.
511 1819 539 1867 in
547 1817 594 1866 hoc
603 1818 657 1867 loco
669 1817 871 1880 perfructionem
884 1818 958 1881 panis
969 1815 1205 1878 intelligidistribu-

174 1898 270 1948 tionem
282 1897 453 1949 Eucharistiae.
467 1936 472 1948 .
485 1934 491 1947 .
504 1935 510 1948 .
522 1898 617 1949 Eadem
629 1900 732 1949 sonasse
744 1903 873 1956 causaest,
885 1914 930 1947 cur
941 1898 1077 1962 Apostolus
1086 1896 1117 1946 dc
1128 1898 1205 1947 calice

171 1981 307 2044 scripserit,
332 1983 354 2031 1.
367 1981 422 2032 Cor.
436 1998 459 2031 x.
478 1981 566 2031 ‘Calix
584 1981 775 2043 benedictionis,
797 1982 837 2031 cul
860 1980 1047 2030 benedicimus!
1081 1980 1118 2029 De
1140 1994 1204 2043 pana

171 2066 265 2123 autem,
283 2066 290 2089 ‘
302 2062 379 2113 Panis
389 2078 464 2126 quem
475 2063 631 2125 frangimua'
664 2062 737 2112 Oslix
749 2063 817 2112 enim
828 2076 926 2126 semper
941 2061 1141 2120 benedicebatur,
1160 2060 1204 2110 sed

170 2158 223 2192 non
238 2158 337 2207 semper
351 2144 469 2193 omnibus
480 2143 691 2193 distribuebatur:
709 2144 782 2206 panis
792 2148 877 2193 autem
888 2157 986 2205 semper
996 2141 1164 2204 frangebatur,
1176 2143 1203 2191 id

171 2228 216 2283 est,
228 2224 364 2274 dividendo
375 2224 665 2289 porrigebatur.—[Bell
674 2225 748 2289 Apol.
760 2239 806 2289 pro
815 2223 999 2288 Resp.]p.103.
1012 2223 1078 2288 [0p,
1091 2227 1151 2272 tom.
1160 2224 1203 2272 vil.

171 2304 376 2369 mffidm

149 2412 228 2475 Esto
250 2419 369 2491 autem,
392 2420 430 2476 ut
451 2413 580 2497 qnidam
604 2417 703 2478 locam
724 2415 902 2496 intellipant
922 2414 960 2477 de
974 2414 1179 2476 Eucharistia
1216 2421 1370 2536 &stirpat

107 2513 162 2596 qui
182 2512 229 2577 ita
247 2514 446 2598 intelligunt,
463 2538 501 2580 ex
519 2517 639 2600 linguae
659 2517 745 2580 illius
768 2517 930 2594 idiomate,
946 2517 986 2580 de
1001 2516 1205 2579 Eucharistia
1216 2486 1368 2601 uguiccio-

106 2615 230 2697 intepra
251 2616 448 2701 intelligunt,
471 2640 537 2681 non
553 2619 729 2682 dimidiata.
767 2619 913 2688 Fortasse
927 2624 957 2681 et
978 2619 1084 2682 eadem
1098 2640 1203 2696 cansa,
1216 2629 1367 2730 ffilffii·

107 2738 164 2780 aar
176 2721 337 2800 scripserit
346 2722 514 2802 Apostolus
529 2723 567 2784 cte
579 2723 675 2800 Pane,
693 2723 808 2784 ‘Panis
822 2743 910 2803 quem
917 2719 1128 2803 franpimus:'
1149 2724 1206 2785 secl
1216 2745 1263 2794 bus
1274 2744 1358 2794 distu-

107 2822 287 2900 ‘Catinensi
299 2823 524 2887 benedicimus!
540 2824 618 2887 Non
630 2824 716 2888 enim
726 2825 814 2888 venit
823 2832 895 2888 tum
904 2824 1039 2888 fortasse
1047 2826 1203 2908 Apostolo
1216 2809 1312 2872 buta]

108 2926 142 2989 in
157 2934 299 2989 mentem
316 2926 356 2990 de
371 2927 515 3004 Livonia,
537 2926 593 2991 ubi
608 2948 674 3011 prae
689 2928 764 3010 gelu
778 2928 888 3007 nimio,
910 2928 1083 3005 interdum,
1099 2930 1203 2991 nnana
1262 2925 1325 2988 190

108 3048 232 3109 quoque
243 3025 431 3108 franpitnr:
459 3027 578 3110 alioqui
600 3028 683 3093 forte
699 3036 731 3092 et
747 3029 787 3092 de
802 3030 868 3091 uini
879 3028 1041 3110 fractione
1056 3030 1205 3093 nonnihil

107 3130 242 3195 dicturo.
277 3132 401 3195 Verum
416 3132 473 3195 ubi
488 3131 594 3196 locum
609 3132 708 3195 habet
724 3130 875 3212 fortasse,
897 3133 992 3215 (quod
1002 3133 1205 3215 Augustinus

108 3254 166 3296 nes
182 3232 306 3296 monuit
316 3234 339 3314 e)
357 3233 464 3297 locum
480 3234 625 3299 habetet
637 3232 778 3315 fortasse
792 3257 878 3298 non:
894 3235 1036 3315 sortasse
1053 3256 1125 3317 erpo
1141 3237 1205 3298 lasea

107 3354 201 3397 cansa
222 3355 283 3397 nan
298 3340 353 3399 est.
400 3337 487 3398 Nam
503 3344 536 3399 et
551 3337 632 3399 calix
652 3336 716 3414 ille,
734 3337 869 3419 quinon
883 3337 1060 3418 sranpitnr‚
1084 3337 1139 3400 scd
1155 3340 1205 3400 cui

108 3437 308 3515 benedicitur,
319 3439 552 3502 communicatio
568 3445 613 3500 est
631 3439 799 3520 Sanpainis
817 3439 943 3501 Christi.
980 3440 1205 3503 Communica-

105 3537 185 3600 bant
201 3559 276 3621 ergo
294 3539 324 3602 ei
338 3560 467 3603 omnes:
491 3547 633 3603 exsortes
650 3540 769 3623 alioqui
787 3541 888 3603 futuri
905 3542 1086 3623 Sanguinis.
1132 3543 1204 3605 Nec

104 3640 214 3703 minus
239 3641 340 3719 calici,
367 3648 404 3704 ut
431 3643 705 3706 communicarent
732 3643 899 3726 Sanguini,
925 3666 1020 3727 quam
1050 3646 1136 3728 pani,
1169 3653 1204 3708 ut

105 3742 331 3825 participarent
344 3743 383 3805 de
399 3744 550 3826 Corpore.
574 3746 645 3809 Nec
661 3745 833 3809 obstabant
848 3746 900 3809 hic
914 3747 1031 3828 (credo)
1047 3748 1202 3826 Nazaraei,

105 3844 160 3926 qui
176 3845 333 3908 Corintho
348 3846 444 3927 longe
459 3845 603 3924 aberant,
616 3848 668 3910 eui
683 3848 751 3911 hsce
767 3849 894 3932 scripsit
909 3850 1093 3932 Apostolus.

139 3979 212 4030 Unde
231 3981 307 4043 paulo
324 3980 398 4039 inira,
416 3983 424 4007 ¹
438 3980 508 4030 Unus
525 3982 613 4044 panis‚'
630 3983 724 4044 inquit,
741 3987 785 4032 ‘et
801 3998 879 4032 unum
898 3999 988 4047 corpus
1004 3999 1098 4044 sumus,
1109 3986 1153 4048 qui
1173 3986 1204 4035 dc

171 4076 221 4110 uno
238 4077 303 4125 pauc
320 4063 516 4127 participamus!
549 4062 638 4125 Neque
654 4063 686 4113 de
702 4065 778 4113 calice
793 4064 889 4128 aliquid
907 4064 1016 4125 addidit,
1033 4067 1160 4128 quoniam,
1176 4073 1205 4115 ut

512 4198 778 4209 ———--.

137 4285 146 4307 ⁸
165 4275 221 4324 Act.
234 4291 276 4352 xp.
288 4275 332 4340 [7.]
676 4279 758 4339 verbo,
781 4280 847 4343 quod
869 4286 907 4329 est
926 4281 1117 4344 sortasse.”-S.
1137 4282 1202 4343 Aug.

136 4339 147 4369 ‘¹
168 4338 224 4388 Lae
238 4354 290 4388 xiv.
303 4342 324 4389 l.
676 4342 762 4392 linars.
776 4345 802 4392 in
816 4345 854 4393 Ps.
867 4347 953 4395 cxxiii.
966 4352 1024 4395 secl.
1037 4350 1058 4395 8.
1076 4346 1131 4409 Op,
1143 4351 1203 4394 torn.

137 4404 262 4468 ·[“”Λρα
283 4406 343 4467 quis
364 4404 506 4454 dubitantis
528 4407 631 4456 verbum
677 4407 708 4457 iv.
721 4408 766 4458 col.
780 4409 851 4461 2007.
865 4410 906 4473 rt]

103 4474 149 4527 est,
157 4483 300 4531 expressum
307 4474 346 4517 cst
353 4470 455 4532 quidem
466 4471 633 4522 dubitationis

148 4564 390 4600 lausanna-sese.
932 4574 951 4620 q
