2910 4926
262 280 327 341 298
576 291 619 340 ln
641 288 833 340 cmnuums
854 286 1055 336 numerurm

260 448 346 511 facto
370 445 530 509 inducunt
554 466 612 508 nos
639 444 675 507 in
700 464 851 522 errorem,
872 450 911 506 ut
932 441 1093 506 Jacobum
1115 442 1163 507 ihi
1185 445 1369 523 Praesideaeae,

262 571 328 614 non
344 551 477 613 Petrum
493 555 664 632 putemus:
688 568 762 610 eum
778 545 893 611 Jacobi
913 546 994 624 loco,
1010 568 1077 610 non
1092 547 1191 626 Petri,
1207 550 1371 612 sententis

261 654 338 718 ferri
360 656 478 719 soleat:
502 654 568 733 sed,
585 653 625 717 de
640 652 781 715 Peneide
796 648 949 734 quiequid
966 648 1019 727 sit,
1035 649 1070 713 in
1084 652 1220 714 Decrelo
1240 673 1367 735 ponun-

261 766 317 823 tur
341 758 524 842 promiseuu
547 779 623 822 voce
643 757 790 839 Apostoli
814 755 911 819 simul
931 776 1054 818 omnes.-
1086 756 1188 839 Caput
1208 778 1369 840 nusquam

263 872 437 948 comparet,
462 884 620 945 nusquam
640 862 788 924 Potestas
809 860 865 923 illu
884 860 920 923 in
940 859 1080 943 reliquos
1098 861 1283 939 ordiner-ia,
1304 884 1371 926 une

264 988 342 1031 voce
358 966 560 1030 concluditur
579 986 653 1028 eum
674 964 735 1029 sibi
757 963 920 1048 subjectis,
935 984 1003 1027 non
1026 962 1096 1027 sine
1118 963 1239 1048 injurie
1252 965 1369 1049 alique⁴

263 1071 424 1136 Nonnihil
439 1071 525 1134 enim
540 1069 618 1132 hinc
636 1069 741 1151 Capiti
755 1068 946 1151 derogatum
961 1076 1021 1131 est.

297 1215 323 1265 Si
335 1229 367 1263 ex
383 1213 431 1262 hoc
442 1213 496 1263 loco
506 1212 593 1275 colligi
605 1216 697 1276 posset,
707 1212 812 1262 Petrum
823 1226 875 1261 non
891 1211 967 1262 fuisse
983 1217 1059 1275 ceput
1069 1211 1198 1275 Ibclesiae,
1208 1228 1281 1278 poue
1291 1214 1371 1264 ellum

330 1295 417 1357 colligi
429 1293 558 1344 Christum
570 1308 668 1357 quoqne
683 1308 735 1343 uon
746 1307 799 1343 esse
809 1297 886 1357 ceput
896 1291 1016 1342 Ecclesiae
1027 1329 1033 1342 .
1045 1330 1052 1342 .
1064 1329 1070 1343 .
1084 1293 1134 1352 Qui
1150 1293 1270 1345 dioebsnt
1279 1310 1307 1344 se
1317 1310 1371 1345 esse

329 1378 402 1428 Psuli
414 1414 420 1426 .
433 1392 498 1426 .non
513 1376 663 1426 recedebant
673 1391 689 1426 s
700 1376 809 1434 Christo,
821 1412 827 1425 .
840 1413 846 1425 .
858 1413 864 1424 .
876 1376 921 1425 sed
937 1376 1112 1439 gloriabuntur
1128 1378 1173 1427 elii
1189 1392 1215 1427 se
1227 1378 1370 1442 heptintoe

329 1460 439 1521 arsuro,
450 1460 495 1510 ulii
507 1460 538 1510 ub
545 1459 645 1523 Apollo,
658 1460 714 1523 [alii
725 1475 740 1510 s
751 1458 844 1524 Petro‚]
856 1459 902 1509 elii
913 1459 1089 1523 prudentiores
1101 1460 1270 1524 [baptismum
1281 1460 1370 1524 mum]
1439 1467 1442 1473 '

329 1542 377 1592 sd.
390 1578 395 1590 .
406 1541 535 1591 Christum
547 1540 805 1606 referebant—[Bell.
818 1541 893 1605 Apol
906 1557 952 1606 pro
964 1539 1049 1605 Resp]
1062 1556 1086 1605 p.
1099 1543 1153 1591 124.
1173 1540 1234 1607 [Op.
1252 1546 1316 1592 tom.
1326 1542 1371 1592 vu

330 1623 377 1673 col.
390 1622 445 1674 774.
458 1622 486 1672 B.
499 1622 541 1686 C]

309 1732 392 1809 Imo,
417 1731 522 1813 collipi
543 1752 604 1793 non
621 1735 736 1812 potest,
768 1750 808 1792 ec
830 1731 928 1792 loeol
950 1730 1020 1793 Cor.
1036 1729 1058 1793 i.
1087 1730 1244 1794 Christum
1270 1732 1372 1814 capet

266 1833 416 1896 Ecclesie
445 1854 506 1895 non
532 1831 645 1914 finisse.
693 1831 760 1896 Soli
789 1832 878 1894 enim
908 1831 1085 1915 sapiebant,
1115 1833 1174 1897 soli
1198 1835 1372 1916 prudentes

266 1942 368 2014 eruut,
383 1935 438 2019 qui
454 1956 486 1997 se
498 1935 628 1999 Christo
643 1934 843 1998 addixerunt.
890 1935 1029 2019 Reliqui,
1043 1937 1098 2018 qui
1114 1937 1164 1999 vel
1180 1937 1309 2020 Cephae,
1321 1937 1372 2001 vel

264 2039 391 2122 Apollo,
416 2040 467 2102 vel
496 2039 607 2117 Paulo,
635 2038 671 2100 in
700 2037 872 2100 schismate
896 2045 999 2116 erunt,
1024 2060 1044 2101 a
1069 2039 1133 2102 fide
1159 2048 1372 2105 recesserunt.

265 2142 309 2204 Et
324 2141 351 2204 is
361 2142 443 2205 forte
459 2163 547 2205 error
561 2141 654 2205 Pauli
665 2140 737 2219 fuit,
755 2140 840 2223 quod
856 2141 1000 2224 Cephsm
1015 2163 1035 2204 s
1050 2142 1179 2207 Christo
1190 2143 1371 2222 secreverit,

267 2251 299 2307 et
315 2243 394 2308 alios
411 2244 531 2308 Christi
546 2243 673 2321 dixerit,
697 2243 777 2307 ulios
801 2243 940 2326 Cephae;
965 2265 1038 2308 cum
1057 2267 1168 2309 omnes
1183 2246 1239 2329 qui
1251 2246 1371 2330 Cephae

267 2354 353 2427 sunt,
375 2346 443 2430 ipso
461 2347 546 2412 facto
565 2347 630 2410 sint
650 2346 780 2425 Christi,
803 2367 971 2430 unumque
990 2346 1032 2409 sit
1055 2347 1178 2412 Christi
1199 2354 1233 2411 et
1253 2348 1374 2432 Cephae

269 2450 514 2514 consistorium.
558 2450 647 2513 Num
668 2448 709 2511 de
732 2449 907 2529 Baptemo,
938 2449 1024 2532 quod
1053 2449 1150 2513 infert
1181 2450 1372 2531 Cerdinulis,

269 2554 396 2617 vacillet
420 2553 603 2616 admodum.
651 2551 795 2635 Cephum
817 2551 904 2614 enim
928 2552 1076 2615 Corinthi
1097 2552 1196 2616 fuisse
1218 2576 1372 2638 unquam,

269 2657 319 2720 vel
335 2678 518 2740 quenquam
538 2656 584 2720 ibi
605 2657 791 2738 baptizasse,
808 2653 869 2717 erit
893 2655 1010 2738 (eredo)
1040 2656 1235 2721 difficillimae
1257 2658 1374 2741 proba·

268 2760 375 2824 tionis.

148 2890 212 2952 217
302 2904 392 2967 Neque
408 2906 437 2953 in
452 2919 482 2953 eo
498 2905 588 2967 eapite,
605 2918 686 2967 neque
703 2920 808 2969 nsquam
826 2908 890 2958 ulihi
907 2922 948 2957 me
963 2907 1054 2970 legisse
1067 2906 1175 2956 Paulum
1186 2921 1212 2956 se
1223 2907 1374 2956 sntetulisse

335 2984 417 3044 Petro,
430 2985 480 3033 nisi
497 2985 672 3049 prelationem
688 2985 764 3037 istum
782 2989 886 3051 colligat
899 2988 980 3053 [Rex]
992 3004 1025 3038 ex
1036 3003 1073 3046 eo,
1086 2988 1153 3051 quod
1164 2987 1257 3038 Pnnlus
1269 2987 1375 3037 Petrmn

335 3065 504 3129 reprehendit.
546 3067 623 3124 Quasi
644 3082 695 3117 non
718 3069 815 3119 soleant
838 3069 974 3133 aliquando
996 3069 1136 3132 superiores
1159 3069 1191 3119 eb
1212 3069 1376 3119 inferioribus

335 3145 491 3208 reprehendi.
526 3146 583 3210 lpse
600 3185 606 3196 .
624 3184 630 3197 .
650 3149 739 3200 Petrus
750 3149 880 3200 Christum
894 3152 1022 3214 inerepare
1033 3150 1227 3215 eoepit-[Bell.
1241 3149 1316 3213 Apol.
1328 3163 1376 3213 pro

336 3226 420 3292 Resp]
432 3243 473 3292 pp.
487 3231 543 3289 124,
555 3232 612 3281 125.
630 3230 698 3296 [Op.,
714 3237 776 3282 tom.
785 3234 828 3283 vii.
846 3234 891 3283 col.
903 3234 961 3286 774.
973 3233 1018 3297 D.]

108 3346 144 3412 [s.
158 3345 250 3395 Paulus
313 3338 469 3418 AEquavit
494 3357 527 3400 se
555 3338 652 3402 Petro
675 3341 804 3418 Paulus,
830 3337 917 3403 οὐδὲν
946 3337 1156 3427 ὑστερηκέναι
1186 3339 1235 3404 bis
1264 3340 1376 3419 dixit0,

108 3411 258 3542 ἒᾳῗῇξῗῗο
272 3440 386 3503 Petrus
416 3440 526 3518 Paulo,
554 3462 622 3503 eum
646 3443 790 3505 deoelrum
817 3445 977 3506 societatis
1006 3444 1093 3506 dedit
1102 3442 1119 3507 ¹.
1167 3443 1376 3525 Reprehensio

271 3551 381 3605 autem
407 3564 473 3605 non
497 3544 601 3606 omnis
628 3565 647 3606 s
671 3546 829 3627 superiore
855 3553 921 3608 est:
953 3567 1028 3624 non,
1057 3546 1085 3609 si
1113 3547 1245 3610 seorsim
1269 3546 1376 3609 solum

272 3645 420 3722 abducat,
436 3667 512 3724 non,
530 3647 557 3709 si
578 3647 689 3710 blande
709 3648 878 3731 compellet
901 3658 938 3711 ut
954 3650 1131 3713 Dominum
1149 3653 1275 3728 Petrus,
1292 3650 1376 3711 Pro-

266 3749 368 3829 pitius
389 3748 446 3810 tibi
467 3751 513 3811 eie
527 3750 698 3815 Domioess:
735 3752 791 3830 At,
810 3751 860 3814 vix
882 3761 919 3814 ut
939 3751 1119 3833 inferiorem
1134 3775 1168 3817 se
1184 3760 1282 3836 geret,
1300 3751 1326 3815 si
1341 3753 1377 3814 in

265 3850 396 3932 facien,
427 3852 454 3914 si
483 3874 600 3934 erpere,
628 3854 655 3917 si
685 3875 789 3917 corum
819 3856 966 3933 omuibus,
993 3863 1030 3918 ut
1058 3856 1177 3919 Paulus
1201 3852 1375 3930 Petrumh3

273 3953 369 4036 idque
384 3955 576 4037 Antioohiae,
599 3959 656 4020 ubi
678 3965 787 4021 tamen
807 3958 853 4020 bis
872 3959 1061 4021 ordinarius
1081 3961 1205 4036 Petrus,
1222 3966 1259 4022 ut
1279 3958 1376 4041 Epis·

275 4079 381 4140 copus,
397 4067 435 4123 ut
451 4061 537 4144 Papa
551 4062 782 4125 Antiochenus.
831 4062 868 4125 Si
885 4068 938 4134 tu;
962 4070 1004 4141 et,
1025 4063 1088 4124 Cur
1103 4064 1187 4144 copis
1201 4062 1378 4125 Juduizure

280 4162 421 4227 Gentes?
452 4165 487 4228 in
510 4166 601 4248 eujus
622 4164 673 4228 vel
696 4166 781 4228 fecto
805 4168 993 4247 hypocrisin,
1013 4166 1065 4230 vel
1084 4166 1206 4250 judicio
1227 4186 1376 4244 morem,

275 4266 392 4330 acriter
418 4267 561 4331 notavit:
595 4273 627 4329 et
654 4267 771 4351 scripto
795 4268 856 4332 hoe
881 4277 962 4352 post,
987 4269 1078 4352 quasi
1099 4268 1220 4332 bonum
1241 4268 1377 4347 fuctum,

307 4442 318 4467 0
350 4435 433 4485 2001.
445 4437 480 4486 xi.
493 4439 531 4496 t.;
548 4435 593 4484 xii.
606 4435 659 4499 11.]
878 4447 889 4477 Ι
923 4438 996 4487 Mett.
1010 4437 1124 4501 xvim]

81 4464 239 4636 k
307 4435 497 4565 iiulius]
879 4502 889 4533 i
923 4503 1081 4566 Gallim]
