<?xml version="1.0" encoding="UTF-8"?>
<!DOCTYPE html PUBLIC "-//W3C//DTD XHTML 1.0 Transitional//EN"
    "http://www.w3.org/TR/xhtml1/DTD/xhtml1-transitional.dtd">
<html xmlns="http://www.w3.org/1999/xhtml" xml:lang="en" lang="en">
 <head>
  <title>
</title>
<meta http-equiv="Content-Type" content="text/html;charset=utf-8" />
  <meta name='ocr-system' content='tesseract 3.04.00' />
  <meta name='ocr-capabilities' content='ocr_page ocr_carea ocr_par ocr_line ocrx_word'/>
</head>
<body>
  <div class='ocr_page' id='page_1' title='image "./responsioadapol00andrgoog_0056.png"; bbox 0 0 2910 4926; ppageno 0'>
   <div class='ocr_carea' id='block_1_1' title="bbox 450 272 1195 334">
    <p class='ocr_par' dir='ltr' id='par_1_1' title="bbox 450 272 1195 334">
     <span class='ocr_line' id='line_1_1' title="bbox 450 272 1195 334; baseline 0.003 -4"><span class='ocrx_word' id='word_1_1' title='bbox 450 283 632 333; x_wconf 80' lang='lat' dir='ltr'>aromonn</span> <span class='ocrx_word' id='word_1_2' title='bbox 655 285 835 334; x_wconf 71' lang='lat' dir='ltr'>responsio.</span> <span class='ocrx_word' id='word_1_3' title='bbox 1155 272 1195 332; x_wconf 82' lang='lat'>13</span> 
     </span>
    </p>
   </div>
   <div class='ocr_carea' id='block_1_2' title="bbox 57 440 1348 4037">
    <p class='ocr_par' dir='ltr' id='par_1_2' title="bbox 92 440 1196 626">
     <span class='ocr_line' id='line_1_2' title="bbox 93 440 1196 525; baseline 0.003 -23"><span class='ocrx_word' id='word_1_4' title='bbox 93 442 140 502; x_wconf 84' lang='lat' dir='ltr'>ita</span> <span class='ocrx_word' id='word_1_5' title='bbox 165 441 253 502; x_wconf 83' lang='lat' dir='ltr'>clara</span> <span class='ocrx_word' id='word_1_6' title='bbox 278 440 352 518; x_wconf 74' lang='lat' dir='ltr'>aar,</span> <span class='ocrx_word' id='word_1_7' title='bbox 382 442 492 503; x_wconf 78' lang='lat' dir='ltr'>merito</span> <span class='ocrx_word' id='word_1_8' title='bbox 525 441 676 506; x_wconf 77' lang='lat' dir='ltr'>dubitare.</span> <span class='ocrx_word' id='word_1_9' title='bbox 745 443 947 507; x_wconf 79' lang='grc' dir='ltr'>Ροειιιιιιιιιιιι</span> <span class='ocrx_word' id='word_1_10' title='bbox 983 441 1101 525; x_wconf 84' lang='lat' dir='ltr'>(eredo)</span> <span class='ocrx_word' id='word_1_11' title='bbox 1130 463 1196 506; x_wconf 91' lang='lat' dir='ltr'>non</span> 
     </span>
     <span class='ocr_line' id='line_1_3' title="bbox 92 543 252 626; baseline 0 -20"><span class='ocrx_word' id='word_1_12' title='bbox 92 543 252 626; x_wconf 87' lang='lat' dir='ltr'>iniquum.</span> 
     </span>
    </p>

    <p class='ocr_par' dir='ltr' id='par_1_3' title="bbox 87 649 1348 1247">
     <span class='ocr_line' id='line_1_4' title="bbox 150 649 1319 729; baseline 0.003 -16"><span class='ocrx_word' id='word_1_13' title='bbox 150 649 343 729; x_wconf 82' lang='lat' dir='ltr'>Praesertim,</span> <span class='ocrx_word' id='word_1_14' title='bbox 374 650 555 715; x_wconf 88' lang='lat' dir='ltr'>siaeeedat</span> <span class='ocrx_word' id='word_1_15' title='bbox 580 658 613 715; x_wconf 92' lang='lat' dir='ltr'>et</span> <span class='ocrx_word' id='word_1_16' title='bbox 640 651 821 716; x_wconf 89' lang='lat' dir='ltr'>Cardinalis</span> <span class='ocrx_word' id='word_1_17' title='bbox 849 651 981 714; x_wconf 85' lang='lat' dir='ltr'>alterius</span> <span class='ocrx_word' id='word_1_18' title='bbox 1011 650 1319 718; x_wconf 53' lang='lat' dir='ltr'>auctoritateret*</span> 
     </span>
     <span class='ocr_line' id='line_1_5' title="bbox 92 717 1280 836; baseline 0.002 -21"><span class='ocrx_word' id='word_1_19' title='bbox 92 752 270 836; x_wconf 82' lang='lat' dir='ltr'>cajetanus</span> <span class='ocrx_word' id='word_1_20' title='bbox 284 751 321 816; x_wconf 92' lang='lat' dir='ltr'>is.</span> <span class='ocrx_word' id='word_1_21' title='bbox 365 753 446 816; x_wconf 88' lang='lat' dir='ltr'>Dico</span> <span class='ocrx_word' id='word_1_22' title='bbox 461 760 572 833; x_wconf 78' lang='grc' dir='ltr'>αιιιειιι,</span> <span class='ocrx_word' id='word_1_23' title='bbox 589 754 628 816; x_wconf 91' lang='lat' dir='ltr'>ab</span> <span class='ocrx_word' id='word_1_24' title='bbox 642 754 809 818; x_wconf 81' lang='lat' dir='ltr'>Ecclesia:</span> <span class='ocrx_word' id='word_1_25' title='bbox 826 755 980 836; x_wconf 66' lang='lat' dir='ltr'>quoniam</span> <span class='ocrx_word' id='word_1_26' title='bbox 991 774 1053 817; x_wconf 89' lang='lat' dir='ltr'>non</span> <span class='ocrx_word' id='word_1_27' title='bbox 1066 760 1198 836; x_wconf 87' lang='lat' dir='ltr'>apparet</span> <span class='ocrx_word' id='word_1_28' title='bbox 1210 717 1280 782; x_wconf 55' lang='grc' dir='ltr'>Μ’]</span> 
     </span>
     <span class='ocr_line' id='line_1_6' title="bbox 92 855 1198 940; baseline 0.003 -23"><span class='ocrx_word' id='word_1_29' title='bbox 92 875 134 918; x_wconf 84' lang='lat' dir='ltr'>ea</span> <span class='ocrx_word' id='word_1_30' title='bbox 148 855 320 937; x_wconf 78' lang='lat' dir='ltr'>Evanpelie</span> <span class='ocrx_word' id='word_1_31' title='bbox 345 858 516 919; x_wconf 80' lang='lat' dir='ltr'>coactivum</span> <span class='ocrx_word' id='word_1_32' title='bbox 539 858 674 939; x_wconf 67' lang='lat' dir='ltr'>abimael,</span> <span class='ocrx_word' id='word_1_33' title='bbox 697 858 742 921; x_wconf 83' lang='lat' dir='ltr'>ad</span> <span class='ocrx_word' id='word_1_34' title='bbox 761 858 992 940; x_wconf 79' lang='lat' dir='ltr'>intellipendam</span> <span class='ocrx_word' id='word_1_35' title='bbox 1014 859 1082 922; x_wconf 81' lang='lat' dir='ltr'>bac</span> <span class='ocrx_word' id='word_1_36' title='bbox 1104 857 1198 922; x_wconf 87' lang='lat' dir='ltr'>verba</span> 
     </span>
     <span class='ocr_line' id='line_1_7' title="bbox 87 953 1348 1043; baseline 0.002 -22"><span class='ocrx_word' id='word_1_37' title='bbox 87 960 228 1039; x_wconf 80' lang='lat' dir='ltr'>proprie,</span> <span class='ocrx_word' id='word_1_38' title='bbox 244 978 359 1040; x_wconf 83' lang='lat' dir='ltr'>nempe,</span> <span class='ocrx_word' id='word_1_39' title='bbox 378 960 449 1022; x_wconf 91' lang='lat' dir='ltr'>Hoe</span> <span class='ocrx_word' id='word_1_40' title='bbox 463 965 510 1022; x_wconf 89' lang='lat' dir='ltr'>est</span> <span class='ocrx_word' id='word_1_41' title='bbox 525 980 635 1041; x_wconf 80' lang='lat' dir='ltr'>corpas</span> <span class='ocrx_word' id='word_1_42' title='bbox 650 970 776 1025; x_wconf 67' lang='lat' dir='ltr'>meaml.</span> <span class='ocrx_word' id='word_1_43' title='bbox 819 962 993 1025; x_wconf 79' lang='lat' dir='ltr'>Possumus</span> <span class='ocrx_word' id='word_1_44' title='bbox 1008 981 1094 1043; x_wconf 87' lang='lat' dir='ltr'>ergo,</span> <span class='ocrx_word' id='word_1_45' title='bbox 1109 960 1197 1024; x_wconf 89' lang='lat' dir='ltr'>utin</span> <span class='ocrx_word' id='word_1_46' title='bbox 1262 953 1299 1014; x_wconf 89' lang='lat' dir='ltr'>ll</span> <span class='ocrx_word' id='word_1_47' title='bbox 1344 1024 1348 1033; x_wconf 84' lang='grc'><strong>,</strong></span> 
     </span>
     <span class='ocr_line' id='line_1_8' title="bbox 92 1060 1198 1145; baseline 0.001 -21"><span class='ocrx_word' id='word_1_48' title='bbox 92 1060 163 1124; x_wconf 88' lang='lat' dir='ltr'>aliis</span> <span class='ocrx_word' id='word_1_49' title='bbox 185 1061 411 1139; x_wconf 76' lang='lat' dir='ltr'>sacramentis,</span> <span class='ocrx_word' id='word_1_50' title='bbox 429 1062 476 1124; x_wconf 88' lang='lat' dir='ltr'>ita</span> <span class='ocrx_word' id='word_1_51' title='bbox 497 1070 530 1124; x_wconf 89' lang='lat' dir='ltr'>et</span> <span class='ocrx_word' id='word_1_52' title='bbox 551 1061 587 1124; x_wconf 93' lang='lat' dir='ltr'>in</span> <span class='ocrx_word' id='word_1_53' title='bbox 601 1061 673 1140; x_wconf 87' lang='lat' dir='ltr'>hoe,</span> <span class='ocrx_word' id='word_1_54' title='bbox 687 1063 851 1145; x_wconf 75' lang='lat' dir='ltr'>hiperate:</span> <span class='ocrx_word' id='word_1_55' title='bbox 874 1069 918 1140; x_wconf 92' lang='lat' dir='ltr'>et,</span> <span class='ocrx_word' id='word_1_56' title='bbox 932 1064 1015 1126; x_wconf 85' lang='lat' dir='ltr'>nibil</span> <span class='ocrx_word' id='word_1_57' title='bbox 1028 1064 1198 1127; x_wconf 80' lang='lat' dir='ltr'>coactivam</span> 
     </span>
     <span class='ocr_line' id='line_1_9' title="bbox 93 1163 636 1247; baseline 0.006 -22"><span class='ocrx_word' id='word_1_58' title='bbox 93 1170 235 1245; x_wconf 87' lang='lat' dir='ltr'>apparet,</span> <span class='ocrx_word' id='word_1_59' title='bbox 247 1172 285 1226; x_wconf 97' lang='grc' dir='ltr'>ιιι</span> <span class='ocrx_word' id='word_1_60' title='bbox 299 1163 393 1227; x_wconf 84' lang='lat' dir='ltr'>aliter</span> <span class='ocrx_word' id='word_1_61' title='bbox 407 1165 636 1247; x_wconf 76' lang='lat' dir='ltr'>intelligamus.</span> 
     </span>
    </p>

    <p class='ocr_par' dir='ltr' id='par_1_4' title="bbox 57 1267 1322 2387">
     <span class='ocr_line' id='line_1_10' title="bbox 139 1267 1322 1354; baseline 0.003 -24"><span class='ocrx_word' id='word_1_62' title='bbox 139 1267 322 1330; x_wconf 77' lang='lat' dir='ltr'>Praesertim</span> <span class='ocrx_word' id='word_1_63' title='bbox 342 1273 451 1331; x_wconf 88' lang='lat' dir='ltr'>autem</span> <span class='ocrx_word' id='word_1_64' title='bbox 472 1267 499 1329; x_wconf 88' lang='lat' dir='ltr'>si</span> <span class='ocrx_word' id='word_1_65' title='bbox 519 1277 553 1331; x_wconf 90' lang='lat' dir='ltr'>et</span> <span class='ocrx_word' id='word_1_66' title='bbox 572 1268 672 1347; x_wconf 87' lang='lat' dir='ltr'>tertii,</span> <span class='ocrx_word' id='word_1_67' title='bbox 693 1270 760 1352; x_wconf 91' lang='lat' dir='ltr'>(qui</span> <span class='ocrx_word' id='word_1_68' title='bbox 782 1271 907 1354; x_wconf 85' lang='lat' dir='ltr'>etipse</span> <span class='ocrx_word' id='word_1_69' title='bbox 931 1269 1197 1348; x_wconf 87' lang='lat' dir='ltr'>Cardinalis,tets1</span> <span class='ocrx_word' id='word_1_70' title='bbox 1188 1268 1322 1334; x_wconf 44' lang='lat' dir='ltr'>[woffen-</span> 
     </span>
     <span class='ocr_line' id='line_1_11' title="bbox 95 1336 1267 1457; baseline 0.004 -24"><span class='ocrx_word' id='word_1_71' title='bbox 95 1370 214 1434; x_wconf 88' lang='lat' dir='ltr'>Galero</span> <span class='ocrx_word' id='word_1_72' title='bbox 237 1370 321 1434; x_wconf 82' lang='lat' dir='ltr'>forte</span> <span class='ocrx_word' id='word_1_73' title='bbox 345 1392 513 1454; x_wconf 88' lang='lat' dir='ltr'>nunquam</span> <span class='ocrx_word' id='word_1_74' title='bbox 537 1375 625 1456; x_wconf 85' lang='lat' dir='ltr'>usus)</span> <span class='ocrx_word' id='word_1_75' title='bbox 655 1373 814 1437; x_wconf 81' lang='lat' dir='ltr'>Boffensis</span> <span class='ocrx_word' id='word_1_76' title='bbox 838 1373 952 1452; x_wconf 87' lang='lat' dir='ltr'>nostri,</span> <span class='ocrx_word' id='word_1_77' title='bbox 977 1374 1033 1457; x_wconf 90' lang='lat' dir='ltr'>qui</span> <span class='ocrx_word' id='word_1_78' title='bbox 1059 1373 1099 1437; x_wconf 91' lang='lat' dir='ltr'>de</span> <span class='ocrx_word' id='word_1_79' title='bbox 1126 1374 1197 1438; x_wconf 90' lang='lat' dir='ltr'>loeo</span> <span class='ocrx_word' id='word_1_80' title='bbox 1210 1336 1267 1398; x_wconf 79' lang='lat' dir='ltr'>sis,]</span> 
     </span>
     <span class='ocr_line' id='line_1_12' title="bbox 93 1475 1196 1559; baseline 0.003 -21"><span class='ocrx_word' id='word_1_81' title='bbox 93 1475 246 1538; x_wconf 88' lang='lat' dir='ltr'>Matthaei</span> <span class='ocrx_word' id='word_1_82' title='bbox 262 1475 339 1540; x_wconf 90' lang='lat' dir='ltr'>dicit</span> <span class='ocrx_word' id='word_1_83' title='bbox 347 1501 357 1553; x_wconf 79' lang='lat'>3</span> <span class='ocrx_word' id='word_1_84' title='bbox 380 1476 490 1558; x_wconf 82' lang='lat' dir='ltr'><em>Neque</em></span> <span class='ocrx_word' id='word_1_85' title='bbox 505 1478 601 1539; x_wconf 77' lang='lat' dir='ltr'>ubam</span> <span class='ocrx_word' id='word_1_86' title='bbox 615 1478 667 1540; x_wconf 86' lang='lat' dir='ltr'>bie</span> <span class='ocrx_word' id='word_1_87' title='bbox 679 1477 804 1540; x_wconf 82' lang='lat' dir='ltr'>verbam</span> <span class='ocrx_word' id='word_1_88' title='bbox 815 1479 955 1559; x_wconf 82' lang='lat' dir='ltr'>positam</span> <span class='ocrx_word' id='word_1_89' title='bbox 970 1483 1026 1556; x_wconf 88' lang='lat' dir='ltr'>est,</span> <span class='ocrx_word' id='word_1_90' title='bbox 1044 1498 1103 1559; x_wconf 82' lang='lat' dir='ltr'>qao</span> <span class='ocrx_word' id='word_1_91' title='bbox 1117 1499 1196 1559; x_wconf 91' lang='lat' dir='ltr'>pro·</span> 
     </span>
     <span class='ocr_line' id='line_1_13' title="bbox 98 1580 1198 1663; baseline 0.002 -21"><span class='ocrx_word' id='word_1_92' title='bbox 98 1580 188 1643; x_wconf 85' lang='lat' dir='ltr'>betur</span> <span class='ocrx_word' id='word_1_93' title='bbox 201 1581 236 1643; x_wconf 87' lang='lat' dir='ltr'>in</span> <span class='ocrx_word' id='word_1_94' title='bbox 250 1586 358 1643; x_wconf 83' lang='lat' dir='ltr'>nostra</span> <span class='ocrx_word' id='word_1_95' title='bbox 376 1581 481 1643; x_wconf 86' lang='lat' dir='ltr'>Missa</span> <span class='ocrx_word' id='word_1_96' title='bbox 503 1601 608 1643; x_wconf 83' lang='lat' dir='ltr'>veram</span> <span class='ocrx_word' id='word_1_97' title='bbox 617 1583 699 1663; x_wconf 80' lang='lat' dir='ltr'>fieri</span> <span class='ocrx_word' id='word_1_98' title='bbox 719 1583 826 1645; x_wconf 87' lang='lat' dir='ltr'>earnis</span> <span class='ocrx_word' id='word_1_99' title='bbox 847 1587 877 1644; x_wconf 91' lang='lat' dir='ltr'>et</span> <span class='ocrx_word' id='word_1_100' title='bbox 899 1582 1062 1663; x_wconf 82' lang='lat' dir='ltr'>sanpuinis</span> <span class='ocrx_word' id='word_1_101' title='bbox 1079 1581 1198 1644; x_wconf 75' lang='lat' dir='ltr'>Christi</span> 
     </span>
     <span class='ocr_line' id='line_1_14' title="bbox 90 1683 1199 1768; baseline 0.001 -22"><span class='ocrx_word' id='word_1_102' title='bbox 90 1685 324 1765; x_wconf 79' lang='lat' dir='ltr'>prasentiam&#39;.</span> <span class='ocrx_word' id='word_1_103' title='bbox 363 1683 553 1767; x_wconf 85' lang='lat' dir='ltr'>Begerimua</span> <span class='ocrx_word' id='word_1_104' title='bbox 568 1704 645 1768; x_wconf 85' lang='lat' dir='ltr'>ergo</span> <span class='ocrx_word' id='word_1_105' title='bbox 661 1684 825 1749; x_wconf 88' lang='lat' dir='ltr'>Cardinali</span> <span class='ocrx_word' id='word_1_106' title='bbox 838 1684 936 1749; x_wconf 85' lang='lat' dir='ltr'>verba</span> <span class='ocrx_word' id='word_1_107' title='bbox 951 1705 1026 1747; x_wconf 88' lang='lat' dir='ltr'>sua:</span> <span class='ocrx_word' id='word_1_108' title='bbox 1055 1684 1199 1747; x_wconf 81' lang='lat' dir='ltr'>Christus</span> 
     </span>
     <span class='ocr_line' id='line_1_15' title="bbox 97 1786 1200 1869; baseline 0 -22"><span class='ocrx_word' id='word_1_109' title='bbox 97 1791 224 1867; x_wconf 59' lang='lat' dir='ltr'>neemia</span> <span class='ocrx_word' id='word_1_110' title='bbox 244 1806 329 1868; x_wconf 89' lang='lat' dir='ltr'>pane</span> <span class='ocrx_word' id='word_1_111' title='bbox 353 1786 446 1865; x_wconf 76' lang='lat' dir='ltr'>dieii,</span> <span class='ocrx_word' id='word_1_112' title='bbox 470 1786 541 1849; x_wconf 85' lang='lat' dir='ltr'>Hoc</span> <span class='ocrx_word' id='word_1_113' title='bbox 564 1793 610 1850; x_wconf 89' lang='lat' dir='ltr'>est</span> <span class='ocrx_word' id='word_1_114' title='bbox 633 1807 744 1869; x_wconf 83' lang='lat' dir='ltr'>eorpus</span> <span class='ocrx_word' id='word_1_115' title='bbox 767 1807 875 1850; x_wconf 82' lang='lat' dir='ltr'>meum.</span> <span class='ocrx_word' id='word_1_116' title='bbox 922 1786 968 1848; x_wconf 85' lang='lat' dir='ltr'>Et</span> <span class='ocrx_word' id='word_1_117' title='bbox 992 1792 1095 1849; x_wconf 87' lang='lat' dir='ltr'>tamen</span> <span class='ocrx_word' id='word_1_118' title='bbox 1119 1787 1200 1848; x_wconf 81' lang='lat' dir='ltr'>nibil</span> 
     </span>
     <span class='ocr_line' id='line_1_16' title="bbox 98 1889 1197 1972; baseline 0 -20"><span class='ocrx_word' id='word_1_119' title='bbox 98 1890 182 1952; x_wconf 77' lang='lat' dir='ltr'>dieii</span> <span class='ocrx_word' id='word_1_120' title='bbox 197 1890 235 1953; x_wconf 83' lang='lat' dir='ltr'>de</span> <span class='ocrx_word' id='word_1_121' title='bbox 249 1889 603 1968; x_wconf 70' lang='lat' dir='ltr'>stambstaaiatione,</span> <span class='ocrx_word' id='word_1_122' title='bbox 616 1889 694 1972; x_wconf 93' lang='lat' dir='ltr'>quin</span> <span class='ocrx_word' id='word_1_123' title='bbox 708 1891 819 1953; x_wconf 79' lang='lat' dir='ltr'>merito</span> <span class='ocrx_word' id='word_1_124' title='bbox 831 1890 869 1953; x_wconf 82' lang='lat' dir='ltr'>de</span> <span class='ocrx_word' id='word_1_125' title='bbox 883 1910 920 1952; x_wconf 89' lang='lat' dir='ltr'>ea</span> <span class='ocrx_word' id='word_1_126' title='bbox 935 1889 1074 1952; x_wconf 82' lang='lat' dir='ltr'>dubitari</span> <span class='ocrx_word' id='word_1_127' title='bbox 1083 1891 1197 1970; x_wconf 80' lang='lat' dir='ltr'>possit,</span> 
     </span>
     <span class='ocr_line' id='line_1_17' title="bbox 97 1993 1198 2075; baseline -0.001 -19"><span class='ocrx_word' id='word_1_128' title='bbox 97 1999 136 2056; x_wconf 92' lang='grc' dir='ltr'>ιιι</span> <span class='ocrx_word' id='word_1_129' title='bbox 152 1994 285 2057; x_wconf 85' lang='lat' dir='ltr'>Scotus:</span> <span class='ocrx_word' id='word_1_130' title='bbox 307 2014 376 2057; x_wconf 82' lang='lat' dir='ltr'>eam</span> <span class='ocrx_word' id='word_1_131' title='bbox 390 1995 471 2056; x_wconf 83' lang='lat' dir='ltr'>nibil</span> <span class='ocrx_word' id='word_1_132' title='bbox 484 1993 528 2055; x_wconf 89' lang='lat' dir='ltr'>ibi</span> <span class='ocrx_word' id='word_1_133' title='bbox 543 1994 724 2070; x_wconf 83' lang='lat' dir='ltr'>coactivum,</span> <span class='ocrx_word' id='word_1_134' title='bbox 740 1999 778 2056; x_wconf 92' lang='grc' dir='ltr'>ιιι</span> <span class='ocrx_word' id='word_1_135' title='bbox 794 1993 986 2075; x_wconf 75' lang='lat' dir='ltr'>cajetanus:</span> <span class='ocrx_word' id='word_1_136' title='bbox 1003 2011 1059 2056; x_wconf 83' lang='lat' dir='ltr'>nec</span> <span class='ocrx_word' id='word_1_137' title='bbox 1073 1993 1198 2055; x_wconf 85' lang='lat' dir='ltr'>verbam</span> 
     </span>
     <span class='ocr_line' id='line_1_18' title="bbox 96 2095 1196 2180; baseline 0 -21"><span class='ocrx_word' id='word_1_138' title='bbox 96 2099 195 2160; x_wconf 72' lang='lat' dir='ltr'>adam</span> <span class='ocrx_word' id='word_1_139' title='bbox 216 2098 298 2161; x_wconf 83' lang='lat' dir='ltr'>ande</span> <span class='ocrx_word' id='word_1_140' title='bbox 315 2098 468 2180; x_wconf 79' lang='lat' dir='ltr'>probetur</span> <span class='ocrx_word' id='word_1_141' title='bbox 490 2103 595 2162; x_wconf 88' lang='lat' dir='ltr'>vestra</span> <span class='ocrx_word' id='word_1_142' title='bbox 618 2098 736 2160; x_wconf 75' lang='lat' dir='ltr'>Christi</span> <span class='ocrx_word' id='word_1_143' title='bbox 752 2097 934 2178; x_wconf 72' lang='lat' dir='ltr'>prasentia,</span> <span class='ocrx_word' id='word_1_144' title='bbox 957 2103 995 2159; x_wconf 89' lang='lat' dir='ltr'>ut</span> <span class='ocrx_word' id='word_1_145' title='bbox 1022 2095 1196 2160; x_wconf 83' lang='lat' dir='ltr'>Boffensis.</span> 
     </span>
     <span class='ocr_line' id='line_1_19' title="bbox 99 2199 1196 2280; baseline -0.003 -13"><span class='ocrx_word' id='word_1_146' title='bbox 99 2202 218 2280; x_wconf 81' lang='lat' dir='ltr'>Quare,</span> <span class='ocrx_word' id='word_1_147' title='bbox 240 2207 273 2264; x_wconf 89' lang='lat' dir='ltr'>et</span> <span class='ocrx_word' id='word_1_148' title='bbox 292 2202 420 2265; x_wconf 91' lang='lat' dir='ltr'>nullum</span> <span class='ocrx_word' id='word_1_149' title='bbox 437 2201 482 2265; x_wconf 93' lang='lat' dir='ltr'>ibi</span> <span class='ocrx_word' id='word_1_150' title='bbox 503 2201 625 2266; x_wconf 87' lang='lat' dir='ltr'>Christi</span> <span class='ocrx_word' id='word_1_151' title='bbox 639 2200 772 2264; x_wconf 89' lang='lat' dir='ltr'>verbum</span> <span class='ocrx_word' id='word_1_152' title='bbox 792 2200 911 2263; x_wconf 88' lang='lat' dir='ltr'>falsum</span> <span class='ocrx_word' id='word_1_153' title='bbox 935 2199 1006 2278; x_wconf 88' lang='lat' dir='ltr'>erit,</span> <span class='ocrx_word' id='word_1_154' title='bbox 1023 2207 1056 2264; x_wconf 92' lang='lat' dir='ltr'>et</span> <span class='ocrx_word' id='word_1_155' title='bbox 1075 2206 1196 2279; x_wconf 89' lang='lat' dir='ltr'>tamen,</span> 
     </span>
     <span class='ocr_line' id='line_1_20' title="bbox 57 2305 985 2387; baseline 0 -19"><span class='ocrx_word' id='word_1_156' title='bbox 57 2343 62 2349; x_wconf 94' lang='lat'><em>-</em></span> <span class='ocrx_word' id='word_1_157' title='bbox 98 2305 189 2368; x_wconf 88' lang='lat' dir='ltr'>nulla</span> <span class='ocrx_word' id='word_1_158' title='bbox 203 2305 265 2369; x_wconf 90' lang='lat' dir='ltr'>erit</span> <span class='ocrx_word' id='word_1_159' title='bbox 279 2305 320 2369; x_wconf 92' lang='lat' dir='ltr'>de</span> <span class='ocrx_word' id='word_1_160' title='bbox 338 2306 684 2369; x_wconf 66' lang='lat' dir='ltr'>transubstantiatione</span> <span class='ocrx_word' id='word_1_161' title='bbox 690 2305 775 2387; x_wconf 83' lang='lat' dir='ltr'>fides</span> <span class='ocrx_word' id='word_1_162' title='bbox 792 2305 985 2368; x_wconf 83' lang='lat' dir='ltr'>Christiana.</span> 
     </span>
    </p>

    <p class='ocr_par' dir='ltr' id='par_1_5' title="bbox 96 2407 1200 3316">
     <span class='ocr_line' id='line_1_21' title="bbox 141 2407 1197 2491; baseline 0 -20"><span class='ocrx_word' id='word_1_163' title='bbox 141 2409 239 2486; x_wconf 90' lang='lat' dir='ltr'>Nam,</span> <span class='ocrx_word' id='word_1_164' title='bbox 256 2407 341 2491; x_wconf 92' lang='lat' dir='ltr'>quod</span> <span class='ocrx_word' id='word_1_165' title='bbox 356 2408 561 2474; x_wconf 79' lang='lat' dir='ltr'>cardinalem</span> <span class='ocrx_word' id='word_1_166' title='bbox 585 2430 652 2472; x_wconf 92' lang='lat' dir='ltr'>non</span> <span class='ocrx_word' id='word_1_167' title='bbox 674 2407 763 2487; x_wconf 89' lang='lat' dir='ltr'>latet,</span> <span class='ocrx_word' id='word_1_168' title='bbox 784 2408 847 2470; x_wconf 87' lang='lat' dir='ltr'>nisi</span> <span class='ocrx_word' id='word_1_169' title='bbox 868 2409 1017 2472; x_wconf 84' lang='lat' dir='ltr'>volentem</span> <span class='ocrx_word' id='word_1_170' title='bbox 1037 2414 1068 2470; x_wconf 89' lang='lat' dir='ltr'>et</span> <span class='ocrx_word' id='word_1_171' title='bbox 1081 2409 1197 2487; x_wconf 80' lang='lat' dir='ltr'>altro¹,</span> 
     </span>
     <span class='ocr_line' id='line_1_22' title="bbox 97 2509 1198 2593; baseline 0.001 -19"><span class='ocrx_word' id='word_1_172' title='bbox 97 2509 179 2574; x_wconf 82' lang='lat' dir='ltr'>dixit</span> <span class='ocrx_word' id='word_1_173' title='bbox 195 2510 353 2589; x_wconf 87' lang='lat' dir='ltr'>Christus,</span> <span class='ocrx_word' id='word_1_174' title='bbox 368 2512 439 2574; x_wconf 87' lang='lat' dir='ltr'>Hoc</span> <span class='ocrx_word' id='word_1_175' title='bbox 454 2518 500 2575; x_wconf 90' lang='lat' dir='ltr'>est</span> <span class='ocrx_word' id='word_1_176' title='bbox 516 2532 627 2593; x_wconf 79' lang='lat' dir='ltr'>empus</span> <span class='ocrx_word' id='word_1_177' title='bbox 641 2532 762 2573; x_wconf 82' lang='lat' dir='ltr'>meam:</span> <span class='ocrx_word' id='word_1_178' title='bbox 779 2512 868 2589; x_wconf 90' lang='lat' dir='ltr'>Non,</span> <span class='ocrx_word' id='word_1_179' title='bbox 884 2511 954 2575; x_wconf 85' lang='lat' dir='ltr'>Hoc</span> <span class='ocrx_word' id='word_1_180' title='bbox 968 2511 1068 2590; x_wconf 88' lang='lat' dir='ltr'>modo,</span> <span class='ocrx_word' id='word_1_181' title='bbox 1081 2513 1139 2575; x_wconf 84' lang='lat' dir='ltr'>boe</span> <span class='ocrx_word' id='word_1_182' title='bbox 1152 2518 1198 2575; x_wconf 90' lang='lat' dir='ltr'>est</span> 
     </span>
     <span class='ocr_line' id='line_1_23' title="bbox 97 2615 1196 2698; baseline 0.001 -21"><span class='ocrx_word' id='word_1_183' title='bbox 97 2634 210 2696; x_wconf 82' lang='lat' dir='ltr'>corpus</span> <span class='ocrx_word' id='word_1_184' title='bbox 227 2635 336 2678; x_wconf 83' lang='lat' dir='ltr'>meam.</span> <span class='ocrx_word' id='word_1_185' title='bbox 381 2615 487 2680; x_wconf 92' lang='lat' dir='ltr'>Nobis</span> <span class='ocrx_word' id='word_1_186' title='bbox 507 2625 616 2680; x_wconf 90' lang='lat' dir='ltr'>autem</span> <span class='ocrx_word' id='word_1_187' title='bbox 630 2615 796 2680; x_wconf 86' lang='lat' dir='ltr'>vobiscum</span> <span class='ocrx_word' id='word_1_188' title='bbox 819 2615 859 2679; x_wconf 87' lang='lat' dir='ltr'>de</span> <span class='ocrx_word' id='word_1_189' title='bbox 880 2615 1007 2698; x_wconf 84' lang='lat' dir='ltr'>objecto</span> <span class='ocrx_word' id='word_1_190' title='bbox 1025 2616 1196 2692; x_wconf 88' lang='lat' dir='ltr'>eonvenit;</span> 
     </span>
     <span class='ocr_line' id='line_1_24' title="bbox 97 2717 1198 2798; baseline 0.002 -18"><span class='ocrx_word' id='word_1_191' title='bbox 97 2717 139 2781; x_wconf 88' lang='lat' dir='ltr'>do</span> <span class='ocrx_word' id='word_1_192' title='bbox 154 2717 261 2797; x_wconf 91' lang='lat' dir='ltr'>modo,</span> <span class='ocrx_word' id='word_1_193' title='bbox 285 2717 326 2780; x_wconf 90' lang='lat' dir='ltr'>lis</span> <span class='ocrx_word' id='word_1_194' title='bbox 349 2718 454 2781; x_wconf 91' lang='lat' dir='ltr'>omnis</span> <span class='ocrx_word' id='word_1_195' title='bbox 478 2726 544 2782; x_wconf 88' lang='lat' dir='ltr'>est:</span> <span class='ocrx_word' id='word_1_196' title='bbox 569 2719 630 2797; x_wconf 87' lang='lat' dir='ltr'>De,</span> <span class='ocrx_word' id='word_1_197' title='bbox 650 2719 721 2782; x_wconf 86' lang='lat' dir='ltr'>Hoc</span> <span class='ocrx_word' id='word_1_198' title='bbox 743 2726 798 2797; x_wconf 89' lang='lat' dir='ltr'>est,</span> <span class='ocrx_word' id='word_1_199' title='bbox 820 2719 899 2783; x_wconf 81' lang='lat' dir='ltr'>Fide</span> <span class='ocrx_word' id='word_1_200' title='bbox 920 2720 1014 2782; x_wconf 89' lang='lat' dir='ltr'>firma</span> <span class='ocrx_word' id='word_1_201' title='bbox 1039 2726 1198 2798; x_wconf 86' lang='lat' dir='ltr'>tenemus,</span> 
     </span>
     <span class='ocr_line' id='line_1_25' title="bbox 97 2821 1199 2908; baseline 0.003 -25"><span class='ocrx_word' id='word_1_202' title='bbox 97 2821 185 2904; x_wconf 88' lang='lat' dir='ltr'>quod</span> <span class='ocrx_word' id='word_1_203' title='bbox 206 2822 267 2885; x_wconf 89' lang='lat' dir='ltr'>sit:</span> <span class='ocrx_word' id='word_1_204' title='bbox 303 2822 363 2899; x_wconf 88' lang='lat' dir='ltr'>De,</span> <span class='ocrx_word' id='word_1_205' title='bbox 379 2823 450 2885; x_wconf 89' lang='lat' dir='ltr'>Hoe</span> <span class='ocrx_word' id='word_1_206' title='bbox 475 2823 564 2885; x_wconf 86' lang='lat' dir='ltr'>modo</span> <span class='ocrx_word' id='word_1_207' title='bbox 592 2829 648 2902; x_wconf 85' lang='lat' dir='ltr'>est,</span> <span class='ocrx_word' id='word_1_208' title='bbox 672 2825 799 2908; x_wconf 81' lang='lat' dir='ltr'>(nempe</span> <span class='ocrx_word' id='word_1_209' title='bbox 832 2823 1134 2887; x_wconf 70' lang='lat' dir='ltr'>&#39;lharisubstantiato</span> <span class='ocrx_word' id='word_1_210' title='bbox 1164 2824 1199 2886; x_wconf 95' lang='lat' dir='ltr'>in</span> 
     </span>
     <span class='ocr_line' id='line_1_26' title="bbox 96 2922 1198 3008; baseline 0 -21"><span class='ocrx_word' id='word_1_211' title='bbox 96 2944 213 3006; x_wconf 83' lang='lat' dir='ltr'>eorpus</span> <span class='ocrx_word' id='word_1_212' title='bbox 233 2925 327 3007; x_wconf 90' lang='lat' dir='ltr'>pane)</span> <span class='ocrx_word' id='word_1_213' title='bbox 346 2922 385 2986; x_wconf 88' lang='lat' dir='ltr'>de</span> <span class='ocrx_word' id='word_1_214' title='bbox 401 2923 505 3002; x_wconf 88' lang='lat' dir='ltr'>mode,</span> <span class='ocrx_word' id='word_1_215' title='bbox 523 2945 587 3006; x_wconf 89' lang='lat' dir='ltr'>quo</span> <span class='ocrx_word' id='word_1_216' title='bbox 609 2924 665 2987; x_wconf 86' lang='lat' dir='ltr'>fiat</span> <span class='ocrx_word' id='word_1_217' title='bbox 684 2932 722 2988; x_wconf 91' lang='lat' dir='ltr'>ut</span> <span class='ocrx_word' id='word_1_218' title='bbox 743 2925 794 3004; x_wconf 88' lang='lat' dir='ltr'>sit,</span> <span class='ocrx_word' id='word_1_219' title='bbox 811 2946 876 3008; x_wconf 90' lang='lat' dir='ltr'>per,</span> <span class='ocrx_word' id='word_1_220' title='bbox 893 2924 959 2988; x_wconf 88' lang='lat' dir='ltr'>sive</span> <span class='ocrx_word' id='word_1_221' title='bbox 973 2925 1022 3002; x_wconf 85' lang='lat' dir='ltr'>In,</span> <span class='ocrx_word' id='word_1_222' title='bbox 1040 2924 1106 2988; x_wconf 88' lang='lat' dir='ltr'>sive</span> <span class='ocrx_word' id='word_1_223' title='bbox 1124 2924 1198 3002; x_wconf 85' lang='lat' dir='ltr'>Con,</span> 
     </span>
     <span class='ocr_line' id='line_1_27' title="bbox 98 3026 1200 3109; baseline 0 -19"><span class='ocrx_word' id='word_1_224' title='bbox 98 3027 164 3090; x_wconf 87' lang='lat' dir='ltr'>sive</span> <span class='ocrx_word' id='word_1_225' title='bbox 190 3026 265 3106; x_wconf 79' lang='lat' dir='ltr'>Sub,</span> <span class='ocrx_word' id='word_1_226' title='bbox 292 3027 358 3089; x_wconf 88' lang='lat' dir='ltr'>sive</span> <span class='ocrx_word' id='word_1_227' title='bbox 390 3026 502 3108; x_wconf 76' lang='lat' dir='ltr'>llam)</span> <span class='ocrx_word' id='word_1_228' title='bbox 526 3026 653 3090; x_wconf 89' lang='lat' dir='ltr'>nullum</span> <span class='ocrx_word' id='word_1_229' title='bbox 684 3027 765 3091; x_wconf 89' lang='lat' dir='ltr'>inibi</span> <span class='ocrx_word' id='word_1_230' title='bbox 793 3027 928 3092; x_wconf 85' lang='lat' dir='ltr'>verbum</span> <span class='ocrx_word' id='word_1_231' title='bbox 955 3033 1013 3090; x_wconf 90' lang='lat' dir='ltr'>est.</span> <span class='ocrx_word' id='word_1_232' title='bbox 1058 3026 1103 3090; x_wconf 88' lang='lat' dir='ltr'>Et</span> <span class='ocrx_word' id='word_1_233' title='bbox 1126 3026 1200 3109; x_wconf 88' lang='lat' dir='ltr'>quia</span> 
     </span>
     <span class='ocr_line' id='line_1_28' title="bbox 98 3128 1199 3213; baseline 0.002 -21"><span class='ocrx_word' id='word_1_234' title='bbox 98 3129 233 3192; x_wconf 82' lang='lat' dir='ltr'>verbum</span> <span class='ocrx_word' id='word_1_235' title='bbox 248 3128 385 3206; x_wconf 88' lang='lat' dir='ltr'>nullum,</span> <span class='ocrx_word' id='word_1_236' title='bbox 402 3129 517 3192; x_wconf 86' lang='lat' dir='ltr'>merito</span> <span class='ocrx_word' id='word_1_237' title='bbox 532 3150 552 3191; x_wconf 89' lang='lat' dir='ltr'>a</span> <span class='ocrx_word' id='word_1_238' title='bbox 567 3129 636 3211; x_wconf 83' lang='lat' dir='ltr'>fide</span> <span class='ocrx_word' id='word_1_239' title='bbox 651 3129 837 3212; x_wconf 83' lang='lat' dir='ltr'>ablegamus</span> <span class='ocrx_word' id='word_1_240' title='bbox 851 3129 983 3213; x_wconf 87' lang='lat' dir='ltr'>procul:</span> <span class='ocrx_word' id='word_1_241' title='bbox 1007 3129 1093 3193; x_wconf 91' lang='lat' dir='ltr'>inter</span> <span class='ocrx_word' id='word_1_242' title='bbox 1109 3131 1199 3194; x_wconf 83' lang='lat' dir='ltr'>Soita</span> 
     </span>
     <span class='ocr_line' id='line_1_29' title="bbox 100 3232 1022 3316; baseline 0 -21"><span class='ocrx_word' id='word_1_243' title='bbox 100 3233 221 3296; x_wconf 77' lang='lat' dir='ltr'>Schola</span> <span class='ocrx_word' id='word_1_244' title='bbox 235 3232 380 3311; x_wconf 82' lang='lat' dir='ltr'>fortasse,</span> <span class='ocrx_word' id='word_1_245' title='bbox 397 3232 483 3295; x_wconf 91' lang='lat' dir='ltr'>inter</span> <span class='ocrx_word' id='word_1_246' title='bbox 498 3232 592 3294; x_wconf 82' lang='lat' dir='ltr'>Fides</span> <span class='ocrx_word' id='word_1_247' title='bbox 606 3232 768 3295; x_wconf 81' lang='lat' dir='ltr'>Articulos</span> <span class='ocrx_word' id='word_1_248' title='bbox 782 3254 849 3296; x_wconf 92' lang='lat' dir='ltr'>non</span> <span class='ocrx_word' id='word_1_249' title='bbox 864 3233 1022 3316; x_wconf 88' lang='lat' dir='ltr'>ponimus.</span> 
     </span>
    </p>

    <p class='ocr_par' dir='ltr' id='par_1_6' title="bbox 94 3333 1322 4037">
     <span class='ocr_line' id='line_1_30' title="bbox 143 3333 1322 3457; baseline -0.008 -55"><span class='ocrx_word' id='word_1_250' title='bbox 143 3335 240 3402; x_wconf 83' lang='lat' dir='ltr'>Quod</span> <span class='ocrx_word' id='word_1_251' title='bbox 255 3335 370 3399; x_wconf 77' lang='lat' dir='ltr'>dixisse</span> <span class='ocrx_word' id='word_1_252' title='bbox 383 3333 466 3399; x_wconf 88' lang='lat' dir='ltr'>olim</span> <span class='ocrx_word' id='word_1_253' title='bbox 484 3335 587 3399; x_wconf 85' lang='lat' dir='ltr'>fertur</span> <span class='ocrx_word' id='word_1_254' title='bbox 602 3335 807 3413; x_wconf 71' lang='lat' dir='ltr'>Durandusr,</span> <span class='ocrx_word' id='word_1_255' title='bbox 823 3337 1010 3419; x_wconf 88' lang='lat' dir='ltr'>neutiquam</span> <span class='ocrx_word' id='word_1_256' title='bbox 1025 3335 1119 3399; x_wconf 86' lang='lat' dir='ltr'>nobis</span> <span class='ocrx_word' id='word_1_257' title='bbox 1135 3336 1197 3400; x_wconf 90' lang='lat' dir='ltr'>dis·</span> <span class='ocrx_word' id='word_1_258' title='bbox 1211 3342 1322 3457; x_wconf 61' lang='grc' dir='ltr'>[Βιαι-</span> 
     </span>
     <span class='ocr_line' id='line_1_31' title="bbox 98 3409 1280 3523; baseline 0 -21"><span class='ocrx_word' id='word_1_259' title='bbox 98 3440 216 3523; x_wconf 86' lang='lat' dir='ltr'>plicet:</span> <span class='ocrx_word' id='word_1_260' title='bbox 246 3439 377 3502; x_wconf 80' lang='lat' dir='ltr'>Verbum</span> <span class='ocrx_word' id='word_1_261' title='bbox 398 3439 551 3516; x_wconf 78' lang='lat' dir='ltr'>andimus,</span> <span class='ocrx_word' id='word_1_262' title='bbox 573 3445 688 3502; x_wconf 83' lang='lat' dir='ltr'>motam</span> <span class='ocrx_word' id='word_1_263' title='bbox 705 3441 863 3516; x_wconf 82' lang='lat' dir='ltr'>sentimus,</span> <span class='ocrx_word' id='word_1_264' title='bbox 890 3440 1013 3502; x_wconf 83' lang='lat' dir='ltr'>modum</span> <span class='ocrx_word' id='word_1_265' title='bbox 1037 3442 1198 3519; x_wconf 79' lang='lat' dir='ltr'>nescimus,</span> <span class='ocrx_word' id='word_1_266' title='bbox 1229 3409 1280 3472; x_wconf 50' lang='grc' dir='ltr'>ω’]</span> 
     </span>
     <span class='ocr_line' id='line_1_32' title="bbox 94 3542 1200 3626; baseline 0.001 -20"><span class='ocrx_word' id='word_1_267' title='bbox 94 3544 297 3626; x_wconf 73' lang='lat' dir='ltr'>presentiam</span> <span class='ocrx_word' id='word_1_268' title='bbox 321 3542 482 3606; x_wconf 80' lang='lat' dir='ltr'>eredimus.</span> <span class='ocrx_word' id='word_1_269' title='bbox 529 3542 735 3606; x_wconf 82' lang='lat' dir='ltr'>Praesentiam</span> <span class='ocrx_word' id='word_1_270' title='bbox 765 3542 919 3625; x_wconf 88' lang='lat' dir='ltr'>(inquam)</span> <span class='ocrx_word' id='word_1_271' title='bbox 948 3542 1118 3622; x_wconf 85' lang='lat' dir='ltr'>oredimus,</span> <span class='ocrx_word' id='word_1_272' title='bbox 1140 3565 1200 3608; x_wconf 88' lang='lat' dir='ltr'>nec</span> 
     </span>
     <span class='ocr_line' id='line_1_33' title="bbox 99 3646 1200 3729; baseline 0.002 -19"><span class='ocrx_word' id='word_1_273' title='bbox 99 3647 207 3710; x_wconf 91' lang='lat' dir='ltr'>minus</span> <span class='ocrx_word' id='word_1_274' title='bbox 234 3667 330 3729; x_wconf 88' lang='lat' dir='ltr'>quam</span> <span class='ocrx_word' id='word_1_275' title='bbox 350 3667 415 3723; x_wconf 88' lang='lat' dir='ltr'>vos,</span> <span class='ocrx_word' id='word_1_276' title='bbox 438 3666 556 3709; x_wconf 89' lang='lat' dir='ltr'>veram.</span> <span class='ocrx_word' id='word_1_277' title='bbox 602 3646 652 3709; x_wconf 95' lang='lat' dir='ltr'>De</span> <span class='ocrx_word' id='word_1_278' title='bbox 678 3646 774 3709; x_wconf 91' lang='lat' dir='ltr'>modo</span> <span class='ocrx_word' id='word_1_279' title='bbox 800 3647 980 3729; x_wconf 77' lang='lat' dir='ltr'>praesentiae</span> <span class='ocrx_word' id='word_1_280' title='bbox 1004 3647 1053 3710; x_wconf 93' lang='lat' dir='ltr'>nil</span> <span class='ocrx_word' id='word_1_281' title='bbox 1077 3655 1200 3712; x_wconf 89' lang='lat' dir='ltr'>temere</span> 
     </span>
     <span class='ocr_line' id='line_1_34' title="bbox 99 3748 1200 3833; baseline 0.003 -20"><span class='ocrx_word' id='word_1_282' title='bbox 99 3750 282 3828; x_wconf 86' lang='lat' dir='ltr'>definimus,</span> <span class='ocrx_word' id='word_1_283' title='bbox 304 3749 396 3826; x_wconf 88' lang='lat' dir='ltr'>addo,</span> <span class='ocrx_word' id='word_1_284' title='bbox 417 3769 477 3812; x_wconf 89' lang='lat' dir='ltr'>nee</span> <span class='ocrx_word' id='word_1_285' title='bbox 493 3748 585 3811; x_wconf 62' lang='lat' dir='ltr'>anxie</span> <span class='ocrx_word' id='word_1_286' title='bbox 599 3748 813 3830; x_wconf 72' lang='lat' dir='ltr'>inquirimus,</span> <span class='ocrx_word' id='word_1_287' title='bbox 837 3771 903 3814; x_wconf 91' lang='lat' dir='ltr'>non</span> <span class='ocrx_word' id='word_1_288' title='bbox 918 3751 1021 3833; x_wconf 86' lang='lat' dir='ltr'>magis</span> <span class='ocrx_word' id='word_1_289' title='bbox 1043 3773 1149 3833; x_wconf 88' lang='lat' dir='ltr'>quam,</span> <span class='ocrx_word' id='word_1_290' title='bbox 1164 3753 1200 3816; x_wconf 94' lang='lat' dir='ltr'>in</span> 
     </span>
     <span class='ocr_line' id='line_1_35' title="bbox 99 3849 1200 3937; baseline 0.003 -21"><span class='ocrx_word' id='word_1_291' title='bbox 99 3853 259 3937; x_wconf 87' lang='lat' dir='ltr'>baptismo</span> <span class='ocrx_word' id='word_1_292' title='bbox 280 3859 400 3928; x_wconf 90' lang='lat' dir='ltr'>nostro,</span> <span class='ocrx_word' id='word_1_293' title='bbox 427 3849 586 3933; x_wconf 91' lang='lat' dir='ltr'>quomodo</span> <span class='ocrx_word' id='word_1_294' title='bbox 609 3851 718 3915; x_wconf 89' lang='lat' dir='ltr'>abluat</span> <span class='ocrx_word' id='word_1_295' title='bbox 743 3874 801 3915; x_wconf 92' lang='lat' dir='ltr'>nos</span> <span class='ocrx_word' id='word_1_296' title='bbox 822 3854 951 3936; x_wconf 88' lang='lat' dir='ltr'>sanguis</span> <span class='ocrx_word' id='word_1_297' title='bbox 972 3855 1110 3919; x_wconf 86' lang='lat' dir='ltr'>Christi:</span> <span class='ocrx_word' id='word_1_298' title='bbox 1134 3877 1200 3919; x_wconf 90' lang='lat' dir='ltr'>non</span> 
     </span>
     <span class='ocr_line' id='line_1_36' title="bbox 99 3952 1201 4037; baseline 0.004 -20"><span class='ocrx_word' id='word_1_299' title='bbox 99 3955 202 4037; x_wconf 85' lang='lat' dir='ltr'>magis</span> <span class='ocrx_word' id='word_1_300' title='bbox 219 3975 326 4037; x_wconf 90' lang='lat' dir='ltr'>quam,</span> <span class='ocrx_word' id='word_1_301' title='bbox 338 3953 373 4016; x_wconf 93' lang='lat' dir='ltr'>in</span> <span class='ocrx_word' id='word_1_302' title='bbox 386 3952 508 4017; x_wconf 88' lang='lat' dir='ltr'>Christi</span> <span class='ocrx_word' id='word_1_303' title='bbox 524 3953 754 4030; x_wconf 88' lang='lat' dir='ltr'>incarnatione,</span> <span class='ocrx_word' id='word_1_304' title='bbox 768 3956 928 4036; x_wconf 90' lang='lat' dir='ltr'>quomodo</span> <span class='ocrx_word' id='word_1_305' title='bbox 939 3965 1063 4021; x_wconf 83' lang='lat' dir='ltr'>naturae</span> <span class='ocrx_word' id='word_1_306' title='bbox 1075 3957 1201 4021; x_wconf 89' lang='lat' dir='ltr'>Divinae</span> 
     </span>
    </p>
   </div>
   <div class='ocr_carea' id='block_1_3' title="bbox 99 4054 1201 4246">
    <p class='ocr_par' dir='ltr' id='par_1_7' title="bbox 99 4054 1201 4245">
     <span class='ocr_line' id='line_1_37' title="bbox 99 4054 1201 4177; baseline 0.003 -57"><span class='ocrx_word' id='word_1_307' title='bbox 99 4058 241 4120; x_wconf 84' lang='lat' dir='ltr'>humana</span> <span class='ocrx_word' id='word_1_308' title='bbox 269 4055 304 4117; x_wconf 92' lang='lat' dir='ltr'>in</span> <span class='ocrx_word' id='word_1_309' title='bbox 339 4054 473 4118; x_wconf 91' lang='lat' dir='ltr'>eandem</span> <span class='ocrx_word' id='word_1_310' title='bbox 503 4054 693 4137; x_wconf 82' lang='lat' dir='ltr'>hypostasin</span> <span class='ocrx_word' id='word_1_311' title='bbox 724 4056 868 4120; x_wconf 88' lang='lat' dir='ltr'>uniatur.</span> <span class='ocrx_word' id='word_1_312' title='bbox 925 4058 1018 4122; x_wconf 91' lang='lat' dir='ltr'>Inter</span> <span class='ocrx_word' id='word_1_313' title='bbox 1047 4061 1201 4177; x_wconf 83' lang='lat' dir='ltr'>mysteria</span> 
     </span>
     <span class='ocr_line' id='line_1_38' title="bbox 100 4157 1199 4246; baseline 0.002 -22"><span class='ocrx_word' id='word_1_314' title='bbox 100 4161 258 4236; x_wconf 89' lang='lat' dir='ltr'>ducimus,</span> <span class='ocrx_word' id='word_1_315' title='bbox 279 4160 324 4240; x_wconf 81' lang='lat' dir='ltr'>(et</span> <span class='ocrx_word' id='word_1_316' title='bbox 340 4157 470 4240; x_wconf 89' lang='lat' dir='ltr'>quidem</span> <span class='ocrx_word' id='word_1_317' title='bbox 487 4158 577 4240; x_wconf 88' lang='lat' dir='ltr'>Myst</span> <span class='ocrx_word' id='word_1_318' title='bbox 579 4158 681 4220; x_wconf 87' lang='lat' dir='ltr'>erium</span> <span class='ocrx_word' id='word_1_319' title='bbox 706 4166 755 4221; x_wconf 90' lang='lat' dir='ltr'>est</span> <span class='ocrx_word' id='word_1_320' title='bbox 769 4160 976 4224; x_wconf 79' lang='lat' dir='ltr'>Eucharistia</span> <span class='ocrx_word' id='word_1_321' title='bbox 990 4162 1071 4245; x_wconf 91' lang='lat' dir='ltr'>ipsa)</span> <span class='ocrx_word' id='word_1_322' title='bbox 1096 4164 1147 4246; x_wconf 86' lang='lat' dir='ltr'>cuj</span> <span class='ocrx_word' id='word_1_323' title='bbox 1151 4186 1199 4240; x_wconf 88' lang='lat' dir='ltr'>ns,</span> 
     </span>
    </p>
   </div>
   <div class='ocr_carea' id='block_1_4' title="bbox 97 4284 1200 4610">
    <p class='ocr_par' dir='ltr' id='par_1_8' title="bbox 97 4284 1197 4610">
     <span class='ocr_line' id='line_1_39' title="bbox 132 4284 1197 4354; baseline 0.003 -17.109"><span class='ocrx_word' id='word_1_324' title='bbox 132 4285 333 4351; x_wconf 80' lang='lat' dir='ltr'>¹·.][Comment</span> <span class='ocrx_word' id='word_1_325' title='bbox 357 4285 385 4334; x_wconf 94' lang='lat' dir='ltr'>in</span> <span class='ocrx_word' id='word_1_326' title='bbox 410 4284 516 4350; x_wconf 87' lang='lat' dir='ltr'>[Summ.</span> <span class='ocrx_word' id='word_1_327' title='bbox 541 4284 627 4334; x_wconf 79' lang='lat' dir='ltr'>Theol.</span> <span class='ocrx_word' id='word_1_328' title='bbox 672 4286 764 4349; x_wconf 78' lang='lat' dir='ltr'>captiv</span> <span class='ocrx_word' id='word_1_329' title='bbox 764 4287 829 4336; x_wconf 87' lang='lat' dir='ltr'>Bal</span> <span class='ocrx_word' id='word_1_330' title='bbox 831 4289 872 4351; x_wconf 78' lang='lat' dir='ltr'>yl</span> <span class='ocrx_word' id='word_1_331' title='bbox 884 4289 962 4352; x_wconf 81' lang='lat' dir='ltr'>oapi.</span> <span class='ocrx_word' id='word_1_332' title='bbox 975 4290 1068 4353; x_wconf 39' lang='lat' dir='ltr'>[legmx</span> <span class='ocrx_word' id='word_1_333' title='bbox 1087 4292 1142 4354; x_wconf 68' lang='lat' dir='ltr'>Op„</span> <span class='ocrx_word' id='word_1_334' title='bbox 1152 4292 1197 4340; x_wconf 90' lang='lat' dir='ltr'>eol.</span> 
     </span>
     <span class='ocr_line' id='line_1_40' title="bbox 97 4285 1049 4428; baseline 0.003 -26"><span class='ocrx_word' id='word_1_335' title='bbox 97 4352 220 4402; x_wconf 60' lang='lat' dir='ltr'>athone</span> <span class='ocrx_word' id='word_1_336' title='bbox 232 4352 281 4414; x_wconf 83' lang='lat' dir='ltr'>Aq.</span> <span class='ocrx_word' id='word_1_337' title='bbox 311 4365 345 4399; x_wconf 86' lang='lat' dir='ltr'>ar.</span> <span class='ocrx_word' id='word_1_338' title='bbox 350 4285 479 4413; x_wconf 76' lang='lat' dir='ltr'>]iii.[Q[u</span> <span class='ocrx_word' id='word_1_339' title='bbox 464 4353 527 4397; x_wconf 76' lang='lat' dir='ltr'>usas</span> <span class='ocrx_word' id='word_1_340' title='bbox 529 4348 628 4410; x_wconf 77' lang='lat' dir='ltr'>.]lxxr.</span> <span class='ocrx_word' id='word_1_341' title='bbox 673 4352 728 4401; x_wconf 77' lang='grc'>227.</span> <span class='ocrx_word' id='word_1_342' title='bbox 744 4352 782 4400; x_wconf 90' lang='lat' dir='ltr'>ed.</span> <span class='ocrx_word' id='word_1_343' title='bbox 797 4352 950 4428; x_wconf 73' lang='lat' dir='ltr'>ll&#39;ireeburg.</span> <span class='ocrx_word' id='word_1_344' title='bbox 964 4353 1049 4416; x_wconf 72' lang='lat' dir='ltr'>lest]</span> 
     </span>
     <span class='ocr_line' id='line_1_41' title="bbox 100 4349 899 4529; baseline 0 -63"><span class='ocrx_word' id='word_1_345' title='bbox 100 4416 216 4529; x_wconf 54' lang='lat' dir='ltr'>Amph</span> <span class='ocrx_word' id='word_1_346' title='bbox 202 4415 279 4529; x_wconf 61' lang='lat' dir='ltr'>80[pri.</span> <span class='ocrx_word' id='word_1_347' title='bbox 240 4349 461 4464; x_wconf 65' lang='lat' dir='ltr'>bonon</span> <span class='ocrx_word' id='word_1_348' title='bbox 400 4414 486 4477; x_wconf 77' lang='lat'>1628</span> <span class='ocrx_word' id='word_1_349' title='bbox 705 4416 815 4465; x_wconf 78' lang='lat' dir='ltr'>slei</span> <span class='ocrx_word' id='word_1_350' title='bbox 827 4417 899 4467; x_wconf 82' lang='lat'>1116</span> 
     </span>
     <span class='ocr_line' id='line_1_42' title="bbox 132 4414 1200 4610; baseline 0.005 -82.136"><span class='ocrx_word' id='word_1_351' title='bbox 132 4481 228 4544; x_wconf 78' lang='lat' dir='ltr'>[sse</span> <span class='ocrx_word' id='word_1_352' title='bbox 246 4494 302 4529; x_wconf 86' lang='lat' dir='ltr'>arus</span> <span class='ocrx_word' id='word_1_353' title='bbox 304 4478 400 4542; x_wconf 79' lang='lat' dir='ltr'>,llplse</span> <span class='ocrx_word' id='word_1_354' title='bbox 408 4414 495 4528; x_wconf 74' lang='lat' dir='ltr'>soson</span> <span class='ocrx_word' id='word_1_355' title='bbox 497 4477 630 4542; x_wconf 82' lang='lat' dir='ltr'>s]Contra</span> <span class='ocrx_word' id='word_1_356' title='bbox 706 4480 964 4610; x_wconf 42' lang='grc' dir='ltr'>2Ο[οὶ.ι[[ιὲιι1ι]9οιι’]ιιιιιιι.</span> <span class='ocrx_word' id='word_1_357' title='bbox 992 4481 1086 4545; x_wconf 82' lang='lat' dir='ltr'>Synop.</span> <span class='ocrx_word' id='word_1_358' title='bbox 1108 4482 1200 4533; x_wconf 87' lang='lat' dir='ltr'>Chron.</span> 
     </span>
     <span class='ocr_line' id='line_1_43' title="bbox 674 4560 813 4608; baseline 0.007 -15"><span class='ocrx_word' id='word_1_359' title='bbox 674 4560 696 4608; x_wconf 91' lang='lat' dir='ltr'>p.</span> <span class='ocrx_word' id='word_1_360' title='bbox 798 4561 813 4594; x_wconf 91' lang='lat' dir='ltr'>o</span> 
     </span>
    </p>
   </div>
   <div class='ocr_carea' id='block_1_5' title="bbox 0 0 1462 4926">
    <p class='ocr_par' dir='ltr' id='par_1_9' title="bbox 0 0 1462 4926">
     <span class='ocr_line' id='line_1_44' title="bbox 0 0 1462 4926; baseline 0 0"><span class='ocrx_word' id='word_1_361' title='bbox 0 0 1462 4926; x_wconf 95' lang='lat' dir='ltr'> </span> 
     </span>
    </p>
   </div>
  </div>
 </body>
</html>
