2910 4926
243 273 308 336 268
457 253 459 257 ¹
560 288 603 335 lu
625 285 816 335 oenomaus
837 286 1036 336 onerantur

244 467 331 510 mum
353 447 523 529 integram,
549 464 621 528 quae
646 444 803 528 imperata
825 450 874 508 est
900 444 1011 522 nobis3
1043 466 1172 528 cropore
1196 447 1349 531 quicquid

244 548 389 613 debitum
416 571 436 612 a
458 547 570 624 nobis;
604 547 638 609 id
660 546 715 610 ubi
737 548 805 630 jum
832 547 964 622 factum,
991 555 1062 610 tum
1089 555 1124 612 et
1146 548 1232 613 ultra
1254 549 1348 626 illud,

244 653 382 736 amplius
402 651 489 735 quid,
509 671 740 734 supererogare.
785 652 873 715 Nam
889 651 953 715 nisi
973 650 1126 716 solvendo
1141 651 1183 715 rit
1197 652 1349 721 universo

243 755 353 820 debito
376 776 443 833 suo,
460 754 546 838 quod
569 776 608 818 ex
628 762 789 838 praeecpto
812 755 981 834 contraxit,
1004 754 1038 819 iu
1061 775 1124 818 aere
1147 754 1253 819 adhuc
1277 764 1347 820 est:

244 857 395 942 quicquid
411 857 488 941 agit,
503 879 585 942 opus
600 866 648 921 est
664 864 749 941 agat,
765 879 826 921 nec
841 865 985 942 superest
1007 858 1037 922 ei
1060 858 1244 942 quiequam,
1260 859 1348 943 quod

243 965 403 1023 accrescat
417 959 494 1023 inde
508 961 653 1023 thesauro
667 960 826 1024 Eecleaiae.
869 959 1018 1025 Peccavit
1032 960 1067 1023 in
1082 967 1241 1044 precepta
1255 959 1345 1044 quis:

244 1082 315 1144 quae
333 1061 444 1125 debuit
466 1062 570 1127 faeere
588 1084 654 1127 non
676 1062 772 1126 iecit:
805 1062 871 1143 scd,
889 1063 1033 1127 votivum
1056 1063 1165 1128 neseio
1185 1063 1273 1148 quid,
1295 1063 1347 1127 vel

231 1166 450 1229 'voluntarium
465 1165 632 1250 praestitit:
655 1166 718 1230 hoe
737 1166 816 1249 jam,
827 1173 946 1247 praeter
960 1186 1090 1248 eropure
1104 1173 1153 1230 est
1167 1165 1262 1245 forte,
1277 1187 1346 1230 non

241 1288 344 1350 super.
391 1268 554 1335 Quamdiu
575 1269 662 1333 enim
684 1269 719 1332 in
741 1274 900 1352 praecepta
914 1269 1099 1347 committit,
1114 1269 1221 1332 subter
1235 1290 1345 1352 eroga·

242 1374 356 1435 tionem
370 1372 516 1436 consistit
531 1373 612 1456 ejus,
629 1372 681 1435 cui
696 1393 734 1436 ex
750 1371 859 1436 debito
880 1378 1021 1449 tenetur,
1037 1392 1097 1436 nce
1112 1378 1242 1436 tantum
1256 1371 1344 1451 facit,

243 1480 399 1558 quantum
417 1476 505 1538 Deus
519 1474 672 1557 praecipit.
705 1473 746 1536 Id
760 1474 824 1537 nisi
838 1474 949 1538 fecerit
963 1473 1062 1558 prius,
1079 1482 1112 1538 et
1127 1495 1170 1539 aes
1180 1475 1345 1558 integrum

242 1577 442 1654 dissolverit3
469 1577 567 1659 (quod
582 1577 654 1660 quis
669 1576 745 1640 fecit
759 1598 912 1659 unquam,
930 1577 1001 1661 quis
1015 1576 1159 1640 facturus
1174 1577 1246 1640 est?
1268 1597 1345 1641 euru

242 1684 275 1743 et
290 1680 435 1764 Apostoli
451 1679 513 1763 ipsi
528 1680 670 1763 quotidie
683 1685 797 1762 petant
812 1701 869 1742 sua
884 1680 944 1742 sibi
960 1679 1064 1742 debita
1080 1679 1208 1761 dimitti)
1221 1679 1346 1743 frustra

242 1782 283 1846 de
307 1783 555 1864 supererogando
579 1789 813 1866 superarrogat.
862 1784 921 1846 AEs
945 1782 994 1845 illi
1022 1782 1123 1845 haeret
1152 1781 1261 1858 etiam,
1290 1783 1344 1847 eui

241 1907 299 1969 par
322 1907 389 1949 non
416 1893 474 1963 est,
500 1887 569 1968 (cur
590 1886 689 1964 enim,
713 1907 787 1950 eum
809 1892 914 1970 potest
937 1886 1111 1965 exsolvere,
1136 1884 1258 1950 dimitti
1280 1886 1342 1951 sibi

239 1989 382 2072 postulet
392 1989 419 2070 ?)
446 1990 496 2053 De
510 2009 570 2052 oere
584 1988 684 2071 igitur
699 2010 757 2052 suo
772 1989 901 2072 cogitet,
917 2010 984 2052 non
999 1988 1039 2052 de
1051 1988 1202 2052 Ecclesia
1216 1990 1342 2052 erario.

272 2151 402 2216 Scriptura
412 2152 476 2201 dicit
486 2155 573 2202 votum
591 2153 669 2202 libere
685 2151 748 2210 lieri,
762 2167 791 2202 ac
807 2166 852 2214 per
868 2151 915 2200 hoc
932 2165 985 2200 esse
996 2166 1058 2215 opus
1069 2150 1306 2214 supererogationis,
1316 2158 1343 2201 ct

174 2232 180 2242 ’
304 2238 389 2283 tamen
401 2238 534 2296 postquam
545 2233 639 2283 facturn
650 2237 696 2293 est,
708 2247 791 2282 severe
802 2230 935 2281 aDomino
947 2230 1002 2295 [lep.
1014 2230 1080 2294 Dec]
1093 2231 1170 2293 exigi,
1184 2235 1276 2282 utrem
1291 2232 1341 2282 sibi

302 2315 517 2380 gratum-[Bell.
530 2315 604 2378 Apol.
617 2329 662 2379 pro
674 2313 758 2378 Resp]
769 2328 793 2377 p.
806 2315 860 2364 109.
874 2313 941 2377 [Op.,
952 2317 1014 2363 tom.
1026 2314 1070 2363 vii·
1081 2314 1127 2363 col.
1138 2314 1193 2364 765.
1202 2312 1244 2377 Ι).]

284 2431 359 2508 Sed,
374 2430 455 2493 illud
475 2438 584 2493 tamen
608 2430 661 2492 hic
684 2431 776 2512 juvat
798 2429 988 2513 percontari.
1038 2428 1072 2490 Si
1088 2433 1191 2490 votum
1207 2448 1283 2508 opus
1299 2430 1342 2492 sit

238 2535 531 2615 supererogationis,
550 2534 576 2595 si
594 2534 661 2595 Deo
678 2533 903 2614 gratissimum,
925 2552 982 2594 cur
1003 2551 1071 2593 reru
1094 2530 1161 2593 Deo
1182 2532 1341 2613 ingratum

238 2637 325 2714 feeit,
341 2636 418 2699 dum
435 2635 603 2713 subtraxit,
620 2635 705 2717 quod
724 2635 957 2716 supererogavit
973 2632 1176 2697 Cardinalis?
1200 2654 1257 2697 eur
1271 2641 1339 2697 tam

239 2739 298 2801 diti
321 2738 405 2802 dono
420 2739 481 2801 hoc
498 2737 658 2800 fraudavit
673 2737 740 2819 ipse
756 2737 853 2819 Papa,
870 2744 902 2799 et
918 2736 1085 2817 exspoliari
1101 2735 1173 2797 sivit
1187 2737 1340 2799 Eccleeiae

233 2841 522 2925 gazophylacium?
567 2840 649 2903 Cum
665 2845 736 2901 eota
759 2845 825 2901 tum
841 2858 945 2900 serere
960 2839 1066 2921 exigat
1082 2838 1181 2915 Deus,
1198 2859 1256 2902 eur
1270 2845 1338 2903 tem

237 2944 330 3007 facile
344 2943 466 3006 relaxat
482 2942 656 3006 Pontifex?
703 2942 769 3006 Cur
792 2942 953 3025 erogando
971 2963 1158 3023 purpuram,
1175 2941 1340 3024 derogavit

238 3047 358 3108 Stolo?
390 3052 423 3108 et
449 3067 516 3107 una
539 3066 635 3128 opera
660 3046 760 3107 Deum
785 3066 820 3106 re
846 3044 906 3108 sibi
928 3046 1122 3126 gratissima,
1142 3045 1341 3107 Cordiaelem

236 3149 367 3231 praemio
382 3149 504 3212 eoelesti
520 3148 724 3230 amplissime,
737 3147 887 3210 Ecclesiae
901 3149 1089 3209 messuram
1104 3148 1220 3210 illustri
1235 3148 1350 3220 incre,

235 3259 355 3329 mento,
386 3251 558 3335 spoliavit?
617 3251 724 3314 Pluris
752 3252 800 3332 (ut
829 3252 966 3333 videtur)
996 3252 1111 3314 titulus
1138 3258 1171 3313 et
1197 3252 1337 3335 insignia

237 3356 426 3435 Cardinulis,
454 3378 549 3439 quam
576 3355 739 3438 egregium
764 3355 824 3418 hoc
849 3376 924 3436 opus
946 3357 1247 3437 supererogationis.-
1271 3378 1339 3420 nen

236 3460 283 3521 ita
297 3459 388 3522 valde
413 3459 523 3542 magni
549 3459 643 3541 pretii
669 3458 760 3535 illud,
778 3458 855 3540 quin
879 3459 977 3521 rubro
999 3459 1084 3542 pileo
1108 3466 1336 3524 commutetur.

235 3562 280 3625 Et
305 3570 471 3645 utcunque
494 3562 558 3624 Deo
585 3563 800 3642 gratissimum
830 3561 872 3623 sit
901 3567 1014 3639 votum,
1039 3562 1201 3625 Cardinali
1226 3570 1336 3627 tamen

235 3671 362 3728 constat
375 3686 550 3747 purpuram
562 3666 744 3745 gratiorem.

267 3825 342 3888 Piget
352 3825 384 3874 ed
398 3826 447 3875 ista
457 3826 614 3890 respondere,
627 3841 685 3875 eum
696 3840 771 3875 nemo
781 3828 883 3885 nesciat,
895 3841 1029 3890 campanas
1037 3826 1159 3887 benedici,
1216 3844 1267 3878 non
1278 3829 1338 3894 bup-

299 3907 492 3971 timri—[Bell.
504 3909 578 3971 Apol.
590 3923 635 3972 pro
648 3908 735 3972 Resp]
749 3924 773 3972 p.
786 3912 840 3959 109.
854 3910 906 3973 [Op
916 3947 923 3968 ,
935 3915 995 3958 tom.
1008 3910 1051 3958 vii.
1064 3911 1109 3958 col.
1123 3911 1178 3962 766.
1192 3911 1235 3974 B.]

39 4063 41 4067 ψ
72 4034 124 4111 [pc
136 4034 198 4098 Bap
278 4023 370 4105 Piper
397 4023 513 4104 (credo)
542 4024 582 4087 ad
613 4046 785 4107 campanas
814 4027 999 4108 respondere
1024 4026 1239 4090 Cardinalem.
1288 4030 1334 4092 At

71 4099 222 4228 fflucffi'
235 4147 330 4189 nemo
353 4126 465 4204 nescit,
488 4148 554 4189 non
574 4128 715 4208 piguisse
737 4128 870 4191 minime
885 4129 1049 4211 vulgarem
1066 4130 1242 4193 Auctorem
1261 4132 1335 4194 Ste-

234 4229 377 4312 phanum
401 4230 550 4306 Duranti,
571 4230 605 4292 in
626 4231 751 4292 Riduna
771 4231 920 4294 Ecclesia
939 4240 1062 4309 vestree,
1086 4233 1197 4295 Romu·
1220 4253 1333 4315 nuper,

234 4332 381 4415 auspiciis
401 4332 548 4416 Gregorii
564 4332 668 4409 xlv,
694 4333 800 4410 editis,
824 4334 1007 4415 duplicandi
1035 4355 1143 4399 vocem
1167 4358 1333 4419 usurpare.

113 4432 176 4497 197
234 4435 455 4516 Baptizaatur,
479 4436 593 4519 iuquit,
615 4457 781 4517 eavrrpuaoe.
827 4439 880 4514 Et,
897 4438 1038 4518 formula
1062 4438 1255 4520 baptizandi,
1278 4441 1332 4516 llt,
