2910 4926
260 282 325 346 476
567 293 608 338 nn
631 288 824 339 csnDINALIS
844 290 1044 339 eminulis

304 451 375 514 Nee
404 449 431 511 si
459 448 566 511 recudi
591 453 687 525 curet,
710 446 809 528 fidem
838 446 982 509 liberabit
1007 454 1135 511 tomen:
1160 448 1214 531 qui
1241 451 1364 514 Libello

259 556 371 636 eripuo
397 553 547 615 Mendooi
573 551 720 634 exiguam
748 551 842 614 fidem
867 550 985 615 habere
1009 550 1132 629 debuit,
1157 575 1214 617 seu
1237 555 1365 619 nullom

259 659 376 742 potius.
421 658 483 721 Det
498 677 623 738 operum
637 657 753 739 potius,
767 657 873 737 primo
888 676 1005 738 quoque
1025 661 1210 738 temperent
1225 680 1365 723 exuran-

258 771 322 842 tur,
361 763 452 846 siqua
484 760 608 844 relique
637 760 701 822 siut
731 759 943 842 Exemploria.
1004 761 1078 844 Ipse
1107 769 1217 827 autem
1246 763 1366 828 liberet

260 865 410 944 animam,
433 862 573 940 fatendo,
597 883 635 925 ex
651 862 801 924 Mondooi
819 862 910 939 libro,
933 883 967 924 se
982 862 1153 926 Mendacio
1167 873 1293 930 temere
1308 888 1366 950 per

258 991 371 1033 omnes
397 967 574 1052 provincias
598 966 840 1029 disseminasse:
864 967 923 1043 vel,
951 967 979 1028 si
1002 968 1142 1044 resudat,
1169 980 1312 1053 apponat
1333 973 1365 1036 ei

258 1075 401 1152 titulum,
426 1074 608 1137 Brevioulos
631 1071 783 1148 Menelaeo,
799 1071 891 1153 eujus
916 1070 1011 1133 fidem
1034 1083 1163 1136 secutus
1178 1074 1366 1140 Cardinalis

259 1177 473 1241 Bellnrminus
497 1177 561 1239 trio
583 1196 697 1257 mopno
716 1175 887 1236 Mendacio
912 1173 947 1236 in
973 1175 1072 1237 'Porto
1094 1198 1152 1240 suo
1173 1178 1365 1260 propalavit

260 1280 347 1347 Quid
358 1301 432 1343 vero
443 1279 571 1356 mirum,
586 1278 613 1341 si
628 1279 769 1340 aSieilio
783 1297 878 1359 nepote
892 1299 957 1340 non
973 1277 1034 1339 nisi
1046 1278 1216 1342 Mendooio
1232 1303 1366 1365 exspec-

256 1392 372 1462 temus,
398 1404 469 1467 quae
496 1381 700 1464 Rhotomagi‚
717 1379 803 1464 quod
823 1380 927 1444 multo
949 1380 1078 1463 propius
1102 1403 1121 1445 a
1143 1383 1236 1447 nobis
1259 1384 1364 1465 abest,

258 1504 326 1560 tam
342 1504 418 1559 sunt
431 1494 582 1558 venelia?

290 1702 357 1760 Qui.
370 1702 462 1765 .jurat,
482 1705 510 1749 ut
527 1699 582 1749 haee
598 1699 706 1749 formula
722 1699 871 1762 praescribit,
883 1699 1025 1763 periturum
1043 1715 1069 1750 se
1086 1700 1170 1766 [Regi]
1181 1716 1233 1751 non
1244 1702 1365 1754 obstante

322 1784 448 1833 sententis
467 1780 744 1831 Exeommunieotionis
760 1781 911 1832 oPontilice
930 1781 990 1842 loto,
1010 1776 1032 1830 it
1048 1795 1139 1845 negare
1150 1788 1267 1832 oensetur
1283 1791 1365 1848 potes

322 1869 402 1914 tutem
420 1863 579 1913 Pontifieism
602 1861 698 1925 ligandi
717 1877 761 1925 per
779 1865 932 1914 sententium
950 1863 1234 1914 Exeommnnieetionin
1271 1866 1305 1915 Et
1319 1869 1363 1930 qni

317 1946 406 2009 juret.
421 1949 484 1994 ..et
500 1944 581 1994 credit
597 1959 622 1993 se
640 1958 690 1991 non
708 1958 779 2006 posse
794 1944 944 1996 ol'ontifioe
956 1945 1052 1994 obsolvi
1070 1944 1124 2009 [lep.
1136 1960 1151 1995 ι
1163 1947 1234 1996 nullo
1250 1962 1278 1997 se
1291 1963 1364 2011 posse

322 2027 425 2085 absolvi,
441 2042 470 2076 eo
481 2041 513 2076 ne
524 2026 555 2076 ab
567 2026 621 2090 ipso
633 2025 737 2088 quidem
752 2025 888 2090 Pontifiee]
906 2028 938 2076 eb
950 2027 1104 2089 obligatione
1121 2026 1196 2090 hujus
1205 2027 1222 2076 J
1225 2030 1363 2088 promenti,

323 2110 344 2157 is
361 2113 437 2171 negot
454 2109 482 2157 in
501 2122 599 2157 summo
619 2106 741 2156 Pontifiee
758 2113 906 2170 potestatem
924 2108 1051 2159 solvendi:
1075 2107 1202 2167 Quod...
1216 2109 1283 2159 dicit
1300 2109 1363 2170 Rex,

323 2189 448 2239 ‘Nullum
464 2205 516 2239 esse
527 2190 631 2238 verbum
648 2190 698 2238 nisi
715 2189 884 2239 conditionale
901 2190 927 2239 in
947 2227 953 2239 .
970 2226 976 2239 .
993 2227 999 2239 .
1016 2189 1165 2241 Jummento
1180 2190 1212 2241 do
1229 2192 1364 2242 Pontifieis

323 2276 446 2335 potestate
454 2274 480 2329 ¹:
492 2309 497 2321 .
509 2309 515 2320 .
528 2308 535 2320 .
547 2286 598 2320 non
614 2275 719 2334 apparet
731 2271 758 2321 in
771 2286 820 2334 quo
831 2287 905 2320 sensu
918 2273 1023 2322 veritate
1035 2272 1139 2321 nitetur.
1167 2271 1220 2322 Isto
1231 2272 1361 2337 siquidem

323 2352 399 2402 verbo
416 2352 508 2418 [‘Vere
527 2352 607 2410 eredo,
628 2357 654 2400 et
675 2357 742 2401 certa
761 2353 914 2402 conscientie
930 2357 1011 2410 teneo,
1026 2352 1094 2416 qnod
1107 2368 1188 2416 noque
1204 2352 1282 2416 Papa,
1296 2354 1362 2420 ese]

325 2449 377 2484 non
388 2438 447 2484 sunt
456 2433 645 2492 conditionalis,
653 2433 697 2482 sed
708 2433 938 2498 obsolute—[Bell.
947 2432 1020 2498 Apol.
1033 2449 1078 2498 pro
1086 2433 1174 2498 Resp]
1187 2450 1212 2498 p.
1221 2438 1278 2486 201.
1291 2435 1363 2500 [Op.,

325 2520 387 2565 tom.
399 2516 442 2565 vii.
455 2516 500 2566 eol.
512 2517 567 2567 817.
580 2515 607 2564 Β.
618 2513 655 2578 0.]

96 2664 250 2730 [esnone
306 2648 358 2712 Ad
378 2649 538 2711 Nonum&
584 2648 707 2711 Mirum
728 2656 846 2726 autem,
866 2651 974 2731 nepori
996 2651 1029 2711 in
1052 2650 1234 2712 loramento
1252 2657 1363 2731 potes-

94 2730 249 2844 }{fflffi
263 2757 358 2815 totoni
378 2752 507 2833 lipondi,
529 2751 564 2813 in
586 2772 649 2835 quo
670 2752 842 2834 propositio
864 2760 972 2815 temen
996 2752 1085 2814 nulln
1108 2752 1158 2829 sit,
1180 2773 1251 2835 quae
1272 2753 1362 2816 illam

95 2859 181 2922 gandi,
193 2864 248 2935 tum
262 2862 366 2936 neget.
414 2854 477 2917 Sed
497 2875 579 2918 noro
594 2854 689 2917 modo
705 2861 845 2936 nepotur,
863 2877 928 2918 non
951 2877 1009 2938 per
1026 2856 1227 2918 assertoriom
1243 2878 1363 2938 propo·

96 2923 237 3052 ffiffss]
260 2957 402 3017 sitionem
417 2954 526 3032 ullam,
544 2954 598 3017 sed
612 2975 670 3035 per
681 2954 857 3017 Jnromenti
864 2955 1043 3037 formulam..
1088 2956 1218 3019 Notum
1237 2958 1357 3037 (credo)

260 3057 400 3140 negandi
416 3079 525 3140 genus,
536 3079 596 3138 per
607 3057 781 3138 formulam
795 3080 922 3141 negare.
968 3061 1065 3137 Nam,
1085 3061 1144 3132 Qui
1157 3060 1251 3141 jorot
1268 3063 1363 3142 pori-

261 3167 364 3224 torum
378 3182 411 3224 se
425 3162 514 3243 Repi,
530 3183 590 3224 non
605 3162 744 3225 obstante
758 3164 910 3224 sententio
925 3163 1274 3242 &communicationis
1292 3186 1362 3228 cen-

260 3271 345 3327 setor
359 3285 475 3347 nepore
483 3271 670 3346 potestatem
686 3266 805 3346 lipondi
816 3265 1037 3347 Apostolieont.
1072 3267 1117 3328 At
1130 3266 1169 3329 de
1178 3268 1363 3348 Apostolieo

260 3369 342 3430 nihil
357 3368 422 3431 illie
436 3367 487 3430 vel
502 3368 662 3445 asseritur,
675 3368 725 3431 vel
740 3380 897 3450 negatur:
915 3368 1116 3449 Pontificiom
1128 3369 1232 3433 dicere
1247 3371 1362 3434 voluit.

260 3472 310 3533 Ao
319 3472 492 3552 propositio
506 3473 633 3554 quidem
649 3493 793 3554 expresse
806 3472 988 3534 continetur
1003 3473 1036 3534 in
1045 3473 1228 3535 loramento
1241 3501 1251 3544 ,·
1268 3496 1365 3555 nepo·

262 3577 306 3637 tio
327 3597 400 3639 vero
424 3598 483 3639 nee
505 3598 544 3639 er
567 3582 774 3657 consequente.
822 3577 921 3639 Recte
943 3576 1044 3658 igitur
1066 3577 1146 3639 dixit
1172 3577 1362 3656 Cardinalis,

265 3679 412 3740 Censetur
427 3700 548 3760 inpare.
594 3680 665 3742 Nec
681 3679 766 3742 onim
783 3686 884 3760 nepot.
907 3681 999 3742 ·Non
1016 3680 1101 3742 enim
1118 3685 1210 3762 nepot
1225 3680 1260 3742 in
1277 3682 1364 3744 Pon-

262 3780 347 3843 tifiee
377 3782 498 3863 ligandi
528 3792 729 3864 potestatem,
758 3784 811 3865 qui
836 3783 1111 3847 excommunicare
1134 3805 1224 3866 posse
1250 3786 1363 3867 ponit;

263 3890 355 3964 nepot
374 3905 513 3966 eousque
536 3886 695 3967 porrigere
719 3908 751 3947 se
774 3874 934 3968 ligaminis
949 3886 1023 3964 vim,
1041 3895 1077 3949 ut
1092 3887 1185 3950 officii
1207 3887 1365 3969 ligaturas

263 3988 379 4050 solvat:
404 4008 462 4049 neo
484 3987 584 4070 ligure
599 3987 731 4050 omnino
747 3998 852 4071 negat,
877 3989 931 4052 sed
952 4011 1091 4073 eousque
1113 3990 1222 4072 ligare,
1244 3998 1281 4052 ut
1304 4014 1364 4074 pro

262 4092 411 4172 Principe
432 4090 549 4154 habere
565 4091 612 4153 vel
630 4093 729 4153 Patre
744 4113 809 4153 non
824 4092 928 4169 licent,
946 4093 1012 4155 eive
1028 4114 1148 4175 parere,
1166 4093 1219 4175 qui
1235 4115 1365 4157 exeom-

262 4194 444 4256 municatns
461 4194 510 4255 sit.
545 4195 653 4275 Negat
667 4195 785 4275 ‘lipare
797 4195 884 4255 istud
892 4197 900 4224 '
918 4195 1044 4257 vincula
1054 4197 1187 4258 Naturae
1200 4197 1363 4262 revellere.

294 4379 619 4444 ·'[Videltlendno.'lorti
638 4379 785 4428 refutatae}
833 4380 925 4428 Potin:
955 4392 980 4429 et
1006 4380 1067 4428 Bell.
1092 4380 1146 4442 Op,
1171 4387 1231 4429 tom.
1248 4382 1291 4430 ni.
1316 4383 1364 4433 eol.

220 4458 227 4467 '
261 4446 320 4495 cole.
335 4445 431 4494 Praens
447 4445 536 4494 ilonit.
555 4460 578 4506 p.
592 4444 657 4507 182]
832 4445 939 4506 itiitt'l

295 4519 304 4540 ¹
323 4510 400 4574 [Vide
414 4510 529 4574 [leniens.
543 4510 613 4557 'loni
627 4525 650 4573 p.
661 4513 698 4558 35.
720 4509 785 4557 lidii.
