<?xml version="1.0" encoding="UTF-8"?>
<!DOCTYPE html PUBLIC "-//W3C//DTD XHTML 1.0 Transitional//EN"
    "http://www.w3.org/TR/xhtml1/DTD/xhtml1-transitional.dtd">
<html xmlns="http://www.w3.org/1999/xhtml" xml:lang="en" lang="en">
 <head>
  <title>
</title>
<meta http-equiv="Content-Type" content="text/html;charset=utf-8" />
  <meta name='ocr-system' content='tesseract 3.04.00' />
  <meta name='ocr-capabilities' content='ocr_page ocr_carea ocr_par ocr_line ocrx_word'/>
</head>
<body>
  <div class='ocr_page' id='page_1' title='image "./responsioadapol00andrgoog_0505.png"; bbox 0 0 2910 4926; ppageno 0'>
   <div class='ocr_carea' id='block_1_1' title="bbox 275 277 1065 340">
    <p class='ocr_par' dir='ltr' id='par_1_1' title="bbox 275 277 1065 340">
     <span class='ocr_line' id='line_1_1' title="bbox 275 277 1065 340; baseline -0.004 0"><span class='ocrx_word' id='word_1_1' title='bbox 275 277 340 340; x_wconf 76' lang='lat'><strong>462</strong></span> <span class='ocrx_word' id='word_1_2' title='bbox 587 290 630 338; x_wconf 85' lang='lat' dir='ltr'><strong>sn</strong></span> <span class='ocrx_word' id='word_1_3' title='bbox 653 288 845 339; x_wconf 80' lang='lat' dir='ltr'><strong>ossumsus</strong></span> <span class='ocrx_word' id='word_1_4' title='bbox 865 289 1065 339; x_wconf 74' lang='lat' dir='ltr'><strong>smnmrur</strong></span> 
     </span>
    </p>
   </div>
   <div class='ocr_carea' id='block_1_2' title="bbox 153 440 1382 528">
    <p class='ocr_par' dir='ltr' id='par_1_2' title="bbox 153 440 1382 528">
     <span class='ocr_line' id='line_1_2' title="bbox 153 440 1382 528; baseline -0.006 -18"><span class='ocrx_word' id='word_1_5' title='bbox 153 461 217 523; x_wconf 86' lang='lat'><strong>335</strong></span> <span class='ocrx_word' id='word_1_6' title='bbox 277 444 358 528; x_wconf 82' lang='lat' dir='ltr'><strong>(ipsa</strong></span> <span class='ocrx_word' id='word_1_7' title='bbox 371 465 438 507; x_wconf 89' lang='lat' dir='ltr'><strong>non</strong></span> <span class='ocrx_word' id='word_1_8' title='bbox 455 445 627 526; x_wconf 69' lang='lat' dir='ltr'><strong>catholica)</strong></span> <span class='ocrx_word' id='word_1_9' title='bbox 645 445 775 528; x_wconf 89' lang='lat' dir='ltr'><strong>penitus</strong></span> <span class='ocrx_word' id='word_1_10' title='bbox 788 445 957 528; x_wconf 85' lang='lat' dir='ltr'><strong>ignorarit.</strong></span> <span class='ocrx_word' id='word_1_11' title='bbox 990 443 1102 508; x_wconf 83' lang='lat' dir='ltr'>Habet</span> <span class='ocrx_word' id='word_1_12' title='bbox 1116 462 1191 525; x_wconf 88' lang='lat' dir='ltr'><strong>ergo</strong></span> <span class='ocrx_word' id='word_1_13' title='bbox 1205 448 1278 505; x_wconf 84' lang='lat' dir='ltr'><strong>tota</strong></span> <span class='ocrx_word' id='word_1_14' title='bbox 1292 440 1382 524; x_wconf 93' lang='lat' dir='ltr'><strong>quod</strong></span> 
     </span>
    </p>
   </div>
   <div class='ocr_carea' id='block_1_3' title="bbox 272 544 1381 1250">
    <p class='ocr_par' dir='ltr' id='par_1_3' title="bbox 272 544 1381 1250">
     <span class='ocr_line' id='line_1_3' title="bbox 273 544 1381 631; baseline -0.005 -20"><span class='ocrx_word' id='word_1_15' title='bbox 273 556 383 611; x_wconf 88' lang='lat' dir='ltr'><strong>mente</strong></span> <span class='ocrx_word' id='word_1_16' title='bbox 396 547 491 631; x_wconf 89' lang='lat' dir='ltr'><strong>petiit</strong></span> <span class='ocrx_word' id='word_1_17' title='bbox 506 547 696 611; x_wconf 79' lang='lat' dir='ltr'><strong>cardinalis.</strong></span> <span class='ocrx_word' id='word_1_18' title='bbox 733 548 912 631; x_wconf 86' lang='lat' dir='ltr'><strong>Requisivit</strong></span> <span class='ocrx_word' id='word_1_19' title='bbox 930 548 1088 630; x_wconf 74' lang='lat' dir='ltr'><strong>Majorum</strong></span> <span class='ocrx_word' id='word_1_20' title='bbox 1101 565 1227 609; x_wconf 72' lang='lat' dir='ltr'><strong>sumum</strong></span> <span class='ocrx_word' id='word_1_21' title='bbox 1240 544 1381 626; x_wconf 78' lang='lat' dir='ltr'><strong>vestigia</strong></span> 
     </span>
     <span class='ocr_line' id='line_1_4' title="bbox 275 646 1380 734; baseline -0.005 -20"><span class='ocrx_word' id='word_1_22' title='bbox 275 651 356 729; x_wconf 87' lang='lat' dir='ltr'><strong>Rex,</strong></span> <span class='ocrx_word' id='word_1_23' title='bbox 373 650 515 734; x_wconf 82' lang='lat' dir='ltr'><strong>adeoque</strong></span> <span class='ocrx_word' id='word_1_24' title='bbox 537 659 612 714; x_wconf 87' lang='lat' dir='ltr'><strong>ante</strong></span> <span class='ocrx_word' id='word_1_25' title='bbox 628 671 739 714; x_wconf 89' lang='lat' dir='ltr'><strong>omnes</strong></span> <span class='ocrx_word' id='word_1_26' title='bbox 755 651 896 716; x_wconf 89' lang='lat' dir='ltr'><strong>Donaldi</strong></span> <span class='ocrx_word' id='word_1_27' title='bbox 904 676 914 729; x_wconf 82' lang='lat'>3</span> <span class='ocrx_word' id='word_1_28' title='bbox 938 650 979 713; x_wconf 88' lang='lat' dir='ltr'><strong>ad</strong></span> <span class='ocrx_word' id='word_1_29' title='bbox 999 671 1038 714; x_wconf 87' lang='lat' dir='ltr'><strong>ea</strong></span> <span class='ocrx_word' id='word_1_30' title='bbox 1057 648 1163 726; x_wconf 88' lang='lat' dir='ltr'><strong>rediit,</strong></span> <span class='ocrx_word' id='word_1_31' title='bbox 1180 647 1221 711; x_wconf 88' lang='lat' dir='ltr'><strong>ad</strong></span> <span class='ocrx_word' id='word_1_32' title='bbox 1237 668 1286 725; x_wconf 89' lang='lat' dir='ltr'><strong>ea,</strong></span> <span class='ocrx_word' id='word_1_33' title='bbox 1302 646 1380 709; x_wconf 84' lang='lat' dir='ltr'><strong>reii-</strong></span> 
     </span>
     <span class='ocr_line' id='line_1_5' title="bbox 275 749 1380 836; baseline -0.005 -19"><span class='ocrx_word' id='word_1_34' title='bbox 275 774 367 836; x_wconf 93' lang='lat' dir='ltr'><strong>quos,</strong></span> <span class='ocrx_word' id='word_1_35' title='bbox 384 774 493 817; x_wconf 88' lang='lat' dir='ltr'><strong>seeum</strong></span> <span class='ocrx_word' id='word_1_36' title='bbox 513 761 550 816; x_wconf 92' lang='lat' dir='ltr'><strong>ut</strong></span> <span class='ocrx_word' id='word_1_37' title='bbox 568 752 710 833; x_wconf 84' lang='lat' dir='ltr'><strong>redeant,</strong></span> <span class='ocrx_word' id='word_1_38' title='bbox 727 754 876 817; x_wconf 85' lang='lat' dir='ltr'><strong>hortatur</strong></span> <span class='ocrx_word' id='word_1_39' title='bbox 890 753 1011 817; x_wconf 82' lang='lat' dir='ltr'><strong>sedulo.</strong></span> <span class='ocrx_word' id='word_1_40' title='bbox 1057 754 1126 816; x_wconf 85' lang='lat' dir='ltr'><strong>Rex</strong></span> <span class='ocrx_word' id='word_1_41' title='bbox 1140 771 1216 814; x_wconf 87' lang='lat' dir='ltr'><strong>vero</strong></span> <span class='ocrx_word' id='word_1_42' title='bbox 1228 749 1306 813; x_wconf 89' lang='lat' dir='ltr'><strong>talis</strong></span> <span class='ocrx_word' id='word_1_43' title='bbox 1321 769 1380 832; x_wconf 90' lang='lat' dir='ltr'><strong>per</strong></span> 
     </span>
     <span class='ocr_line' id='line_1_6' title="bbox 273 854 1379 939; baseline -0.004 -19"><span class='ocrx_word' id='word_1_44' title='bbox 273 856 382 921; x_wconf 84' lang='lat' dir='ltr'><strong>omnia</strong></span> <span class='ocrx_word' id='word_1_45' title='bbox 402 857 507 920; x_wconf 86' lang='lat' dir='ltr'><strong>factus</strong></span> <span class='ocrx_word' id='word_1_46' title='bbox 529 864 588 934; x_wconf 88' lang='lat' dir='ltr'><strong>est,</strong></span> <span class='ocrx_word' id='word_1_47' title='bbox 610 856 713 939; x_wconf 91' lang='lat' dir='ltr'><strong>qualis</strong></span> <span class='ocrx_word' id='word_1_48' title='bbox 736 857 903 921; x_wconf 88' lang='lat' dir='ltr'><strong>Donaldus</strong></span> <span class='ocrx_word' id='word_1_49' title='bbox 926 856 1058 939; x_wconf 90' lang='lat' dir='ltr'><strong>primus,</strong></span> <span class='ocrx_word' id='word_1_50' title='bbox 1078 855 1187 938; x_wconf 85' lang='lat' dir='ltr'><strong>quales</strong></span> <span class='ocrx_word' id='word_1_51' title='bbox 1208 859 1284 936; x_wconf 87' lang='lat' dir='ltr'><strong>post</strong></span> <span class='ocrx_word' id='word_1_52' title='bbox 1309 854 1379 917; x_wconf 89' lang='lat' dir='ltr'><strong>Do·</strong></span> 
     </span>
     <span class='ocr_line' id='line_1_7' title="bbox 272 956 1380 1043; baseline -0.003 -20"><span class='ocrx_word' id='word_1_53' title='bbox 272 960 407 1023; x_wconf 90' lang='lat' dir='ltr'><strong>nsldum</strong></span> <span class='ocrx_word' id='word_1_54' title='bbox 421 959 597 1043; x_wconf 88' lang='lat' dir='ltr'><strong>permulta</strong></span> <span class='ocrx_word' id='word_1_55' title='bbox 612 960 729 1023; x_wconf 86' lang='lat' dir='ltr'><strong>saecula</strong></span> <span class='ocrx_word' id='word_1_56' title='bbox 744 961 848 1043; x_wconf 83' lang='lat' dir='ltr'><strong>Reges</strong></span> <span class='ocrx_word' id='word_1_57' title='bbox 864 960 1091 1023; x_wconf 84' lang='lat' dir='ltr'><strong>Antecessores</strong></span> <span class='ocrx_word' id='word_1_58' title='bbox 1106 958 1165 1021; x_wconf 91' lang='lat' dir='ltr'><strong>sui.</strong></span> <span class='ocrx_word' id='word_1_59' title='bbox 1213 956 1300 1020; x_wconf 88' lang='lat' dir='ltr'><strong>Satis</strong></span> <span class='ocrx_word' id='word_1_60' title='bbox 1315 956 1380 1020; x_wconf 87' lang='lat' dir='ltr'><strong>boc</strong></span> 
     </span>
     <span class='ocr_line' id='line_1_8' title="bbox 274 1061 1378 1148; baseline -0.004 -21"><span class='ocrx_word' id='word_1_61' title='bbox 274 1064 404 1147; x_wconf 91' lang='lat' dir='ltr'><strong>quidem</strong></span> <span class='ocrx_word' id='word_1_62' title='bbox 419 1070 554 1142; x_wconf 84' lang='lat' dir='ltr'><strong>constat,</strong></span> <span class='ocrx_word' id='word_1_63' title='bbox 571 1084 642 1146; x_wconf 82' lang='lat' dir='ltr'><strong>quse</strong></span> <span class='ocrx_word' id='word_1_64' title='bbox 658 1065 728 1127; x_wconf 86' lang='lat' dir='ltr'><strong>Rex</strong></span> <span class='ocrx_word' id='word_1_65' title='bbox 741 1064 787 1127; x_wconf 93' lang='lat' dir='ltr'><strong>ibi</strong></span> <span class='ocrx_word' id='word_1_66' title='bbox 809 1063 924 1148; x_wconf 89' lang='lat' dir='ltr'><strong>rejicit,</strong></span> <span class='ocrx_word' id='word_1_67' title='bbox 940 1063 1053 1146; x_wconf 87' lang='lat' dir='ltr'><strong>ignota</strong></span> <span class='ocrx_word' id='word_1_68' title='bbox 1073 1071 1147 1125; x_wconf 93' lang='lat' dir='ltr'><strong>tum</strong></span> <span class='ocrx_word' id='word_1_69' title='bbox 1169 1061 1234 1124; x_wconf 91' lang='lat' dir='ltr'><strong>iliis</strong></span> <span class='ocrx_word' id='word_1_70' title='bbox 1257 1061 1378 1124; x_wconf 81' lang='lat' dir='ltr'><strong>fuisse:</strong></span> 
     </span>
     <span class='ocr_line' id='line_1_9' title="bbox 273 1164 1378 1250; baseline -0.004 -19"><span class='ocrx_word' id='word_1_71' title='bbox 273 1167 421 1250; x_wconf 91' lang='lat' dir='ltr'><strong>quodque</strong></span> <span class='ocrx_word' id='word_1_72' title='bbox 441 1167 482 1230; x_wconf 82' lang='lat' dir='ltr'><strong>ad</strong></span> <span class='ocrx_word' id='word_1_73' title='bbox 501 1189 548 1244; x_wconf 87' lang='lat' dir='ltr'><strong>ea,</strong></span> <span class='ocrx_word' id='word_1_74' title='bbox 565 1167 592 1229; x_wconf 91' lang='lat' dir='ltr'><strong>si</strong></span> <span class='ocrx_word' id='word_1_75' title='bbox 607 1187 717 1231; x_wconf 88' lang='lat' dir='ltr'><strong>corum</strong></span> <span class='ocrx_word' id='word_1_76' title='bbox 734 1167 805 1249; x_wconf 91' lang='lat' dir='ltr'><strong>quis</strong></span> <span class='ocrx_word' id='word_1_77' title='bbox 820 1187 940 1231; x_wconf 91' lang='lat' dir='ltr'><strong>nomen</strong></span> <span class='ocrx_word' id='word_1_78' title='bbox 955 1167 1162 1241; x_wconf 82' lang='lat' dir='ltr'><strong>nominasset,</strong></span> <span class='ocrx_word' id='word_1_79' title='bbox 1177 1165 1248 1249; x_wconf 89' lang='lat' dir='ltr'><strong>ipso</strong></span> <span class='ocrx_word' id='word_1_80' title='bbox 1263 1164 1378 1228; x_wconf 89' lang='lat' dir='ltr'><strong>statim</strong></span> 
     </span>
    </p>
   </div>
   <div class='ocr_carea' id='block_1_4' title="bbox 208 1270 650 1361">
    <p class='ocr_par' dir='ltr' id='par_1_4' title="bbox 208 1270 650 1361">
     <span class='ocr_line' id='line_1_10' title="bbox 208 1270 650 1361; baseline -0.002 -27"><span class='ocrx_word' id='word_1_81' title='bbox 208 1353 212 1361; x_wconf 28' lang='grc' dir='ltr'>Ι</span> <span class='ocrx_word' id='word_1_82' title='bbox 273 1270 387 1334; x_wconf 87' lang='lat' dir='ltr'><strong>auditu</strong></span> <span class='ocrx_word' id='word_1_83' title='bbox 401 1271 650 1354; x_wconf 81' lang='lat' dir='ltr'><strong>obstupuissent.</strong></span> 
     </span>
    </p>
   </div>
   <div class='ocr_carea' id='block_1_5' title="bbox 123 2106 194 2157">
    <p class='ocr_par' dir='ltr' id='par_1_5' title="bbox 123 2106 194 2157">
     <span class='ocr_line' id='line_1_11' title="bbox 123 2106 194 2157; baseline 0 0"><span class='ocrx_word' id='word_1_84' title='bbox 123 2106 194 2157; x_wconf 80' lang='lat' dir='ltr'><strong>Alios</strong></span> 
     </span>
    </p>
   </div>
   <div class='ocr_carea' id='block_1_6' title="bbox 305 1410 1380 2051">
    <p class='ocr_par' dir='ltr' id='par_1_6' title="bbox 305 1410 1380 2051">
     <span class='ocr_line' id='line_1_12' title="bbox 305 1410 1379 1478; baseline -0.007 -12"><span class='ocrx_word' id='word_1_85' title='bbox 305 1414 373 1466; x_wconf 85' lang='lat' dir='ltr'><strong>Satis</strong></span> <span class='ocrx_word' id='word_1_86' title='bbox 384 1416 453 1466; x_wconf 86' lang='lat' dir='ltr'><strong>enim</strong></span> <span class='ocrx_word' id='word_1_87' title='bbox 464 1418 565 1466; x_wconf 81' lang='lat' dir='ltr'><strong>constat</strong></span> <span class='ocrx_word' id='word_1_88' title='bbox 575 1415 668 1465; x_wconf 82' lang='lat' dir='ltr'><strong>Scotiae</strong></span> <span class='ocrx_word' id='word_1_89' title='bbox 679 1414 768 1478; x_wconf 81' lang='lat' dir='ltr'><strong>Reges,</strong></span> <span class='ocrx_word' id='word_1_90' title='bbox 776 1415 899 1478; x_wconf 75' lang='lat' dir='ltr'><strong>singulari</strong></span> <span class='ocrx_word' id='word_1_91' title='bbox 911 1414 960 1464; x_wconf 86' lang='lat' dir='ltr'><strong>Dei</strong></span> <span class='ocrx_word' id='word_1_92' title='bbox 970 1412 1147 1464; x_wconf 85' lang='lat' dir='ltr'><strong>benedictione</strong></span> <span class='ocrx_word' id='word_1_93' title='bbox 1158 1425 1293 1476; x_wconf 74' lang='lat' dir='ltr'><strong>perennes</strong></span> <span class='ocrx_word' id='word_1_94' title='bbox 1303 1410 1379 1460; x_wconf 88' lang='lat' dir='ltr'><strong>mille</strong></span> 
     </span>
     <span class='ocr_line' id='line_1_13' title="bbox 335 1492 1380 1556; baseline -0.006 -9"><span class='ocrx_word' id='word_1_95' title='bbox 335 1500 461 1547; x_wconf 85' lang='lat' dir='ltr'><strong>treoentos</strong></span> <span class='ocrx_word' id='word_1_96' title='bbox 477 1497 527 1547; x_wconf 86' lang='lat' dir='ltr'><strong>sibi</strong></span> <span class='ocrx_word' id='word_1_97' title='bbox 544 1497 654 1546; x_wconf 82' lang='lat' dir='ltr'><strong>invicem</strong></span> <span class='ocrx_word' id='word_1_98' title='bbox 670 1497 838 1556; x_wconf 83' lang='lat' dir='ltr'><strong>succedentes,</strong></span> <span class='ocrx_word' id='word_1_99' title='bbox 857 1495 1000 1546; x_wconf 80' lang='lat' dir='ltr'><strong>Catholicos</strong></span> <span class='ocrx_word' id='word_1_100' title='bbox 1017 1494 1101 1555; x_wconf 80' lang='lat' dir='ltr'><strong>fuisse,</strong></span> <span class='ocrx_word' id='word_1_101' title='bbox 1119 1507 1170 1543; x_wconf 93' lang='lat' dir='ltr'><strong>uno</strong></span> <span class='ocrx_word' id='word_1_102' title='bbox 1186 1492 1281 1542; x_wconf 79' lang='lat' dir='ltr'><strong>Jscobo</strong></span> <span class='ocrx_word' id='word_1_103' title='bbox 1298 1507 1380 1543; x_wconf 85' lang='lat' dir='ltr'><strong>..ex-</strong></span> 
     </span>
     <span class='ocr_line' id='line_1_14' title="bbox 338 1573 1380 1642; baseline -0.007 -13"><span class='ocrx_word' id='word_1_104' title='bbox 338 1583 409 1642; x_wconf 83' lang='lat' dir='ltr'><strong>cepto</strong></span> <span class='ocrx_word' id='word_1_105' title='bbox 411 1614 497 1628; x_wconf 89' lang='grc'><strong>.....</strong></span> <span class='ocrx_word' id='word_1_106' title='bbox 516 1578 612 1640; x_wconf 75' lang='lat' dir='ltr'><strong>Optimi</strong></span> <span class='ocrx_word' id='word_1_107' title='bbox 629 1578 717 1641; x_wconf 78' lang='lat' dir='ltr'><strong>igitur,</strong></span> <span class='ocrx_word' id='word_1_108' title='bbox 735 1578 801 1641; x_wconf 88' lang='lat' dir='ltr'><strong>quod</strong></span> <span class='ocrx_word' id='word_1_109' title='bbox 819 1577 851 1627; x_wconf 86' lang='lat' dir='ltr'><strong>dc</strong></span> <span class='ocrx_word' id='word_1_110' title='bbox 871 1577 975 1628; x_wconf 90' lang='lat' dir='ltr'><strong>illorum</strong></span> <span class='ocrx_word' id='word_1_111' title='bbox 994 1590 1094 1626; x_wconf 84' lang='lat' dir='ltr'><strong>summa</strong></span> <span class='ocrx_word' id='word_1_112' title='bbox 1112 1577 1206 1638; x_wconf 77' lang='lat' dir='ltr'><strong>pietate</strong></span> <span class='ocrx_word' id='word_1_113' title='bbox 1224 1578 1252 1624; x_wconf 87' lang='lat' dir='ltr'><strong>et</strong></span> <span class='ocrx_word' id='word_1_114' title='bbox 1270 1573 1380 1623; x_wconf 66' lang='lat' dir='ltr'><strong>osrimte</strong></span> 
     </span>
     <span class='ocr_line' id='line_1_15' title="bbox 336 1654 1380 1723; baseline -0.005 -14"><span class='ocrx_word' id='word_1_115' title='bbox 336 1659 444 1710; x_wconf 81' lang='lat' dir='ltr'><strong>fidenter</strong></span> <span class='ocrx_word' id='word_1_116' title='bbox 460 1674 593 1723; x_wconf 82' lang='lat' dir='ltr'><strong>praesumo,</strong></span> <span class='ocrx_word' id='word_1_117' title='bbox 607 1674 694 1710; x_wconf 86' lang='lat' dir='ltr'><strong>omues</strong></span> <span class='ocrx_word' id='word_1_118' title='bbox 711 1659 836 1709; x_wconf 78' lang='lat' dir='ltr'><strong>Catholici</strong></span> <span class='ocrx_word' id='word_1_119' title='bbox 854 1658 935 1722; x_wconf 82' lang='lat' dir='ltr'><strong>Reges</strong></span> <span class='ocrx_word' id='word_1_120' title='bbox 953 1662 981 1708; x_wconf 87' lang='lat' dir='ltr'><strong>ct</strong></span> <span class='ocrx_word' id='word_1_121' title='bbox 998 1658 1145 1721; x_wconf 88' lang='lat' dir='ltr'><strong>Principes.</strong></span> <span class='ocrx_word' id='word_1_122' title='bbox 1158 1693 1164 1705; x_wconf 93' lang='lat'><strong>.</strong></span> <span class='ocrx_word' id='word_1_123' title='bbox 1177 1692 1184 1706; x_wconf 92' lang='lat'><strong>.</strong></span> <span class='ocrx_word' id='word_1_124' title='bbox 1197 1654 1380 1716; x_wconf 83' lang='lat' dir='ltr'><strong>.,uthcobus</strong></span> 
     </span>
     <span class='ocr_line' id='line_1_16' title="bbox 337 1736 1379 1807; baseline -0.005 -16"><span class='ocrx_word' id='word_1_125' title='bbox 337 1740 392 1791; x_wconf 85' lang='lat' dir='ltr'><strong>Rex</strong></span> <span class='ocrx_word' id='word_1_126' title='bbox 407 1741 544 1805; x_wconf 73' lang='lat' dir='ltr'><strong>aliquando</strong></span> <span class='ocrx_word' id='word_1_127' title='bbox 561 1742 685 1807; x_wconf 78' lang='lat' dir='ltr'><strong>majorum</strong></span> <span class='ocrx_word' id='word_1_128' title='bbox 704 1756 805 1792; x_wconf 87' lang='lat' dir='ltr'><strong>suorum</strong></span> <span class='ocrx_word' id='word_1_129' title='bbox 817 1742 926 1804; x_wconf 73' lang='lat' dir='ltr'><strong>vestigia</strong></span> <span class='ocrx_word' id='word_1_130' title='bbox 942 1737 1196 1804; x_wconf 58' lang='lat' dir='ltr'><strong>requisitionem</strong></span> <span class='ocrx_word' id='word_1_131' title='bbox 1214 1751 1243 1788; x_wconf 79' lang='lat' dir='ltr'><strong>cs</strong></span> <span class='ocrx_word' id='word_1_132' title='bbox 1267 1736 1379 1796; x_wconf 85' lang='lat' dir='ltr'><strong>rediens,</strong></span> 
     </span>
     <span class='ocr_line' id='line_1_17' title="bbox 336 1819 1380 1886; baseline -0.004 -15"><span class='ocrx_word' id='word_1_133' title='bbox 336 1822 418 1886; x_wconf 80' lang='lat' dir='ltr'><strong>iisqne</strong></span> <span class='ocrx_word' id='word_1_134' title='bbox 432 1823 559 1883; x_wconf 80' lang='lat' dir='ltr'><strong>insistens,</strong></span> <span class='ocrx_word' id='word_1_135' title='bbox 570 1824 608 1874; x_wconf 81' lang='lat' dir='ltr'><strong>ita</strong></span> <span class='ocrx_word' id='word_1_136' title='bbox 617 1824 688 1873; x_wconf 76' lang='lat' dir='ltr'><strong>visst</strong></span> <span class='ocrx_word' id='word_1_137' title='bbox 700 1827 727 1873; x_wconf 89' lang='lat' dir='ltr'><strong>et</strong></span> <span class='ocrx_word' id='word_1_138' title='bbox 737 1827 827 1885; x_wconf 78' lang='lat' dir='ltr'><strong>regnet</strong></span> <span class='ocrx_word' id='word_1_139' title='bbox 838 1823 867 1872; x_wconf 94' lang='lat' dir='ltr'><strong>in</strong></span> <span class='ocrx_word' id='word_1_140' title='bbox 878 1822 997 1886; x_wconf 67' lang='lat' dir='ltr'><strong>presenti</strong></span> <span class='ocrx_word' id='word_1_141' title='bbox 1009 1821 1109 1881; x_wconf 79' lang='lat' dir='ltr'><strong>soeeulo,</strong></span> <span class='ocrx_word' id='word_1_142' title='bbox 1119 1823 1150 1869; x_wconf 87' lang='lat' dir='ltr'><strong>nt</strong></span> <span class='ocrx_word' id='word_1_143' title='bbox 1160 1820 1239 1869; x_wconf 83' lang='lat' dir='ltr'><strong>ctiam</strong></span> <span class='ocrx_word' id='word_1_144' title='bbox 1250 1819 1281 1868; x_wconf 91' lang='lat' dir='ltr'><strong>in</strong></span> <span class='ocrx_word' id='word_1_145' title='bbox 1289 1819 1380 1868; x_wconf 84' lang='lat' dir='ltr'><strong>futuro</strong></span> 
     </span>
     <span class='ocr_line' id='line_1_18' title="bbox 337 1900 1379 1968; baseline -0.005 -15"><span class='ocrx_word' id='word_1_146' title='bbox 337 1918 388 1954; x_wconf 81' lang='lat' dir='ltr'><strong>una</strong></span> <span class='ocrx_word' id='word_1_147' title='bbox 398 1918 456 1953; x_wconf 86' lang='lat' dir='ltr'><strong>cum</strong></span> <span class='ocrx_word' id='word_1_148' title='bbox 466 1904 529 1968; x_wconf 87' lang='lat' dir='ltr'><strong>ipsis</strong></span> <span class='ocrx_word' id='word_1_149' title='bbox 545 1906 574 1954; x_wconf 92' lang='lat' dir='ltr'><strong>in</strong></span> <span class='ocrx_word' id='word_1_150' title='bbox 590 1909 714 1954; x_wconf 74' lang='lat' dir='ltr'><strong>oeternum</strong></span> <span class='ocrx_word' id='word_1_151' title='bbox 725 1905 810 1955; x_wconf 82' lang='lat' dir='ltr'><strong>rivers</strong></span> <span class='ocrx_word' id='word_1_152' title='bbox 827 1908 902 1968; x_wconf 86' lang='lat' dir='ltr'><strong>atquc</strong></span> <span class='ocrx_word' id='word_1_153' title='bbox 920 1919 1025 1967; x_wconf 80' lang='lat' dir='ltr'><strong>regnare</strong></span> <span class='ocrx_word' id='word_1_154' title='bbox 1041 1900 1288 1964; x_wconf 77' lang='lat' dir='ltr'><strong>mereatur—[Beli</strong></span> <span class='ocrx_word' id='word_1_155' title='bbox 1301 1901 1379 1966; x_wconf 84' lang='lat' dir='ltr'><strong>Apol.</strong></span> 
     </span>
     <span class='ocr_line' id='line_1_19' title="bbox 337 1983 1113 2051; baseline -0.003 -16"><span class='ocrx_word' id='word_1_156' title='bbox 337 1999 383 2048; x_wconf 88' lang='lat' dir='ltr'><strong>pro</strong></span> <span class='ocrx_word' id='word_1_157' title='bbox 394 1984 479 2049; x_wconf 83' lang='lat' dir='ltr'><strong>Resp]</strong></span> <span class='ocrx_word' id='word_1_158' title='bbox 496 2001 522 2050; x_wconf 88' lang='lat' dir='ltr'><strong>p.</strong></span> <span class='ocrx_word' id='word_1_159' title='bbox 533 1988 589 2036; x_wconf 81' lang='grc'><strong>189.</strong></span> <span class='ocrx_word' id='word_1_160' title='bbox 607 1986 674 2051; x_wconf 89' lang='lat' dir='ltr'><strong>[Op.,</strong></span> <span class='ocrx_word' id='word_1_161' title='bbox 691 1990 753 2036; x_wconf 90' lang='lat' dir='ltr'><strong>tom.</strong></span> <span class='ocrx_word' id='word_1_162' title='bbox 765 1987 809 2036; x_wconf 85' lang='lat' dir='ltr'><strong>rii.</strong></span> <span class='ocrx_word' id='word_1_163' title='bbox 827 1986 883 2036; x_wconf 84' lang='lat' dir='ltr'><strong>coll</strong></span> <span class='ocrx_word' id='word_1_164' title='bbox 897 1988 953 2037; x_wconf 84' lang='lat'><strong>810.</strong></span> <span class='ocrx_word' id='word_1_165' title='bbox 963 1985 994 2036; x_wconf 93' lang='lat' dir='ltr'><strong>D.</strong></span> <span class='ocrx_word' id='word_1_166' title='bbox 1007 1987 1063 2035; x_wconf 85' lang='lat'><strong>811.</strong></span> <span class='ocrx_word' id='word_1_167' title='bbox 1070 1983 1113 2048; x_wconf 82' lang='lat' dir='ltr'><strong>A.]</strong></span> 
     </span>
    </p>
   </div>
   <div class='ocr_carea' id='block_1_7' title="bbox 319 2099 1378 2179">
    <p class='ocr_par' dir='ltr' id='par_1_7' title="bbox 319 2099 1378 2179">
     <span class='ocr_line' id='line_1_20' title="bbox 319 2099 1378 2179; baseline -0.005 -12"><span class='ocrx_word' id='word_1_168' title='bbox 319 2102 400 2167; x_wconf 80' lang='lat' dir='ltr'><strong>Quae</strong></span> <span class='ocrx_word' id='word_1_169' title='bbox 421 2102 493 2166; x_wconf 90' lang='lat' dir='ltr'><strong>illos</strong></span> <span class='ocrx_word' id='word_1_170' title='bbox 510 2110 582 2165; x_wconf 89' lang='lat' dir='ltr'><strong>tum</strong></span> <span class='ocrx_word' id='word_1_171' title='bbox 600 2102 703 2167; x_wconf 85' lang='lat' dir='ltr'><strong>fecere</strong></span> <span class='ocrx_word' id='word_1_172' title='bbox 721 2104 907 2179; x_wconf 74' lang='lat' dir='ltr'><strong>Catholieos,</strong></span> <span class='ocrx_word' id='word_1_173' title='bbox 924 2124 962 2166; x_wconf 90' lang='lat' dir='ltr'><strong>ea</strong></span> <span class='ocrx_word' id='word_1_174' title='bbox 984 2103 1053 2165; x_wconf 90' lang='lat' dir='ltr'><strong>Rex</strong></span> <span class='ocrx_word' id='word_1_175' title='bbox 1075 2100 1116 2164; x_wconf 89' lang='lat' dir='ltr'><strong>ad</strong></span> <span class='ocrx_word' id='word_1_176' title='bbox 1137 2121 1240 2163; x_wconf 91' lang='lat' dir='ltr'><strong>unum</strong></span> <span class='ocrx_word' id='word_1_177' title='bbox 1263 2099 1378 2177; x_wconf 88' lang='lat' dir='ltr'><strong>credit,</strong></span> 
     </span>
    </p>
   </div>
   <div class='ocr_carea' id='block_1_8' title="bbox 110 2187 1380 2288">
    <p class='ocr_par' dir='ltr' id='par_1_8' title="bbox 110 2187 1380 2288">
     <span class='ocr_line' id='line_1_21' title="bbox 110 2187 1380 2288; baseline -0.006 -18"><span class='ocrx_word' id='word_1_178' title='bbox 110 2234 168 2285; x_wconf 62' lang='lat' dir='ltr'><strong>dm</strong></span> <span class='ocrx_word' id='word_1_179' title='bbox 177 2187 260 2286; x_wconf 43' lang='grc' dir='ltr'><strong>,ἐξ</strong></span> <span class='ocrx_word' id='word_1_180' title='bbox 274 2210 306 2267; x_wconf 85' lang='lat' dir='ltr'><strong>et</strong></span> <span class='ocrx_word' id='word_1_181' title='bbox 328 2205 499 2267; x_wconf 88' lang='lat' dir='ltr'><strong>confitetur</strong></span> <span class='ocrx_word' id='word_1_182' title='bbox 522 2205 650 2268; x_wconf 87' lang='lat' dir='ltr'><strong>omnia:</strong></span> <span class='ocrx_word' id='word_1_183' title='bbox 674 2212 786 2288; x_wconf 88' lang='lat' dir='ltr'><strong>estque</strong></span> <span class='ocrx_word' id='word_1_184' title='bbox 808 2206 928 2268; x_wconf 75' lang='lat' dir='ltr'><strong>Primis</strong></span> <span class='ocrx_word' id='word_1_185' title='bbox 950 2205 1014 2267; x_wconf 88' lang='lat' dir='ltr'><strong>illis</strong></span> <span class='ocrx_word' id='word_1_186' title='bbox 1036 2203 1149 2281; x_wconf 88' lang='lat' dir='ltr'><strong>multo,</strong></span> <span class='ocrx_word' id='word_1_187' title='bbox 1172 2222 1269 2284; x_wconf 91' lang='lat' dir='ltr'><strong>quam</strong></span> <span class='ocrx_word' id='word_1_188' title='bbox 1288 2204 1380 2264; x_wconf 80' lang='lat' dir='ltr'><strong>Avus</strong></span> 
     </span>
    </p>
   </div>
   <div class='ocr_carea' id='block_1_9' title="bbox 110 2301 1379 2387">
    <p class='ocr_par' dir='ltr' id='par_1_9' title="bbox 110 2301 1379 2387">
     <span class='ocr_line' id='line_1_22' title="bbox 110 2301 1379 2387; baseline 0.002 -21"><span class='ocrx_word' id='word_1_189' title='bbox 110 2301 178 2350; x_wconf 66' lang='lat' dir='ltr'><strong>Vim</strong></span> <span class='ocrx_word' id='word_1_190' title='bbox 188 2301 255 2352; x_wconf 78' lang='lat' dir='ltr'><strong>inire</strong></span> <span class='ocrx_word' id='word_1_191' title='bbox 274 2308 461 2387; x_wconf 71' lang='lat' dir='ltr'><strong>Proaocoeve,</strong></span> <span class='ocrx_word' id='word_1_192' title='bbox 485 2308 628 2372; x_wconf 87' lang='lat' dir='ltr'><strong>similior.</strong></span> <span class='ocrx_word' id='word_1_193' title='bbox 676 2310 764 2372; x_wconf 82' lang='lat' dir='ltr'><strong>Satis</strong></span> <span class='ocrx_word' id='word_1_194' title='bbox 785 2310 866 2371; x_wconf 82' lang='lat' dir='ltr'><strong>enim</strong></span> <span class='ocrx_word' id='word_1_195' title='bbox 890 2314 1020 2385; x_wconf 77' lang='lat' dir='ltr'><strong>constat,</strong></span> <span class='ocrx_word' id='word_1_196' title='bbox 1037 2308 1159 2384; x_wconf 69' lang='lat' dir='ltr'><strong>Scotto,</strong></span> <span class='ocrx_word' id='word_1_197' title='bbox 1183 2326 1244 2369; x_wconf 90' lang='lat' dir='ltr'><strong>nec</strong></span> <span class='ocrx_word' id='word_1_198' title='bbox 1264 2306 1379 2369; x_wconf 77' lang='lat' dir='ltr'><strong>Scotioe</strong></span> 
     </span>
    </p>
   </div>
   <div class='ocr_carea' id='block_1_10' title="bbox 109 2364 207 2430">
    <p class='ocr_par' dir='ltr' id='par_1_10' title="bbox 109 2364 207 2430">
     <span class='ocr_line' id='line_1_23' title="bbox 109 2364 207 2430; baseline 0.01 -16"><span class='ocrx_word' id='word_1_199' title='bbox 109 2364 207 2430; x_wconf 76' lang='lat' dir='ltr'><strong>voluit]</strong></span> 
     </span>
    </p>
   </div>
   <div class='ocr_carea' id='block_1_11' title="bbox 273 2408 1379 3626">
    <p class='ocr_par' dir='ltr' id='par_1_11' title="bbox 273 2408 1379 3626">
     <span class='ocr_line' id='line_1_24' title="bbox 273 2408 1379 2494; baseline -0.002 -22"><span class='ocrx_word' id='word_1_200' title='bbox 273 2410 380 2489; x_wconf 91' lang='lat' dir='ltr'><strong>mod0,</strong></span> <span class='ocrx_word' id='word_1_201' title='bbox 411 2411 467 2473; x_wconf 89' lang='lat' dir='ltr'><strong>sed</strong></span> <span class='ocrx_word' id='word_1_202' title='bbox 495 2410 635 2494; x_wconf 92' lang='lat' dir='ltr'><strong>reliquos</strong></span> <span class='ocrx_word' id='word_1_203' title='bbox 669 2411 768 2474; x_wconf 87' lang='lat' dir='ltr'><strong>etiam</strong></span> <span class='ocrx_word' id='word_1_204' title='bbox 798 2412 903 2494; x_wconf 86' lang='lat' dir='ltr'><strong>Reges</strong></span> <span class='ocrx_word' id='word_1_205' title='bbox 933 2411 1138 2486; x_wconf 74' lang='lat' dir='ltr'><strong>Christianos,</strong></span> <span class='ocrx_word' id='word_1_206' title='bbox 1168 2429 1225 2491; x_wconf 89' lang='lat' dir='ltr'><strong>per</strong></span> <span class='ocrx_word' id='word_1_207' title='bbox 1255 2408 1379 2491; x_wconf 89' lang='lat' dir='ltr'><strong>aliquot</strong></span> 
     </span>
     <span class='ocr_line' id='line_1_25' title="bbox 274 2511 1377 2594; baseline -0.002 -20"><span class='ocrx_word' id='word_1_208' title='bbox 274 2512 398 2592; x_wconf 85' lang='lat' dir='ltr'><strong>saecula,</strong></span> <span class='ocrx_word' id='word_1_209' title='bbox 422 2513 482 2575; x_wconf 80' lang='lat' dir='ltr'><strong>eibi</strong></span> <span class='ocrx_word' id='word_1_210' title='bbox 508 2514 637 2576; x_wconf 78' lang='lat' dir='ltr'><strong>invicem</strong></span> <span class='ocrx_word' id='word_1_211' title='bbox 662 2514 867 2591; x_wconf 78' lang='lat' dir='ltr'><strong>succedentes,</strong></span> <span class='ocrx_word' id='word_1_212' title='bbox 888 2514 1044 2594; x_wconf 73' lang='lat' dir='ltr'><strong>singulari</strong></span> <span class='ocrx_word' id='word_1_213' title='bbox 1065 2512 1127 2575; x_wconf 82' lang='lat' dir='ltr'><strong>Dei</strong></span> <span class='ocrx_word' id='word_1_214' title='bbox 1154 2511 1377 2589; x_wconf 75' lang='lat' dir='ltr'><strong>berwdiclioroe,</strong></span> 
     </span>
     <span class='ocr_line' id='line_1_26' title="bbox 275 2615 1378 2702; baseline -0.002 -24"><span class='ocrx_word' id='word_1_215' title='bbox 275 2615 395 2698; x_wconf 91' lang='lat' dir='ltr'><strong>absque</strong></span> <span class='ocrx_word' id='word_1_216' title='bbox 417 2616 489 2680; x_wconf 89' lang='lat' dir='ltr'><strong>istis</strong></span> <span class='ocrx_word' id='word_1_217' title='bbox 516 2639 619 2702; x_wconf 87' lang='lat' dir='ltr'><strong>nuper</strong></span> <span class='ocrx_word' id='word_1_218' title='bbox 639 2618 755 2699; x_wconf 88' lang='lat' dir='ltr'><strong>(multo</strong></span> <span class='ocrx_word' id='word_1_219' title='bbox 780 2617 909 2701; x_wconf 89' lang='lat' dir='ltr'><strong>quidem</strong></span> <span class='ocrx_word' id='word_1_220' title='bbox 935 2619 1019 2699; x_wconf 86' lang='lat' dir='ltr'><strong>post)</strong></span> <span class='ocrx_word' id='word_1_221' title='bbox 1044 2615 1183 2678; x_wconf 88' lang='lat' dir='ltr'><strong>inventis</strong></span> <span class='ocrx_word' id='word_1_222' title='bbox 1202 2616 1378 2677; x_wconf 70' lang='lat' dir='ltr'><strong>Callicli-cos</strong></span> 
     </span>
     <span class='ocr_line' id='line_1_27' title="bbox 274 2717 1375 2802; baseline 0.001 -23"><span class='ocrx_word' id='word_1_223' title='bbox 274 2717 392 2781; x_wconf 85' lang='lat' dir='ltr'><strong>fuisse:</strong></span> <span class='ocrx_word' id='word_1_224' title='bbox 417 2719 518 2783; x_wconf 91' lang='lat' dir='ltr'><strong>donee</strong></span> <span class='ocrx_word' id='word_1_225' title='bbox 540 2720 672 2783; x_wconf 92' lang='lat' dir='ltr'><strong>tandem</strong></span> <span class='ocrx_word' id='word_1_226' title='bbox 699 2720 820 2802; x_wconf 88' lang='lat' dir='ltr'><strong>(multis</strong></span> <span class='ocrx_word' id='word_1_227' title='bbox 843 2728 952 2783; x_wconf 90' lang='lat' dir='ltr'><strong>tamen</strong></span> <span class='ocrx_word' id='word_1_228' title='bbox 975 2718 1241 2782; x_wconf 85' lang='lat' dir='ltr'><strong>interlabentibus</strong></span> <span class='ocrx_word' id='word_1_229' title='bbox 1268 2718 1375 2799; x_wconf 85' lang='lat' dir='ltr'><strong>annis)</strong></span> 
     </span>
     <span class='ocr_line' id='line_1_28' title="bbox 274 2821 1377 2906; baseline 0 -24"><span class='ocrx_word' id='word_1_230' title='bbox 274 2821 476 2904; x_wconf 85' lang='lat' dir='ltr'><strong>exigentibus</strong></span> <span class='ocrx_word' id='word_1_231' title='bbox 494 2822 528 2885; x_wconf 94' lang='lat' dir='ltr'><strong>id</strong></span> <span class='ocrx_word' id='word_1_232' title='bbox 546 2824 685 2906; x_wconf 83' lang='lat' dir='ltr'><strong>peccatis</strong></span> <span class='ocrx_word' id='word_1_233' title='bbox 701 2823 967 2900; x_wconf 77' lang='lat' dir='ltr'><strong>Christianorum,</strong></span> <span class='ocrx_word' id='word_1_234' title='bbox 984 2830 1053 2884; x_wconf 86' lang='lat' dir='ltr'><strong>astu</strong></span> <span class='ocrx_word' id='word_1_235' title='bbox 1069 2822 1242 2903; x_wconf 74' lang='lat' dir='ltr'><strong>Pontificio,</strong></span> <span class='ocrx_word' id='word_1_236' title='bbox 1258 2822 1377 2882; x_wconf 78' lang='lat' dir='ltr'><strong>nouitio</strong></span> 
     </span>
     <span class='ocr_line' id='line_1_29' title="bbox 274 2922 1378 3007; baseline 0.002 -23"><span class='ocrx_word' id='word_1_237' title='bbox 274 2922 337 2986; x_wconf 86' lang='lat' dir='ltr'><strong>ista</strong></span> <span class='ocrx_word' id='word_1_238' title='bbox 367 2924 595 3007; x_wconf 88' lang='lat' dir='ltr'><strong>superinducta</strong></span> <span class='ocrx_word' id='word_1_239' title='bbox 624 2946 686 3006; x_wconf 82' lang='lat' dir='ltr'><strong>per</strong></span> <span class='ocrx_word' id='word_1_240' title='bbox 715 2933 883 3007; x_wconf 79' lang='lat' dir='ltr'><strong>temporum</strong></span> <span class='ocrx_word' id='word_1_241' title='bbox 911 2927 1069 3007; x_wconf 80' lang='lat' dir='ltr'><strong>injuriam,</strong></span> <span class='ocrx_word' id='word_1_242' title='bbox 1099 2930 1129 2986; x_wconf 86' lang='lat' dir='ltr'><strong>el</strong></span> <span class='ocrx_word' id='word_1_243' title='bbox 1155 2924 1378 2986; x_wconf 69' lang='lat' dir='ltr'><strong>dentientibus</strong></span> 
     </span>
     <span class='ocr_line' id='line_1_30' title="bbox 275 3026 1377 3111; baseline 0.001 -24"><span class='ocrx_word' id='word_1_244' title='bbox 275 3026 447 3089; x_wconf 75' lang='lat' dir='ltr'><strong>bominibus</strong></span> <span class='ocrx_word' id='word_1_245' title='bbox 460 3030 732 3109; x_wconf 61' lang='lat' dir='ltr'><strong>superseminaret</strong></span> <span class='ocrx_word' id='word_1_246' title='bbox 748 3037 843 3111; x_wconf 88' lang='lat' dir='ltr'><strong>atque</strong></span> <span class='ocrx_word' id='word_1_247' title='bbox 864 3028 910 3090; x_wconf 92' lang='lat' dir='ltr'><strong>ita</strong></span> <span class='ocrx_word' id='word_1_248' title='bbox 932 3050 951 3089; x_wconf 91' lang='lat' dir='ltr'><strong>a</strong></span> <span class='ocrx_word' id='word_1_249' title='bbox 974 3027 1025 3090; x_wconf 88' lang='lat' dir='ltr'><strong>via</strong></span> <span class='ocrx_word' id='word_1_250' title='bbox 1047 3027 1199 3109; x_wconf 74' lang='lat' dir='ltr'><strong>mojomcm</strong></span> <span class='ocrx_word' id='word_1_251' title='bbox 1218 3026 1377 3089; x_wconf 84' lang='lat' dir='ltr'><strong>deflexum</strong></span> 
     </span>
     <span class='ocr_line' id='line_1_31' title="bbox 274 3130 1378 3215; baseline 0 -24"><span class='ocrx_word' id='word_1_252' title='bbox 274 3136 334 3192; x_wconf 87' lang='lat' dir='ltr'><strong>est.</strong></span> <span class='ocrx_word' id='word_1_253' title='bbox 380 3130 487 3195; x_wconf 83' lang='lat' dir='ltr'><strong>Quam</strong></span> <span class='ocrx_word' id='word_1_254' title='bbox 513 3131 548 3194; x_wconf 91' lang='lat' dir='ltr'><strong>in</strong></span> <span class='ocrx_word' id='word_1_255' title='bbox 572 3131 656 3194; x_wconf 88' lang='lat' dir='ltr'><strong>viam</strong></span> <span class='ocrx_word' id='word_1_256' title='bbox 681 3139 851 3214; x_wconf 90' lang='lat' dir='ltr'><strong>postquam</strong></span> <span class='ocrx_word' id='word_1_257' title='bbox 873 3131 942 3215; x_wconf 89' lang='lat' dir='ltr'><strong>jam</strong></span> <span class='ocrx_word' id='word_1_258' title='bbox 966 3130 1062 3194; x_wconf 88' lang='lat' dir='ltr'><strong>rediit</strong></span> <span class='ocrx_word' id='word_1_259' title='bbox 1085 3132 1153 3194; x_wconf 87' lang='lat' dir='ltr'><strong>Rex</strong></span> <span class='ocrx_word' id='word_1_260' title='bbox 1163 3156 1173 3208; x_wconf 91' lang='lat'><strong>,·</strong></span> <span class='ocrx_word' id='word_1_261' title='bbox 1206 3151 1316 3193; x_wconf 81' lang='lat' dir='ltr'><strong>seeum</strong></span> <span class='ocrx_word' id='word_1_262' title='bbox 1340 3138 1378 3192; x_wconf 91' lang='lat' dir='ltr'><strong>ut</strong></span> 
     </span>
     <span class='ocr_line' id='line_1_32' title="bbox 274 3231 1377 3317; baseline 0 -23"><span class='ocrx_word' id='word_1_263' title='bbox 274 3231 416 3310; x_wconf 88' lang='lat' dir='ltr'><strong>redeant,</strong></span> <span class='ocrx_word' id='word_1_264' title='bbox 439 3233 580 3315; x_wconf 89' lang='lat' dir='ltr'><strong>reliquos</strong></span> <span class='ocrx_word' id='word_1_265' title='bbox 604 3234 728 3297; x_wconf 87' lang='lat' dir='ltr'><strong>invitat.</strong></span> <span class='ocrx_word' id='word_1_266' title='bbox 775 3236 908 3313; x_wconf 89' lang='lat' dir='ltr'><strong>Curent,</strong></span> <span class='ocrx_word' id='word_1_267' title='bbox 933 3233 1017 3317; x_wconf 94' lang='lat' dir='ltr'><strong>quod</strong></span> <span class='ocrx_word' id='word_1_268' title='bbox 1042 3233 1082 3296; x_wconf 87' lang='lat' dir='ltr'><strong>ab</strong></span> <span class='ocrx_word' id='word_1_269' title='bbox 1104 3232 1198 3296; x_wconf 89' lang='lat' dir='ltr'><strong>initio</strong></span> <span class='ocrx_word' id='word_1_270' title='bbox 1220 3232 1294 3310; x_wconf 90' lang='lat' dir='ltr'><strong>fuit,</strong></span> <span class='ocrx_word' id='word_1_271' title='bbox 1321 3254 1377 3294; x_wconf 90' lang='lat' dir='ltr'><strong>an-</strong></span> 
     </span>
     <span class='ocr_line' id='line_1_33' title="bbox 274 3335 1378 3420; baseline 0.002 -23"><span class='ocrx_word' id='word_1_272' title='bbox 274 3335 419 3398; x_wconf 90' lang='lat' dir='ltr'><strong>nuntiari</strong></span> <span class='ocrx_word' id='word_1_273' title='bbox 443 3336 522 3399; x_wconf 89' lang='lat' dir='ltr'><strong>sibi:</strong></span> <span class='ocrx_word' id='word_1_274' title='bbox 548 3337 586 3398; x_wconf 86' lang='lat' dir='ltr'><strong>ab</strong></span> <span class='ocrx_word' id='word_1_275' title='bbox 608 3338 698 3400; x_wconf 74' lang='lat' dir='ltr'><strong>initio</strong></span> <span class='ocrx_word' id='word_1_276' title='bbox 723 3338 810 3401; x_wconf 85' lang='lat' dir='ltr'><strong>enim</strong></span> <span class='ocrx_word' id='word_1_277' title='bbox 834 3359 894 3400; x_wconf 78' lang='lat' dir='ltr'><strong>oon</strong></span> <span class='ocrx_word' id='word_1_278' title='bbox 911 3337 1044 3417; x_wconf 80' lang='lat' dir='ltr'><strong>fuerunt</strong></span> <span class='ocrx_word' id='word_1_279' title='bbox 1061 3339 1130 3415; x_wconf 79' lang='lat' dir='ltr'><strong>eic,¹</strong></span> <span class='ocrx_word' id='word_1_280' title='bbox 1151 3359 1222 3420; x_wconf 88' lang='lat' dir='ltr'><strong>quae</strong></span> <span class='ocrx_word' id='word_1_281' title='bbox 1246 3359 1266 3399; x_wconf 92' lang='lat' dir='ltr'><strong>a</strong></span> <span class='ocrx_word' id='word_1_282' title='bbox 1289 3338 1378 3419; x_wconf 87' lang='lat' dir='ltr'><strong>Rege</strong></span> 
     </span>
     <span class='ocr_line' id='line_1_34' title="bbox 274 3431 1379 3524; baseline 0.002 -24"><span class='ocrx_word' id='word_1_283' title='bbox 274 3438 468 3521; x_wconf 88' lang='lat' dir='ltr'><strong>reliquisque</strong></span> <span class='ocrx_word' id='word_1_284' title='bbox 491 3431 633 3503; x_wconf 86' lang='lat' dir='ltr'><strong>correcta</strong></span> <span class='ocrx_word' id='word_1_285' title='bbox 656 3441 879 3503; x_wconf 79' lang='lat' dir='ltr'><strong>reformantur.</strong></span> <span class='ocrx_word' id='word_1_286' title='bbox 925 3443 1034 3524; x_wconf 87' lang='lat' dir='ltr'><strong>Atque</strong></span> <span class='ocrx_word' id='word_1_287' title='bbox 1057 3442 1096 3503; x_wconf 87' lang='lat' dir='ltr'><strong>de</strong></span> <span class='ocrx_word' id='word_1_288' title='bbox 1118 3442 1181 3503; x_wconf 85' lang='lat' dir='ltr'><strong>Avi</strong></span> <span class='ocrx_word' id='word_1_289' title='bbox 1200 3441 1379 3521; x_wconf 79' lang='lat' dir='ltr'><strong>Prouoique</strong></span> 
     </span>
     <span class='ocr_line' id='line_1_35' title="bbox 274 3543 1378 3626; baseline 0.004 -25"><span class='ocrx_word' id='word_1_290' title='bbox 274 3561 393 3602; x_wconf 76' lang='lat' dir='ltr'><strong>summa</strong></span> <span class='ocrx_word' id='word_1_291' title='bbox 412 3543 533 3622; x_wconf 78' lang='lat' dir='ltr'><strong>pietate</strong></span> <span class='ocrx_word' id='word_1_292' title='bbox 548 3548 578 3603; x_wconf 83' lang='lat' dir='ltr'><strong>el</strong></span> <span class='ocrx_word' id='word_1_293' title='bbox 599 3545 732 3605; x_wconf 81' lang='lat' dir='ltr'><strong>caritate</strong></span> <span class='ocrx_word' id='word_1_294' title='bbox 751 3543 888 3623; x_wconf 81' lang='lat' dir='ltr'><strong>fidenter</strong></span> <span class='ocrx_word' id='word_1_295' title='bbox 904 3546 1077 3624; x_wconf 74' lang='lat' dir='ltr'><strong>presumit,</strong></span> <span class='ocrx_word' id='word_1_296' title='bbox 1094 3544 1130 3622; x_wconf 90' lang='lat' dir='ltr'><strong>si,</strong></span> <span class='ocrx_word' id='word_1_297' title='bbox 1147 3565 1218 3626; x_wconf 86' lang='lat' dir='ltr'><strong>quae</strong></span> <span class='ocrx_word' id='word_1_298' title='bbox 1241 3543 1289 3606; x_wconf 91' lang='lat' dir='ltr'><strong>illi</strong></span> <span class='ocrx_word' id='word_1_299' title='bbox 1308 3544 1378 3626; x_wconf 81' lang='lat' dir='ltr'><strong>jam</strong></span> 
     </span>
    </p>
   </div>
   <div class='ocr_carea' id='block_1_12' title="bbox 247 3645 1378 3728">
    <p class='ocr_par' dir='ltr' id='par_1_12' title="bbox 247 3645 1378 3728">
     <span class='ocr_line' id='line_1_36' title="bbox 247 3645 1378 3728; baseline 0.003 -21"><span class='ocrx_word' id='word_1_300' title='bbox 247 3652 253 3663; x_wconf 72' lang='lat'><em>⁷</em></span> <span class='ocrx_word' id='word_1_301' title='bbox 274 3654 440 3728; x_wconf 87' lang='lat' dir='ltr'><strong>perspecta</strong></span> <span class='ocrx_word' id='word_1_302' title='bbox 460 3652 546 3723; x_wconf 83' lang='lat' dir='ltr'><strong>sunt,</strong></span> <span class='ocrx_word' id='word_1_303' title='bbox 562 3645 698 3710; x_wconf 79' lang='lat' dir='ltr'><strong>fuissent</strong></span> <span class='ocrx_word' id='word_1_304' title='bbox 721 3654 753 3709; x_wconf 90' lang='lat' dir='ltr'><strong>et</strong></span> <span class='ocrx_word' id='word_1_305' title='bbox 775 3647 825 3724; x_wconf 82' lang='lat' dir='ltr'><strong>iis,</strong></span> <span class='ocrx_word' id='word_1_306' title='bbox 841 3647 943 3710; x_wconf 89' lang='lat' dir='ltr'><strong>ituros</strong></span> <span class='ocrx_word' id='word_1_307' title='bbox 963 3669 1071 3711; x_wconf 88' lang='lat' dir='ltr'><strong>secum</strong></span> <span class='ocrx_word' id='word_1_308' title='bbox 1091 3647 1126 3709; x_wconf 92' lang='lat' dir='ltr'><strong>in</strong></span> <span class='ocrx_word' id='word_1_309' title='bbox 1146 3647 1282 3710; x_wconf 88' lang='lat' dir='ltr'><strong>eandem</strong></span> <span class='ocrx_word' id='word_1_310' title='bbox 1305 3669 1378 3710; x_wconf 88' lang='lat' dir='ltr'><strong>sen-</strong></span> 
     </span>
    </p>
   </div>
   <div class='ocr_carea' id='block_1_13' title="bbox 267 3748 1381 4348">
    <p class='ocr_par' dir='ltr' id='par_1_13' title="bbox 267 3748 1381 4348">
     <span class='ocr_line' id='line_1_37' title="bbox 274 3748 1380 3834; baseline 0.003 -26"><span class='ocrx_word' id='word_1_311' title='bbox 274 3748 421 3824; x_wconf 90' lang='lat' dir='ltr'><strong>tentiam,</strong></span> <span class='ocrx_word' id='word_1_312' title='bbox 447 3755 542 3829; x_wconf 90' lang='lat' dir='ltr'><strong>atque</strong></span> <span class='ocrx_word' id='word_1_313' title='bbox 569 3750 673 3810; x_wconf 85' lang='lat' dir='ltr'><strong>eodem</strong></span> <span class='ocrx_word' id='word_1_314' title='bbox 696 3751 819 3830; x_wconf 81' lang='lat' dir='ltr'><strong>spiritu,</strong></span> <span class='ocrx_word' id='word_1_315' title='bbox 846 3750 1024 3834; x_wconf 89' lang='lat' dir='ltr'><strong>iisdemque</strong></span> <span class='ocrx_word' id='word_1_316' title='bbox 1049 3752 1189 3831; x_wconf 72' lang='lat' dir='ltr'><strong>vestigiis</strong></span> <span class='ocrx_word' id='word_1_317' title='bbox 1214 3752 1380 3813; x_wconf 79' lang='lat' dir='ltr'><strong>instituros</strong></span> 
     </span>
     <span class='ocr_line' id='line_1_38' title="bbox 267 3847 1377 3935; baseline 0.005 -25"><span class='ocrx_word' id='word_1_318' title='bbox 267 3847 395 3929; x_wconf 71' lang='lat' dir='ltr'><strong>filicae.a</strong></span> <span class='ocrx_word' id='word_1_319' title='bbox 441 3850 610 3933; x_wconf 81' lang='lat' dir='ltr'><strong>Quamque</strong></span> <span class='ocrx_word' id='word_1_320' title='bbox 626 3851 665 3914; x_wconf 89' lang='lat' dir='ltr'><strong>de</strong></span> <span class='ocrx_word' id='word_1_321' title='bbox 680 3852 850 3933; x_wconf 71' lang='lat' dir='ltr'><strong>suasoribus</strong></span> <span class='ocrx_word' id='word_1_322' title='bbox 864 3855 930 3915; x_wconf 78' lang='lat' dir='ltr'><strong>ruis</strong></span> <span class='ocrx_word' id='word_1_323' title='bbox 947 3852 986 3935; x_wconf 89' lang='lat' dir='ltr'><strong>(si</strong></span> <span class='ocrx_word' id='word_1_324' title='bbox 1008 3853 1043 3914; x_wconf 92' lang='lat' dir='ltr'><strong>in</strong></span> <span class='ocrx_word' id='word_1_325' title='bbox 1065 3852 1143 3914; x_wconf 85' lang='lat' dir='ltr'><strong>vivis</strong></span> <span class='ocrx_word' id='word_1_326' title='bbox 1164 3853 1232 3935; x_wconf 89' lang='lat' dir='ltr'><strong>jam</strong></span> <span class='ocrx_word' id='word_1_327' title='bbox 1256 3856 1377 3933; x_wconf 82' lang='lat' dir='ltr'><strong>essent)</strong></span> 
     </span>
     <span class='ocr_line' id='line_1_39' title="bbox 276 3951 1380 4037; baseline 0.004 -24"><span class='ocrx_word' id='word_1_328' title='bbox 276 3951 336 4013; x_wconf 92' lang='lat' dir='ltr'><strong>sibi</strong></span> <span class='ocrx_word' id='word_1_329' title='bbox 361 3952 537 4033; x_wconf 82' lang='lat' dir='ltr'><strong>pollicetur,</strong></span> <span class='ocrx_word' id='word_1_330' title='bbox 566 3953 604 4015; x_wconf 89' lang='lat' dir='ltr'><strong>de</strong></span> <span class='ocrx_word' id='word_1_331' title='bbox 630 3953 670 4015; x_wconf 90' lang='lat' dir='ltr'><strong>iis</strong></span> <span class='ocrx_word' id='word_1_332' title='bbox 698 3954 764 4035; x_wconf 91' lang='lat' dir='ltr'><strong>(qui</strong></span> <span class='ocrx_word' id='word_1_333' title='bbox 785 3955 854 4037; x_wconf 83' lang='lat' dir='ltr'><strong>jam</strong></span> <span class='ocrx_word' id='word_1_334' title='bbox 878 3958 965 4035; x_wconf 85' lang='lat' dir='ltr'><strong>sunt)</strong></span> <span class='ocrx_word' id='word_1_335' title='bbox 991 3955 1167 4032; x_wconf 68' lang='lat' dir='ltr'><strong>bbutridua,</strong></span> <span class='ocrx_word' id='word_1_336' title='bbox 1186 3956 1380 4037; x_wconf 72' lang='lat' dir='ltr'><strong>Consangui·</strong></span> 
     </span>
     <span class='ocr_line' id='line_1_40' title="bbox 275 4055 1379 4142; baseline 0.001 -25"><span class='ocrx_word' id='word_1_337' title='bbox 275 4056 400 4136; x_wconf 77' lang='lat' dir='ltr'><strong>rasisque</strong></span> <span class='ocrx_word' id='word_1_338' title='bbox 420 4055 485 4117; x_wconf 88' lang='lat' dir='ltr'><strong>suis</strong></span> <span class='ocrx_word' id='word_1_339' title='bbox 501 4056 696 4133; x_wconf 73' lang='lat' dir='ltr'><strong>Monarcuis,</strong></span> <span class='ocrx_word' id='word_1_340' title='bbox 714 4065 810 4139; x_wconf 88' lang='lat' dir='ltr'><strong>atquo</strong></span> <span class='ocrx_word' id='word_1_341' title='bbox 826 4058 1026 4138; x_wconf 64' lang='lat' dir='ltr'><strong>Principibus</strong></span> <span class='ocrx_word' id='word_1_342' title='bbox 1041 4079 1129 4142; x_wconf 91' lang='lat' dir='ltr'><strong>spem</strong></span> <span class='ocrx_word' id='word_1_343' title='bbox 1145 4079 1210 4120; x_wconf 90' lang='lat' dir='ltr'><strong>non</strong></span> <span class='ocrx_word' id='word_1_344' title='bbox 1226 4058 1379 4141; x_wconf 88' lang='lat' dir='ltr'><strong>deponit:</strong></span> 
     </span>
     <span class='ocr_line' id='line_1_41' title="bbox 282 4158 1380 4243; baseline 0.004 -24"><span class='ocrx_word' id='word_1_345' title='bbox 282 4158 444 4240; x_wconf 90' lang='lat' dir='ltr'><strong>(quioquid</strong></span> <span class='ocrx_word' id='word_1_346' title='bbox 469 4158 522 4221; x_wconf 89' lang='lat' dir='ltr'><strong>hie</strong></span> <span class='ocrx_word' id='word_1_347' title='bbox 542 4158 669 4220; x_wconf 87' lang='lat' dir='ltr'><strong>offutiat</strong></span> <span class='ocrx_word' id='word_1_348' title='bbox 690 4158 882 4242; x_wconf 83' lang='lat' dir='ltr'><strong>Cardinolis)</strong></span> <span class='ocrx_word' id='word_1_349' title='bbox 903 4182 1014 4223; x_wconf 79' lang='lat' dir='ltr'><strong>versun</strong></span> <span class='ocrx_word' id='word_1_350' title='bbox 1038 4161 1136 4243; x_wconf 91' lang='lat' dir='ltr'><strong>cupit,</strong></span> <span class='ocrx_word' id='word_1_351' title='bbox 1158 4168 1254 4243; x_wconf 88' lang='lat' dir='ltr'><strong>atque</strong></span> <span class='ocrx_word' id='word_1_352' title='bbox 1280 4162 1380 4223; x_wconf 86' lang='lat' dir='ltr'><strong>etiam</strong></span> 
     </span>
     <span class='ocr_line' id='line_1_42' title="bbox 278 4262 1381 4348; baseline 0.004 -25"><span class='ocrx_word' id='word_1_353' title='bbox 278 4269 377 4343; x_wconf 85' lang='lat' dir='ltr'><strong>optat,</strong></span> <span class='ocrx_word' id='word_1_354' title='bbox 394 4270 427 4324; x_wconf 90' lang='lat' dir='ltr'><strong>et</strong></span> <span class='ocrx_word' id='word_1_355' title='bbox 443 4262 549 4325; x_wconf 90' lang='lat' dir='ltr'><strong>Deum</strong></span> <span class='ocrx_word' id='word_1_356' title='bbox 565 4270 744 4338; x_wconf 85' lang='lat' dir='ltr'><strong>veneratur,</strong></span> <span class='ocrx_word' id='word_1_357' title='bbox 760 4270 797 4324; x_wconf 91' lang='lat' dir='ltr'><strong>ut</strong></span> <span class='ocrx_word' id='word_1_358' title='bbox 813 4263 895 4327; x_wconf 88' lang='lat' dir='ltr'><strong>serio</strong></span> <span class='ocrx_word' id='word_1_359' title='bbox 918 4264 957 4326; x_wconf 91' lang='lat' dir='ltr'><strong>de</strong></span> <span class='ocrx_word' id='word_1_360' title='bbox 979 4265 1018 4326; x_wconf 90' lang='lat' dir='ltr'><strong>iis</strong></span> <span class='ocrx_word' id='word_1_361' title='bbox 1034 4265 1184 4346; x_wconf 86' lang='lat' dir='ltr'><strong>cogitent,</strong></span> <span class='ocrx_word' id='word_1_362' title='bbox 1201 4274 1381 4348; x_wconf 86' lang='lat' dir='ltr'><strong>curentque</strong></span> 
     </span>
    </p>
   </div>
   <div class='ocr_carea' id='block_1_14' title="bbox 310 4413 1206 4542">
    <p class='ocr_par' dir='ltr' id='par_1_14' title="bbox 310 4413 1206 4542">
     <span class='ocr_line' id='line_1_43' title="bbox 310 4413 1206 4481; baseline 0.001 -17"><span class='ocrx_word' id='word_1_363' title='bbox 310 4416 320 4445; x_wconf 83' lang='lat'><strong><em>⁷</em></strong></span> <span class='ocrx_word' id='word_1_364' title='bbox 338 4414 419 4479; x_wconf 79' lang='lat' dir='ltr'><strong>[Cous.</strong></span> <span class='ocrx_word' id='word_1_365' title='bbox 434 4415 525 4464; x_wconf 84' lang='lat' dir='ltr'><strong>Matth.</strong></span> <span class='ocrx_word' id='word_1_366' title='bbox 538 4414 594 4461; x_wconf 84' lang='lat' dir='ltr'><strong>xiii.</strong></span> <span class='ocrx_word' id='word_1_367' title='bbox 606 4413 656 4477; x_wconf 81' lang='grc'>25.]</span> <span class='ocrx_word' id='word_1_368' title='bbox 881 4426 891 4448; x_wconf 90' lang='grc'><em>·</em></span> <span class='ocrx_word' id='word_1_369' title='bbox 909 4418 992 4481; x_wconf 84' lang='lat' dir='ltr'><strong>[Cous.</strong></span> <span class='ocrx_word' id='word_1_370' title='bbox 1005 4421 1019 4465; x_wconf 83' lang='lat'>2</span> <span class='ocrx_word' id='word_1_371' title='bbox 1032 4418 1087 4466; x_wconf 86' lang='lat' dir='ltr'><strong>Cor.</strong></span> <span class='ocrx_word' id='word_1_372' title='bbox 1099 4419 1143 4467; x_wconf 84' lang='lat' dir='ltr'><strong>xii.</strong></span> <span class='ocrx_word' id='word_1_373' title='bbox 1157 4418 1206 4481; x_wconf 88' lang='lat'><strong>18.]</strong></span> 
     </span>
     <span class='ocr_line' id='line_1_44' title="bbox 311 4476 611 4542; baseline -0.01 -14"><span class='ocrx_word' id='word_1_374' title='bbox 311 4480 320 4502; x_wconf 86' lang='lat'>¹</span> <span class='ocrx_word' id='word_1_375' title='bbox 341 4479 425 4542; x_wconf 84' lang='lat' dir='ltr'><strong>[Conl.</strong></span> <span class='ocrx_word' id='word_1_376' title='bbox 439 4479 499 4527; x_wconf 91' lang='lat' dir='ltr'><strong>ibid.</strong></span> <span class='ocrx_word' id='word_1_377' title='bbox 513 4480 565 4526; x_wconf 83' lang='lat' dir='ltr'><strong>xix.</strong></span> <span class='ocrx_word' id='word_1_378' title='bbox 578 4476 611 4540; x_wconf 90' lang='lat'><strong>8.]</strong></span> 
     </span>
    </p>
   </div>
   <div class='ocr_carea' id='block_1_15' title="bbox 0 0 1461 4926">
    <p class='ocr_par' dir='ltr' id='par_1_15' title="bbox 0 0 1461 4926">
     <span class='ocr_line' id='line_1_45' title="bbox 0 0 1461 4926; baseline 0 0"><span class='ocrx_word' id='word_1_379' title='bbox 0 0 1461 4926; x_wconf 95' lang='lat' dir='ltr'><strong> </strong></span> 
     </span>
    </p>
   </div>
  </div>
 </body>
</html>
