2910 4926
451 281 635 331 tremensi
656 282 838 331 nnsrousro.
1131 266 1194 331 225

94 452 170 497 vero
189 434 301 498 eodem
318 434 369 499 die
389 436 507 500 festum
525 437 621 518 diem,
643 438 841 521 hilaremque
858 457 1004 500 sumere:
1027 436 1131 500 visum
1146 445 1196 501 est

93 535 316 616 Constantino,
335 539 464 603 Sacram
487 562 577 603 suam
598 541 638 604 ad
658 541 742 624 (quae
763 541 881 625 passim
897 541 1001 621 erant)
1020 540 1190 617 Ecclesiae,

93 639 232 718 mittere,
248 642 363 724 quibus
385 643 419 706 id
442 644 520 727 egit,
536 653 573 708 ut
588 667 691 708 unum
709 646 829 728 ubique
851 666 974 707 morem
997 645 1033 706 in
1052 643 1194 707 tenendo

94 742 250 807 Paschate
287 755 520 828 sequerentur:
558 756 595 811 ut
625 757 734 812 autem
771 748 864 811 illum
894 747 1011 831 potius,
1046 769 1110 829 quo
1142 746 1194 809 die

94 845 275 926 Dominieo,
291 870 332 911 ne
347 871 422 913 vero
441 850 543 928 illum,
560 873 625 934 quo
647 851 772 914 decima
795 858 909 934 quarta
924 852 1026 914 Lunae
1041 849 1194 913 celebrari

93 968 163 1011 mos
178 957 265 1013 erat:
289 951 374 1034 quod
388 953 415 1015 is
429 955 572 1036 proxime
588 956 628 1017 ad
641 955 661 1016 J
664 954 845 1017 udsismum
861 953 1035 1031 accederet,
1053 953 1107 1035 qui
1122 965 1193 1015 tum

94 1053 217 1116 Pascha
234 1076 328 1117 snum
342 1055 533 1120 immolant:
557 1058 673 1140 quibus
693 1058 841 1141 iniquum
864 1063 946 1120 esset
964 1063 1002 1118 ut
1017 1056 1194 1119 Christiani

93 1177 130 1218 se
148 1157 327 1221 conformes
348 1158 549 1223 redderenta.
595 1163 640 1225 At
658 1160 697 1224 de
714 1162 748 1223 S.
764 1162 873 1239 Petra,
890 1161 997 1243 ejusve
1013 1159 1192 1236 traditione,

93 1258 144 1324 vel
163 1259 203 1323 de
222 1260 297 1322 urbe
318 1261 397 1345 ipsa,
413 1262 494 1324 nihil
516 1262 560 1326 ibi
583 1263 731 1346 reperias.
779 1263 843 1326 Sed
856 1282 962 1344 neque
981 1262 1094 1324 Canon
1108 1261 1194 1323 ullus

94 1383 132 1425 ea
154 1362 193 1426 de
215 1384 250 1426 re
273 1364 401 1428 editus:
426 1372 555 1429 tantum
571 1366 775 1430 Constantini
794 1364 938 1448 Epistola
959 1371 1122 1427 transacta
1144 1385 1194 1426 res

94 1473 153 1529 est.
198 1467 270 1531 Nee
293 1468 347 1531 hie
373 1490 448 1552 ergo
475 1471 618 1532 liuditio
644 1471 794 1534 obtinuit.
842 1470 905 1533 Sed
931 1491 990 1532 nos
1014 1476 1134 1546 tamen,
1159 1469 1194 1530 in

93 1570 228 1634 materia
257 1572 436 1651 Festorum,
473 1574 685 1637 Proditionem
714 1595 780 1636 non
809 1573 994 1657 rejicimus:
1042 1572 1193 1635 Ecclesiae

93 1675 207 1758 praxin
235 1674 374 1738 libenter
403 1675 601 1740 adhibemus.
648 1679 702 1754 At,
730 1676 770 1739 ud
795 1675 985 1757 quaestiones
1015 1673 1194 1737 reddendas

92 1777 356 1857 interminabiles,
381 1779 528 1843 latiorem
554 1781 658 1843 multo
683 1780 859 1843 fenestram
885 1779 1039 1862 patefieri,
1064 1778 1091 1840 si
1115 1779 1193 1839 Τνα-

94 1881 211 1944 ditioae
234 1903 296 1944 eoa
315 1883 445 1964 scripta,
463 1905 558 1965 quam
582 1883 609 1946 si
634 1883 760 1965 Seripto
781 1890 894 1965 agutur
908 1902 968 1944 res.
1015 1882 1091 1943 Plus
1107 1881 1194 1943 enim

98 1984 165 2067 (ubi
180 2006 245 2047 non
261 1985 389 2069 Scripto
403 1986 503 2068 loeus)
523 1986 638 2049 erroris
654 2007 732 2064 esse,
748 1987 855 2049 minus
871 1984 1083 2049 certitudinis

125 2117 215 2169 Exstat
231 2154 238 2169 .
255 2155 262 2168 .
279 2155 285 2169 .
304 2120 390 2170 Canon
406 2119 496 2170 tertius
507 2120 600 2169 Niceni
613 2119 729 2181 concilii,
740 2124 769 2168 ut
780 2134 831 2169 non
843 2118 1024 2183 permittantur
1035 2118 1062 2166 in
1075 2116 1194 2166 domibus

159 2199 346 2263 Episcopcmm,
358 2201 401 2249 tce.
413 2201 531 2249 mulieres
542 2200 685 2250 habitaret.
703 2236 709 2249 .
728 2236 734 2249 .
747 2198 878 2258 Quomodo
888 2200 985 2261 igitur.
1000 2235 1006 2247 .
1019 2235 1025 2248 .
1037 2198 1065 2247 in
1076 2197 1194 2247 domibus

157 2296 243 2332 eorum
255 2282 521 2332 inveniunturuxores
537 2318 544 2332 .
563 2319 569 2332 .
587 2318 594 2332 .
611 2321 617 2330 .
635 2282 728 2331 Dicent
745 2318 751 2332 .
769 2318 775 2330 .
793 2296 824 2331 ex
838 2281 970 2346 [historio]
983 2280 1115 2330 sommeni
1133 2315 1139 2328 .
1160 2315 1166 2328 .
1186 2314 1193 2329 .

158 2363 342 2414 interveniente
355 2363 498 2426 Paphnutio
516 2364 544 2412 in
560 2363 666 2413 arbitrio
682 2364 874 2428 [Episcopomm
886 2366 962 2425 atque
978 2361 1099 2424 aliorum]
1112 2361 1195 2410 lleels·

157 2445 315 2495 siasticornm
327 2444 444 2494 relietum
458 2452 530 2494 esset
547 2481 553 2494 .
571 2480 577 2494 .
595 2445 633 2493 At
648 2444 754 2494 historia
768 2445 814 2493 illa
830 2479 875 2494 ...
892 2434 1050 2493 convincitur
1060 2457 1113 2492 esse
1124 2443 1192 2492 falsa.

157 2526 269 2591 -[Bell.
283 2526 358 2590 Apol.
370 2541 416 2589 pro
427 2525 516 2590 Resp]
534 2541 559 2589 p.
572 2528 610 2576 89.
624 2526 694 2589 [Op.
706 2529 768 2575 tom.
780 2526 824 2574 rii.
835 2527 882 2575 col.
891 2526 946 2578 tel.
960 2524 986 2574 C.
995 2523 1040 2588 D.]

136 2626 195 2688 Est
219 2633 328 2688 tamen
354 2625 460 2687 Canon
483 2624 594 2687 tertius
617 2626 765 2703 Nicenus,
790 2647 827 2688 ae
851 2624 1025 2687 cohabitent
1050 2625 1193 2687 mutieres
1207 2636 1329 2714 [Decen-

93 2729 152 2791 ulti
167 2729 205 2790 de
221 2748 346 2790 numero
365 2728 563 2790 Clerieorum.
609 2728 722 2791 Nostri
742 2735 845 2791 autem
866 2729 994 2791 uxorati
1015 2732 1096 2790 suat.
1128 2702 1341 2817 Vefffflffi

92 2853 166 2895 rum
196 2831 334 2914 respexit
363 2831 416 2893 hie
446 2830 651 2895 Cardinalem
681 2832 883 2915 Paphnutius
921 2831 1049 2896 sublato
1081 2830 1193 2913 digito,
1207 2831 1353 2909 testimonis

96 2955 190 3017 quem
214 2934 269 2997 ille
287 2941 325 2997 ut
349 2932 498 3011 declinet,
523 2933 651 3016 plagam
675 2933 809 3017 accipit:
837 2942 870 2997 et
888 2936 1101 2997 Sozomenum
1123 2934 1195 2996 falsi
1208 2894 1360 2958 ⁰⁰¹¹⁰‘N¹⁰']

94 3058 186 3101 reum
216 3037 352 3120 peragit,
383 3036 529 3100 seilicet!
577 3037 665 3102 Quid
694 3036 816 3100 laetum
844 3037 879 3099 in
912 3037 1041 3121 Synodo
1069 3037 1196 3100 Nicena

94 3141 205 3204 eredat
221 3140 292 3224 quis
304 3140 478 3217 Cardinali,
494 3139 713 3222 potiusquam
731 3141 920 3203 Sozomeno.
963 3140 1009 3202 At
1027 3140 1196 3203 Sozomeni

94 3251 249 3326 tempora,
274 3242 341 3325 (qni
363 3242 542 3305 Theodosio
560 3242 682 3325 juniori
707 3242 876 3305 historiam
904 3263 996 3304 suam
1018 3241 1191 3324 inscripsit)

96 3367 163 3410 nen
184 3345 296 3429 procul
322 3344 455 3408 aberant
477 3367 496 3408 a
516 3345 642 3407 Nicena
666 3344 807 3428 Synodo,
825 3364 886 3407 nec
903 3343 1006 3405 ullum
1027 3342 1196 3406 mendacio

127 3531 137 3563 ί
155 3520 622 3587 [ίίὶείοΕιιιισίι.ιίονὶία(ίοῐιείιηίίιιί,
666 3524 723 3572 ίσας
748 3520 775 3570 δὲ
797 3523 836 3571 καί
859 3522 947 3580 αὐτοῖς,
970 3521 1010 3570 καί
1031 3522 1083 3570 ταῖς
1104 3520 1197 3570 roim

95 3588 140 3637 lib.
150 3588 187 3636 iit.
204 3603 274 3651 capp.
288 3588 377 3647 18,19.
394 3601 436 3649 pp.
449 3586 605 3650 587-589.]
666 3589 790 3648 γαμεταῖς,
806 3588 850 3635 rori
865 3587 899 3647 με)
916 3588 1047 3650 σωφρονεῖν
1064 3585 1130 3634 ciria
1144 3603 1198 3647 γεν·

127 3661 137 3685 ¹
161 3653 334 3716 ΓΑτηγόρενσε
360 3653 462 3700 καθόλου
489 3651 504 3709 ἡ
525 3651 624 3712 μεγάλη
666 3653 758 3709 ἡσεται.
778 3650 840 3700 κατὰ
862 3648 887 3699 di
909 3649 955 3708 vir
977 3649 1079 3712 ἀρχαίαν
1095 3651 1139 3707 τῆς
1160 3651 1198 3699 hr-

96 3717 200 3776 σίννοδος,
219 3719 280 3776 μήτε
301 3716 429 3776 araxim,
446 3714 507 3774 μήτε
523 3720 625 3778 τρεσβιν·
669 3715 771 3774 κλησίαε
794 3712 928 3779 παράδοσιν,
949 3716 1006 3764 τοὺς
1024 3713 1069 3774 μὶν
1091 3714 1198 3775 ἀγάμους

95 3779 163 3844 cipp,
179 3780 240 3841 μήτε
257 3781 363 3841 διακόνῳ,
375 3780 436 3839 pbr«
448 3780 509 3829 ὅλοις
520 3781 567 3829 τινί
578 3782 627 3829 τοῖν
669 3781 712 3828 τοῦ
729 3781 846 3841 ἱερατικοῦ
859 3779 981 3840 τάγματος
999 3778 1196 3836 κοινωνήσαντας,

98 3847 124 3894 δν
134 3846 168 3907 τῷ
180 3847 267 3908 κλήρῳ,
280 3845 364 3905 ἐξεῖναι
381 3843 539 3892 συνείσακτον
550 3843 625 3905 ἔχειν·
670 3844 758 3905 μήκεσι
768 3847 863 3905 γαμεῖν
880 3845 938 3893 rods
954 3844 979 3893 dl
995 3843 1057 3903 perd
1068 3842 1155 3904 γιίμον,
1166 3842 1198 3892 ὧν

97 3911 163 3969 πλὴν
182 3909 203 3958 εί
221 3911 254 3970 μὴ
273 3908 318 3972 ἄρα
334 3906 461 3968 μητίρα,ἣ
479 3908 626 3969 &eliphal
669 3908 754 3970 ἔχουσι
781 3908 893 3968 γαμετῶν
919 3907 952 3967 μή
980 3907 1131 3970 χωρίζεσθαι.
1158 3907 1198 3956 καί

98 3974 169 4033 θείαν,
180 3974 197 4033 ἡ
207 3972 223 4023 d
232 3971 293 4034 μίνα
304 3971 417 4035 πρόσωπα
434 3974 514 4021 πᾶσαν
525 3973 627 4034 ὑποψίαν
669 3974 746 4021 ταῦτα
761 3975 774 4020 d
787 3969 943 4032 Παφνοιίτιος,
955 3971 1039 4035 καίτερ
1055 3970 1151 4035 ἄπειρος
1165 3970 1198 4020 ιῖν

96 4035 359 4101 διαπέφευγε-0οης.
385 4036 442 4085 Nic.
462 4037 482 4084 Ι.
508 4035 569 4086 Can.
586 4036 624 4086 iii.
667 4038 753 4098 γάμου,
776 4037 931 4097 εἰσηγήσατο.
955 4034 1056 4101 ε’τόνεσε
1076 4035 1102 4084 δὲ
1124 4037 1198 4095 ναίὴ

98 4104 173 4153 Cone.
186 4107 246 4152 tom.
259 4102 286 4150 ii.
304 4102 350 4150 col.
363 4102 402 4150 29.
414 4100 460 4164 D.]
670 4100 769 4152 σύνοδος
791 4102 838 4161 τὴν
857 4099 957 4161 βουλὴν,
977 4101 1017 4149 καί
1037 4101 1090 4160 τερί
1112 4103 1199 4149 τούτου

129 4174 138 4199 ⁸
158 4166 288 4231 [Ἀναστὰς
307 4165 333 4216 δὲ
351 4172 373 4214 n
408 4163 500 4215 νοιίτιος
515 4166 528 4214 d
543 4166 628 4226 ίμολο·
670 4166 739 4214 οὐδὲν
758 4162 938 4225 ἐνομοθέτησεν·
959 4163 1026 4214 ἀλλὰ
1043 4183 1074 4277 pr
1094 4164 1198 4213 lrdurov

1033 4247 1047 4276 ν
1062 4244 1080 4288 ν

118 4232 184 4291 mrls,
203 4231 309 4279 inem
334 4228 360 4278 τί
402 4248 463 4278 ντε
485 4229 529 4278 rhu
549 4228 627 4290 γάμον
670 4229 795 4294 γνιίμῃτδ
809 4231 969 4292 τρῖιγμα,οιῖκ
982 4229 1032 4277 tud
1080 4228 1197 4292 κῃίθετο.

95 4249 235 4354 insumas,
251 4296 406 4358 σωφροσύνην
421 4312 450 4342 τε
460 4295 506 4352 τὴν
515 4295 572 4354 πρὸς
582 4292 627 4343 τὰς
669 4293 755 4343 --Soa
768 4293 835 4342 Hist
848 4293 915 4342 Ecel.
927 4293 997 4342 libi.
1009 4307 1062 4353 cap.
1073 4294 1112 4340 23.
1123 4307 1148 4402 p.
1158 4293 1199 4340 41.

97 4360 158 4410 titas
173 4360 286 4420 γυναῖκας
303 4356 436 4415 συνουσίαν,
448 4359 624 4413 συνεβούλευσε
670 4357 728 4407 vide
747 4372 845 4420 qnoque
864 4357 930 4407 Socr.
947 4357 1015 4407 Hist.
1039 4355 1104 4404 lleel.
1135 4356 1168 4404 ib.
1182 4356 1197 4404 i.

97 4426 129 4489 τῇ
145 4422 245 4486 συνόδῳ,
262 4424 296 4483 μὴ
314 4424 424 4472 τοιοῦτον
443 4420 526 4472 θέσθαι
545 4421 625 4483 νόμον,
671 4437 723 4486 cap.
737 4424 774 4472 11.
792 4437 816 4485 p.
828 4420 882 4484 dh]

98 4488 209 4551 χαλεπὸν
225 4488 273 4551 γὰρ
291 4485 350 4536 εἶναι
368 4485 398 4536 rd
418 4489 516 4550 πρᾶγμα
538 4484 629 4551 φέρειν·

140 4583 311 4620 mmm.-
317 4582 384 4618 ΜΡ.
921 4584 949 4647 q
