2910 4926
263 253 306 315 38
584 265 626 313 aa
648 264 840 314 00000000
862 264 1063 314 ammaum

264 423 353 487 Nam
383 419 456 504 quis
482 420 645 484 affirmati
683 420 740 483 Ad
752 422 968 503 Apostolicam
993 440 1064 485 aero
1087 440 1197 484 manas
1222 418 1375 500 imprimis

260 527 420 608 pertinere
436 524 675 587 sollicitudiuem
688 524 912 589 Ecclesiamm.
956 524 1121 588 Pertinere
1137 522 1283 607 quidem:
1307 522 1373 599 sed,

267 627 380 712 quidni
396 636 428 692 et
451 627 492 692 ad
512 650 630 692 munus
653 629 802 712 Regium,
819 651 887 694 cam
905 631 1031 713 primia
1047 629 1097 693 vel
1120 628 1157 710 (si
1177 648 1248 691 earn
1263 646 1374 690 vocem

267 732 428 815 expectat)
447 753 515 795 cam
529 732 714 814 Apostolis?
751 735 824 799 Nee
845 734 932 798 enim
947 733 1069 797 crimen
1087 730 1205 814 (credo)
1222 728 1330 807 habet,
1347 727 1374 790 si

267 835 304 898 in
318 834 533 898 sollicitudine
548 836 609 899 hac
623 838 694 920 pari
708 859 806 920 passu
821 839 891 903 Rex
905 838 1044 916 incedat,
1059 837 1126 900 imo
1141 835 1168 898 si
1183 841 1312 917 praeeat,
1324 832 1374 894 vel

268 940 446 1024 Episcopis,
462 937 568 1021 ὦγαθῆ
592 937 619 1003 δ’
642 940 706 1027 ἔρις
727 939 782 1022 ἥδε
802 940 980 1030 speratae.
1024 940 1173 1025 Apostoli
1198 946 1284 1003 certe
1305 939 1373 1020 jam

269 1045 352 1108 nulli
379 1052 478 1109 sunt:
513 1066 610 1128 quaro
637 1046 801 1111 Cardinali
827 1046 998 1111 dicendum
1024 1053 1104 1124 erat,
1131 1042 1315 1128 Episcopis:
1347 1041 1374 1103 si

270 1154 389 1232 praeeat
412 1147 475 1210 illis
502 1148 658 1232 (inquam)
685 1170 746 1213 neo
769 1150 822 1214 hic
847 1156 922 1234 post
935 1148 1103 1233 ¹principia
1129 1147 1181 1225 sit,
1204 1154 1373 1230 postquam

269 1255 356 1316 Deas
370 1253 483 1316 abillo
507 1255 660 1316 rationem
682 1255 794 1336 eaipet,
811 1256 863 1336 qai
886 1256 972 1316 illiba
987 1253 1140 1334 potestati
1161 1272 1249 1314 suam
1263 1251 1373 1313 Ecate-

269 1357 349 1419 siam
363 1356 523 1420 crediditt.

302 1465 337 1516 Et
349 1465 431 1531 [idem
443 1466 581 1530 Apostolus
591 1465 659 1530 apud
672 1466 781 1531 Lucam]
794 1467 851 1517 Act
863 1469 903 1516 20.
921 1465 1013 1532 [dicit]
1030 1465 1166 1530 Episcopos
1180 1479 1195 1516 a
1208 1464 1262 1514 Deo
1280 1463 1375 1527 positos

334 1547 473 1598 Feclcsism
481 1548 683 1615 regere-[Bell.
691 1549 767 1613 Apol.
775 1564 821 1613 pro
829 1548 917 1613 Resp]
927 1563 951 1613 p.
962 1552 1000 1599 10.
1008 1547 1076 1614 [Op.,
1084 1554 1146 1598 tom
1155 1547 1199 1598 vii.
1210 1547 1257 1597 eol.
1266 1546 1320 1597 710.
1331 1544 1373 1608 Δ.]

162 1651 206 1713 30
316 1640 439 1703 Verum
460 1640 607 1724 legimus,
623 1642 749 1703 Positas
763 1662 783 1703 a
797 1642 865 1704 Dea
879 1641 1052 1723 Episcopus
1065 1640 1241 1703 Ecclesiam
1256 1657 1372 1719 repere.

272 1745 317 1808 Et
337 1743 418 1808 illud
433 1765 559 1828 quoque
580 1745 727 1828 legimus,
744 1747 886 1810 Positum
908 1767 928 1808 a
947 1746 1014 1809 Deo
1033 1745 1186 1808 Davidem
1200 1745 1324 1826 Regem,
1339 1748 1374 1804 at

265 1854 421 1931 pasceret,
446 1857 503 1912 aut
531 1848 571 1930 (si
595 1849 729 1914 verbum
759 1849 792 1914 id
816 1849 919 1933 magis
943 1850 1104 1931 arrideat)
1132 1853 1252 1932 reperet
1277 1846 1374 1910 Jacob

266 1954 425 2036 papatum,
441 1960 471 2016 et
488 1954 588 2017 Israel
607 1956 817 2019 haereditatem
836 1954 947 2019 mam‘.
994 1955 1174 2038 Utrobique
1196 1953 1282 2018 enim
1301 1976 1374 2015 ποι-

272 2053 397 2137 μαίνειν
411 2063 470 2120 est.

301 2165 515 2230 Sedapertissims
523 2167 552 2216 in
560 2182 612 2231 cap.
622 2171 644 2218 0.
657 2168 737 2218 Amos
744 2168 875 2219 invehitur
881 2170 908 2219 in
916 2184 964 2230 cos,
973 2170 1017 2232 qui
1025 2168 1165 2219 Hearieum
1173 2166 1246 2218 VIII.
1256 2165 1375 2216 Ecclesia

338 2252 414 2312 caput
423 2248 672 2313 appellant-[Bell.
681 2250 757 2314 Apol.
768 2265 814 2315 pro
825 2250 912 2315 Resp]
925 2266 949 2316 p.
959 2254 997 2301 10.
1008 2250 1077 2314 [Op.,
1090 2251 1201 2301 tamaii.
1213 2250 1259 2299 col.
1269 2251 1324 2301 710.
1333 2247 1376 2313 Δ.]

111 2361 216 2427 [Regem
324 2338 372 2402 At
401 2338 510 2417 etiam,
538 2338 677 2421 quodam
707 2341 777 2404 loco
809 2343 964 2404 iaaebitar
992 2343 1027 2405 ia
1054 2363 1106 2404 eos
1138 2342 1293 2418 Calvinus,
1324 2342 1377 2423 qai

110 2440 444 2541 Qmfflsssttnt‘lfflm
478 2444 567 2507 VIII.
602 2446 701 2527 Capat
739 2446 890 2509 Ecclesia
919 2449 1150 2528 appellarant&
1196 2447 1314 2509 Errare
1343 2445 1378 2508 id

110 2556 156 2605 sia
167 2560 243 2632 eaput
273 2547 484 2611 factumest:
509 2547 575 2626 sed,
600 2548 714 2631 (qualis
737 2549 773 2612 in
796 2549 903 2632 ipsum
924 2551 1115 2614 Pontificem
1135 2549 1244 2629 cadit)
1262 2546 1376 2631 faetet.

111 2618 233 2684 negavit]
275 2651 410 2714 Putarat
436 2652 533 2730 enim,
554 2673 620 2716 non
646 2652 809 2716 sublatum
832 2652 872 2716 ab
896 2653 942 2716 eis
967 2654 1098 2737 Papam,
1117 2653 1173 2716 sed
1194 2651 1375 2717 mutatum:

276 2754 398 2836 Regem
414 2775 530 2837 nempe
545 2754 580 2818 in
595 2756 715 2839 Papam
728 2757 1049 2819 transubstantiatam.
1090 2757 1192 2841 Atqui
1207 2779 1276 2834 nos,
1293 2757 1378 2841 quod

275 2880 331 2921 vos
348 2861 453 2942 Pupae,
471 2859 554 2943 Regi
569 2881 637 2924 non
653 2860 845 2924 tribuimus:
868 2881 973 2943 neque
988 2882 1063 2925 vero
1080 2862 1149 2925 Rex
1171 2861 1329 2924 tributum
1345 2861 1376 2923 id

277 2962 338 3026 sibi
352 2969 504 3026 sumeret.
550 2964 657 3029 Quare
679 2963 846 3027 nobiscum
868 2972 901 3028 et
917 2964 1051 3029 Calvino
1072 2988 1139 3029 non
1154 2965 1280 3028 difficile
1303 2986 1378 3029 eon-

277 3065 402 3129 veniret
424 3065 495 3129 hie:
519 3066 580 3130 etsi
605 3067 703 3150 (quod
726 3088 809 3150 saepe
831 3068 943 3131 monui
960 3070 1105 3151 Tortum)
1126 3069 1160 3132 in
1182 3069 1268 3132 illius
1283 3069 1380 3132 verba

276 3189 343 3231 non
363 3169 520 3252 juramus,
544 3191 605 3233 nec
627 3170 811 3234 Calvinistae
837 3172 948 3254 magis,
973 3194 1070 3255 quam
1092 3172 1229 3256 Papistae
1249 3193 1378 3235 samus:

278 3294 335 3337 vos
346 3293 421 3337 vero
436 3273 562 3338 utinam
573 3296 640 3338 non
654 3268 757 3359 magis
769 3275 916 3359 Papistae,
931 3297 1026 3359 quam
1037 3297 1096 3340 nos
1110 3276 1173 3354 hic,
1186 3276 1379 3341 Calvinistae.

310 3398 383 3458 Quod
396 3435 403 3450 .
416 3437 422 3450 .
434 3437 441 3451 .
453 3401 570 3451 Paritani
588 3415 640 3451 non
658 3401 797 3452 admittant
813 3402 953 3466 primatum
970 3402 1047 3465 Regis
1066 3403 1094 3452 in
1110 3403 1293 3467 spiritualibus,
1308 3403 1382 3453 docet

342 3482 396 3546 ipss
408 3516 453 3532 ...
465 3481 519 3533 Rex
532 3484 577 3533 in.
589 3519 595 3533 .
609 3519 615 3532 .
629 3482 738 3534 Basilica
754 3483 831 3534 Doro.
843 3483 911 3534 Nam
928 3483 973 3534 lib.
986 3485 1012 3534 ii
1025 3500 1050 3548 p.
1063 3485 1103 3536 43.
1114 3485 1179 3536 dicit
1189 3501 1231 3536 eos
1245 3487 1380 3550 paritatem

343 3563 469 3625 quandam
481 3599 488 3612 .
501 3600 507 3613 .
520 3599 526 3612 .
539 3565 567 3613 in
578 3564 716 3614 Ecclesiam
727 3563 974 3630 induceret-[bell.
987 3567 1063 3631 Apol.
1073 3581 1120 3631 pro
1131 3567 1216 3632 Resp]
1231 3582 1256 3632 p.
1265 3570 1302 3617 10.
1316 3568 1382 3632 [Ορ.,

342 3645 455 3693 tomvii.
468 3644 514 3695 col
523 3646 579 3696 710.
592 3647 624 3694 Α.
637 3644 681 3709 Β]

119 3748 250 3812 [Pariunt
322 3736 491 3799 Postremo
506 3758 545 3800 er
561 3738 649 3819 Rege
664 3737 733 3820 ipso
748 3737 861 3801 docere
876 3737 955 3816 vult,
968 3760 988 3801 a
1003 3739 1167 3802 Paritaais
1182 3760 1242 3802 aaa
1257 3740 1382 3802 admitti

116 3815 250 3942 ἓξὲξ]
279 3836 375 3918 Regis
391 3839 574 3917 primatum.
619 3840 663 3902 Et
687 3838 751 3903 duo
772 3841 843 3904 loca
868 3840 956 3918 citat,
980 3864 1052 3926 quaa
1074 3849 1211 3926 utraque
1232 3844 1313 3906 nihil
1341 3845 1381 3907 ad

313 4012 325 4044 ‘¹
358 4013 462 4090 Hesiod.
475 4015 521 4081 Op.
531 4021 557 4066 et
568 4017 636 4067 Dies
647 4017 693 4067 lin.
706 4019 760 4083 20]
855 4020 1032 4071 illisammsnr
1043 4036 1128 4072 raram
1143 4023 1258 4072 omnium
1276 4028 1383 4086 potesta-

314 4111 324 4134 .
358 4078 425 4129 Vuis
437 4078 506 4130 (irat
525 4081 597 4132 Decr.
611 4082 665 4132 Par.
678 4083 719 4145 ii]
738 4084 810 4134 cina
854 4090 924 4145 tem;
940 4091 966 4136 et
981 4086 1028 4135 hac
1039 4101 1190 4150 moacmper
1208 4089 1383 4150 granterrut-

282 4143 356 4193 xxiii.
375 4143 491 4221 Q[uaest].
503 4160 526 4195 0.
538 4148 578 4212 c[s
595 4145 613 4210 ].
625 4149 664 4197 20.
691 4147 708 4211 [¹
717 4148 811 4199 Prinei-
854 4150 966 4207 nemrim
978 4156 1051 4201 arsut
1061 4151 1131 4201 cuim
1143 4150 1291 4215 blasphemi,
1304 4168 1382 4215 qnam

281 4222 328 4321 ppla
341 4208 558 4336 leffiupI—Oorp.
575 4163 630 4261 iar.
647 4212 707 4262 Can.
720 4216 780 4263 tom.
793 4215 810 4263 i.
854 4216 1205 4329 romagnglppspprnsarprpum
1216 4218 1383 4330 papptlpccle·

322 4311 327 4321 .
406 4311 412 4322 .
851 4294 930 4328 sraesu
992 4295 1026 4329 ns
1055 4309 1107 4330 .-
1154 4296 1169 4329 0
1199 4297 1207 4329 ι
1331 4298 1381 4331 xvi.

315 4336 323 4367 ¹
339 4337 393 4402 [l‘s.
406 4339 505 4388 lxxviii.
519 4338 607 4402 (Vulg.
618 4340 720 4401 lxxvii.)
733 4342 787 4405 71]
852 4344 880 4392 in
892 4344 971 4394 Amos
982 4345 1026 4394 vii
1036 4348 1075 4395 13.
1088 4296 1143 4408 Op:
1155 4297 1216 4395 siin
1225 4298 1364 4410 aluisiitb]

313 4409 326 4442 Ι
344 4402 429 4465 [·‘Qal
440 4403 516 4453 initio
524 4407 810 4467 tantoparaextuieruat
885 4406 897 4439 ¹
914 4408 988 4474 [Bell.
996 4409 1106 4459 deltam.
1116 4410 1188 4460 Pont.
1202 4413 1246 4460 lib.
1255 4413 1288 4461 10.
1300 4415 1382 4475 capt.

282 4464 423 4516 ilenricum
443 4482 528 4531 regem
547 4468 658 4532 Angliae',
677 4477 744 4521 certe
761 4472 811 4521 tua·
853 4474 909 4538 Op„
921 4480 983 4524 tom.
991 4475 1008 4524 i.
1021 4478 1108 4537 pala.
1121 4476 1167 4540 A.]

279 4534 341 4578 runt
352 4531 532 4584 inconsiderati
540 4533 655 4585 homines
662 4553 669 4596 ;
686 4536 810 4586 dederant
885 4537 892 4569 ¹
909 4539 939 4603 [“
951 4539 1074 4590 Homines
1090 4542 1189 4591 tactiosi
1202 4557 1281 4592 unum
1294 4541 1385 4592 suroris
