2910 4926
260 263 284 320 4
572 275 615 323 AD
638 276 828 324 einamma
850 276 1050 326 urbanarum

264 431 421 495 Caesarem
446 437 480 494 et
507 432 690 517 Principem
728 433 983 517 expergefaceret
1006 441 1126 512 autem,
1151 433 1178 496 si
1204 432 1289 495 hanc
1312 431 1362 493 in·

265 534 380 598 eudem
406 534 576 600 tunderet:
612 537 717 600 noluit
742 537 881 601 conflare
906 537 1060 602 invidiam
1084 536 1169 621 apud
1192 557 1256 615 eos,
1283 534 1362 613 Sibi,

267 636 417 700 Pontifici
440 659 519 717 suo,
543 661 638 723 quam
660 649 747 704 certe
769 640 933 720 conflaret,
959 640 985 704 si
1008 640 1158 704 Pontifici
1176 660 1231 702 eos
1253 639 1299 702 sic
1322 638 1365 702 ad

265 742 421 825 placitum
442 746 655 826 supponendas
674 753 704 809 et
727 746 919 827 depraecantes
939 745 1134 829 propinaret.
1179 743 1273 807 Nihil
1288 764 1364 826 ergo

266 846 356 929 prius
379 846 502 925 habuit,
527 869 623 930 quam
651 857 689 912 ut
714 849 887 913 abduceret
911 870 965 912 eos
991 848 1032 911 ad
1056 848 1201 926 Missam,
1227 847 1362 911 circum-

267 951 399 1015 duceret
434 973 493 1035 pcr
524 952 686 1035 Reliquias
718 954 920 1034 Sanctorum,
951 951 1143 1015 subduceret
1180 957 1286 1014 autem
1318 950 1363 1013 eis

270 1054 465 1120 Quaestionis
491 1055 746 1133 Cardi11em,vel
775 1056 814 1137 (si
839 1055 886 1118 ita
910 1055 999 1139 loqui
1021 1055 1127 1137 liceat)
1155 1055 1364 1137 quaestionem

268 1159 485 1236 Cardinalem,
504 1158 545 1222 de
562 1180 634 1241 qua,
657 1159 697 1221 lis
717 1161 858 1243 primum
881 1168 978 1238 mota,
996 1166 1029 1223 et
1050 1159 1086 1222 in
1110 1181 1182 1242 qua,
1198 1160 1365 1222 concinunis

268 1283 372 1325 emam
401 1283 496 1325 cansa
522 1263 666 1326 vertitur.
714 1263 831 1341 Quare,
857 1263 946 1345 quasi
971 1262 1054 1326 nihil
1078 1262 1176 1325 etiam
1199 1282 1238 1325 ca
1263 1262 1304 1324 dc
1329 1283 1364 1325 rc

269 1369 392 1432 dictum
407 1390 554 1451 usquam,
569 1368 650 1431 nihil
667 1390 761 1452 porro
777 1367 958 1445 dicendum,
974 1368 1021 1430 ita
1034 1388 1103 1430 rem
1118 1373 1221 1429 totam
1237 1365 1365 1429 silentio

218 1545 222 1553 .
268 1474 395 1556 premit.
439 1474 546 1538 Acin
570 1494 608 1536 eo
632 1472 762 1557 quidem
784 1479 886 1536 artem
910 1471 1049 1535 hominis
1071 1469 1177 1549 laudo,
1194 1469 1365 1532 candorem

267 1576 406 1661 requiro.
453 1577 527 1641 Hoc
541 1576 629 1640 enim
643 1576 690 1640 illi
706 1584 781 1640 ante
796 1576 906 1640 omnia
920 1574 1081 1658 agendum
1097 1580 1176 1652 erat,
1194 1579 1232 1635 ut
1248 1574 1364 1650 Caesar,

268 1688 305 1743 ut
336 1681 452 1762 Reges,
483 1687 568 1744 stare
598 1700 632 1743 se
660 1680 711 1743 vel
740 1678 854 1743 eadere
880 1677 999 1741 scirent
1021 1677 1063 1740 ad
1088 1677 1254 1740 Pontificis
1282 1677 1365 1740 arbi-

267 1782 377 1846 trium.
422 1784 506 1848 Cum
539 1804 606 1848 non
643 1783 755 1866 egerit,
786 1783 884 1846 etiam
912 1781 947 1844 in
976 1780 1040 1844 illis
1070 1802 1140 1864 quae
1168 1780 1268 1844 videri
1296 1781 1365 1845 vult

267 1886 380 1969 egisse,
396 1885 478 1949 nihil
492 1887 612 1969 egerit:
645 1907 703 1950 cur
726 1886 788 1950 sibi
814 1887 884 1950 Rex
905 1884 1058 1948 molestus
1077 1904 1170 1968 porro
1191 1883 1258 1946 sit?
1299 1885 1365 1948 Cur

265 1988 352 2053 illius
386 1997 585 2071 nugamenta
615 1989 683 2054 haec
717 1990 895 2073 respiciat?
934 1990 1000 2053 Cur
1028 1988 1129 2052 bonas
1158 1988 1253 2051 horas
1282 1987 1365 2051 male

264 2092 400 2175 perdat?
445 2091 544 2156 Aliud
564 2092 664 2175 igitur
685 2101 778 2175 agat:
803 2113 936 2156 excussa
957 2093 1080 2155 cardini
1101 2092 1171 2175 jam
1186 2092 1292 2155 Causa
1309 2112 1365 2173 per

263 2197 367 2281 ipsum
386 2197 592 2263 Cardinelem.

308 2301 380 2363 Nec
400 2300 457 2363 abs
475 2321 512 2364 re
534 2301 634 2384 igitur
653 2300 766 2365 fecisse
781 2301 898 2380 videar,
920 2300 1006 2385 (quia
1024 2300 1178 2364 nimirum
1201 2300 1253 2364 hic
1276 2302 1364 2363 borno

265 2406 382 2469 bomini
395 2406 450 2468 aie
466 2403 630 2486 pestate,
648 2405 816 2469 Sacellano
831 2405 991 2470 Dominus
1006 2426 1120 2488 parum
1142 2405 1287 2482 interest,
1303 2425 1363 2468 nec

265 2508 300 2572 in
310 2509 370 2572 hoc
385 2529 481 2591 quam
496 2507 551 2571 illo
566 2507 638 2592 plus
653 2509 819 2588 momenti,
831 2517 887 2573 aut
902 2509 1029 2591 virium)
1045 2508 1072 2572 si
1087 2516 1233 2592 precatus
1245 2529 1264 2571 a
1274 2508 1362 2591 Rege

264 2612 402 2690 veniam,
420 2617 467 2690 ut,
486 2610 540 2694 qui
564 2632 630 2674 non
653 2610 701 2674 ita
722 2610 847 2694 pridem
869 2612 1026 2676 latentem
1048 2610 1108 2675 sub
1129 2611 1217 2674 larva
1236 2612 1363 2675 nescius

265 2736 432 2798 aggressus
452 2736 533 2793 sum,
556 2714 706 2792 eundem,
730 2714 811 2777 mihi
832 2713 881 2777 sas
903 2713 946 2777 sit
969 2714 1112 2796 excipere
1134 2713 1364 2793 denumerata

264 2819 352 2882 larva
363 2820 442 2903 jam,
458 2825 491 2882 et
505 2818 610 2900 ’γυμνῇ
625 2818 752 2902 κεφαλῇ
767 2816 989 2901 prodeuntem.
1025 2818 1106 2883 Qua
1121 2817 1208 2881 enim
1222 2818 1273 2882 vel
1287 2826 1359 2881 tum

265 2920 384 3004 scripta
398 2920 456 2999 illi,
469 2919 520 2982 vel
530 2919 610 3002 jam,
626 2918 733 2983 neseio
749 2940 843 3001 quam
859 2918 915 2982 illo
930 2918 1028 3001 digna
1036 2944 1045 2997 3
1069 2925 1156 2982 certe
1170 2941 1237 2982 non
1254 2919 1361 3003 digna,

263 3024 431 3107 inquibus
447 3023 529 3106 Regi
544 3021 713 3086 brachium
728 3021 777 3086 vel
799 3022 913 3086 leviter
932 3024 1141 3088 concalescat.
1187 3025 1361 3108 Praecipue,

264 3148 338 3191 eum
359 3126 499 3190 necdum
514 3125 677 3190 Cardinali
693 3125 839 3190 excidere
853 3127 955 3210 possit
970 3127 1013 3206 id,
1030 3129 1070 3192 de
1085 3150 1148 3211 quo
1163 3116 1361 3212 protestatus

265 3233 336 3295 Rex
349 3232 385 3294 in
400 3231 594 3295 Praefatione
610 3252 669 3293 sua
683 3230 872 3307 Monitoria,
893 3231 934 3293 Ut
948 3252 986 3294 ne
1001 3233 1050 3295 cui
1065 3231 1124 3313 sas
1137 3230 1225 3312 soret
1240 3233 1362 3314 Prasa-

264 3337 342 3398 tioni
365 3356 437 3413 me,
460 3337 522 3398 nisi
545 3335 651 3398 eadem
672 3355 766 3415 opera
789 3341 819 3397 et
839 3334 1001 3417 Apolopioe
1022 3337 1116 3398 etiam
1137 3339 1362 3418 responsionem

255 3440 378 3520 justam
399 3446 429 3502 et
452 3440 625 3521 appositam
645 3437 837 3502 appareti.
882 3440 980 3517 Nam,
997 3462 1093 3522 quam
1109 3462 1128 3502 a
1145 3441 1244 3505 'Porto
1263 3441 1361 3505 habe-

263 3564 346 3621 muS,
362 3563 404 3605 ne
419 3541 567 3605 umbram
590 3540 718 3624 quidem
741 3543 948 3623 respersionis
970 3542 1077 3622 habet,
1094 3551 1206 3626 utpote
1229 3545 1264 3607 in
1288 3567 1360 3627 qua,

263 3646 326 3709 alia
349 3645 462 3722 multa,
481 3645 585 3708 aliena
607 3665 738 3728 prorsus
761 3651 981 3719 consectatum
1005 3666 1085 3728 quae,
1102 3647 1229 3709 Summe
1244 3654 1313 3711 erat
1328 3657 1362 3712 et

258 3751 416 3830 primaria
431 3749 574 3830 quaestio,
589 3747 641 3811 vix
657 3769 792 3829 usquam
808 3747 927 3829 attigit,
938 3769 1097 3830 nusquam
1113 3749 1195 3814 serio
1210 3752 1360 3836 exquesit,

263 3871 391 3934 nempe,
410 3851 483 3923 Qua
498 3852 594 3932 Papoe
605 3856 747 3931 potestus
761 3851 812 3927 sit,
830 3850 874 3911 ad
886 3850 1024 3913 sabditos
1045 3853 1144 3936 officio
1166 3873 1221 3916 suo
1242 3856 1360 3917 solven-

264 3954 328 4032 dos,
345 3974 383 4016 ac
396 3954 473 4037 fide,
490 3974 556 4035 pam
574 3954 689 4016 Caesari
703 3953 887 4034 somniisque
902 3954 1100 4036 Principibus
1116 3962 1276 4020 insertur:
1302 3958 1360 4021 Sin

263 4079 374 4121 secus:
401 4078 467 4120 non
483 4057 515 4120 id
531 4056 592 4120 sibi
606 4055 728 4139 negotii
742 4055 894 4118 daturum
916 4078 1068 4139 uuquam,
1086 4067 1122 4121 ut
1138 4060 1361 4143 Responsione

262 4160 330 4223 ulia
341 4182 399 4224 sua
413 4160 573 4243 dignetur.
618 4159 716 4224 Absit
731 4158 827 4236 enirn,
843 4165 881 4221 ut
895 4159 945 4236 Ei,
958 4160 1063 4243 Regni
1077 4182 1128 4224 res
1142 4164 1306 4245 tractanti,
1323 4187 1360 4229 ac

261 4270 426 4329 momenta
440 4264 577 4348 Reipub.
594 4265 696 4328 otium
712 4262 763 4341 sit,
778 4269 816 4325 ut
831 4262 982 4325 demittat
997 4284 1039 4340 se,
1056 4263 1095 4326 ad
1116 4266 1181 4329 teta
1203 4267 1272 4331 haec
1291 4277 1359 4332 tam

452 4396 465 4430 ¹
519 4398 560 4448 ide
570 4397 669 4448 Terent.
681 4397 787 4448 Eunueh
805 4399 832 4447 ii.
846 4396 917 4461 21]

450 4460 458 4497 ¹
495 4462 560 4513 Vide
572 4463 671 4514 Praetat.
684 4462 892 4527 Monttpp.146.
905 4464 959 4512 lte.
973 4461 1052 4513 Lond.
1065 4464 1147 4528 ldie]
