2910 4926
450 287 632 336 ironoonn
652 286 833 336 nnsronsm.
881 312 886 331 .
1126 271 1189 332 clo

92 464 162 526 quae
182 441 373 527 jamdudum
395 443 498 506 nihilo
520 443 622 524 magis
643 443 720 506 facit
744 441 902 518 Pontifex,
925 462 1022 523 quam
1038 439 1191 522 Princeps

93 545 194 628 quivis
211 545 387 608 Saecularis.

124 669 240 743 Apdstnli
252 717 258 730 .
270 715 276 728 .
288 680 357 729 Petri
369 680 524 730 Successores
535 718 541 729 .
553 717 559 729 .
573 716 580 730 .
593 679 728 730 Pontifices
739 694 799 739 esse,
811 679 902 729 docent
913 677 1084 740 antiquissimi
1096 677 1191 727 Pstres.

157 759 268 824 -[Bell.
280 761 354 824 Apol.
367 777 413 825 pro
424 761 507 826 Resp]
525 777 548 825 p.
560 764 616 812 les.
634 760 701 826 [Op.,
718 766 778 810 tom.
788 761 831 810 rii.
842 761 887 811 col.
897 760 952 812 807.
962 759 1001 824 B.]

136 860 202 925 Qui
224 859 315 922 Petri
335 859 479 942 Apostoli
500 861 626 944 proprie
648 862 813 924 Successor
834 861 899 923 dici
921 861 1000 937 vult,
1023 858 1192 940 Apostolus
1204 865 1331 932 [Episcopi

92 962 133 1024 sit
148 969 282 1044 oportet.
318 963 483 1026 Successor
497 963 584 1026 enim
598 963 741 1045 Apostoli
756 963 932 1046 Apostolus,
944 983 1010 1025 non
1026 933 1357 1046 Pontifer:{0⁸1‘0⁰m¹}„p⁰*

93 1072 126 1126 et
152 1063 316 1145 Pontificis
345 1064 503 1146 Pontifec,
533 1086 600 1128 non
629 1065 805 1148 Apostolus.
855 1065 992 1130 Differre
1018 1065 1105 1128 enim
1129 1064 1296 1126 istaaueeee

92 1167 178 1229 inter
201 1188 244 1244 se,
269 1166 303 1228 id
325 1177 515 1249 argumento
538 1177 604 1247 est,
630 1169 725 1253 quod,
750 1176 824 1232 ante
848 1168 1105 1234 consecrationis
1127 1188 1193 1231 auec
1205 1126 1290 1191 m]

93 1270 245 1348 solennia,
261 1269 297 1332 in
311 1271 412 1333 literis
421 1273 539 1334 Dotorn
554 1273 690 1354 opponit,
706 1273 839 1353 suscepti
855 1293 874 1334 a
889 1271 977 1334 nohis
991 1271 1194 1353 Apostolotus

93 1374 187 1457 rrfficii
212 1394 292 1436 nuno
309 1372 453 1454 pnmoh:
484 1384 556 1457 post
580 1375 724 1438 solennis
746 1396 830 1453 vero,
862 1375 1069 1457 Pontificatus
1094 1374 1194 1436 nostri

93 1497 174 1538 anno
183 1478 299 1556 primo.
324 1477 385 1554 Ita,
396 1475 543 1540 absorbet
558 1479 775 1559 Apostolutum
785 1476 1002 1558 Pontificatus.
1026 1476 1195 1559 Apostolus

95 1587 153 1655 est,
177 1578 324 1641 nondum
346 1587 497 1657 sacratus,
517 1586 550 1642 et
571 1578 660 1642 brevi
681 1588 824 1662 tempore
840 1581 1008 1662 Apostolus
1019 1606 1030 1652 ;
1054 1586 1195 1642 sacratus

94 1702 178 1758 ver0,
195 1679 352 1762 Pontifec,
368 1681 465 1763 idque
478 1681 515 1744 in
528 1689 727 1764 perpetuum.
756 1681 857 1746 Quasi
871 1683 1074 1764 Apostolotus
1088 1681 1196 1744 minus

95 1784 247 1868 quiddam
262 1784 313 1862 sit,
330 1805 426 1867 quam
441 1782 657 1864 Pontificatus.
692 1785 770 1848 Non
785 1785 872 1848 enim
887 1786 922 1847 in
935 1785 1027 1868 pejus
1040 1784 1194 1868 procedit,

95 1888 145 1968 (ut
160 1887 325 1971 speratur,)
346 1887 401 1951 sed
423 1887 463 1950 de
484 1886 569 1950 bono
591 1888 627 1950 in
647 1888 779 1952 melius:
802 1909 862 1952 nec
881 1890 1012 1970 proprie
1033 1889 1196 1951 succedere

96 1991 202 2067 Petro,
218 1995 253 2052 ut
267 1989 416 2071 Apostolo
425 1988 442 2067 i,
459 1988 539 2052 dixit
556 1989 672 2052 alicubi
686 1990 864 2055 cardinalis
879 1991 955 2073 ipse.
986 1990 1075 2063 erocl
1088 1996 1197 2053 sutem

96 2113 157 2154 non
172 2092 289 2156 dieitur
302 2092 364 2154 nisi
379 2093 556 2174 improprie,
571 2093 754 2175 simpliciter
767 2095 876 2175 nepori
890 2092 1021 2175 potestl.

142 2196 258 2257 Patres
272 2215 346 2256 vero
361 2193 409 2256 illi
424 2197 642 2276 antiquissimi,
659 2196 698 2258 de
713 2196 863 2260 inchoata
876 2196 923 2261 ibi
937 2218 994 2281 per
1008 2197 1150 2275 Petrum,
1160 2197 1196 2258 in

97 2297 191 2375 Lino,
206 2297 257 2359 vel
271 2296 448 2375 Clemente,
467 2297 570 2378 (umet
583 2297 670 2360 enim
685 2298 724 2360 de
739 2320 777 2362 eo
791 2300 921 2363 mundus
929 2299 947 2380 ¹)
968 2298 1196 2382 Episcoporum

97 2401 187 2479 serie,
204 2400 300 2463 verbs
325 2401 467 2464 faciunt:
494 2400 592 2485 (quod
616 2402 700 2464 nihil
726 2402 855 2466 adrem
878 2402 1068 2479 Cardinalis,
1091 2423 1196 2484 neque

98 2512 251 2586 negatum
267 2525 286 2565 a
300 2502 417 2586 nobis).
438 2503 645 2585 Pontificatus
658 2504 726 2589 ipse
737 2506 924 2587 Apostolotu
935 2507 1047 2588 major,
1059 2525 1196 2587 eumque

96 2607 187 2690 qnasi
201 2606 362 2669 lamellam
375 2607 412 2669 in
427 2628 511 2690 oaepe
526 2609 747 2691 complectens,
760 2608 889 2692 ignotus
903 2608 977 2671 illis.
1013 2608 1078 2671 Sed
1092 2629 1196 2691 neque

99 2710 300 2774 Successores
315 2711 542 2793 Apostolorum
564 2711 788 2795 agnoscebant,
803 2718 1015 2795 praeterquam
1037 2710 1197 2794 quomodo

97 2813 245 2895 Episcopi
270 2834 327 2896 per
349 2813 469 2877 Orbem
494 2823 653 2878 terrarum
679 2835 789 2878 omnes
814 2814 977 2897 Apostolis
1002 2813 1194 2878 succedunt:

97 2915 265 2979 intervallo
287 2915 394 2998 longo,
409 2916 533 2980 minore
554 2919 707 2981 multost
729 2917 840 3000 gradu,
863 2923 896 2980 et
918 2923 1084 2999 potestate.
1131 2914 1197 2980 Qui

97 3025 130 3081 et
145 3018 207 3101 ipsi
223 3018 349 3081 Summi
364 3019 535 3082 Pontifices
550 3027 647 3083 sunt:
678 3019 824 3084 Quorum
846 3026 878 3082 et
898 3040 1015 3081 munus
1030 3019 1196 3101 Apostolo-

97 3126 148 3184 tus
163 3128 211 3184 est
226 3120 311 3203 apud
325 3122 446 3185 Patres.

129 3254 225 3306 Videat
235 3293 241 3304 .
254 3291 260 3304 .
272 3254 335 3315 Rex,
343 3255 405 3305 dum
414 3256 544 3319 Principes
554 3255 704 3319 temporales
715 3255 807 3304 liberos
816 3255 896 3304 fucere
907 3254 1000 3304 nititur
1009 3255 1041 3305 ab
1053 3255 1195 3304 obedientia

163 3337 295 3386 Pastorum
311 3336 437 3397 Ecclesise,
454 3351 483 3386 sc
505 3351 580 3400 snper
597 3338 678 3401 ipsam
699 3336 836 3386 Ecclesiam
855 3337 1014 3395 constituere,
1034 3350 1067 3386 ne
1084 3336 1197 3399 captivos

162 3417 264 3467 Disboli
283 3417 365 3478 sociat,
384 3423 410 3467 st
426 3418 458 3467 sb
476 3418 586 3468 Ecclesia
605 3417 841 3482 excludat-[Bell
855 3417 929 3480 Apol.
941 3433 987 3481 pro
999 3415 1083 3481 Resp]
1102 3431 1126 3481 p.
1140 3419 1195 3466 183.

164 3500 233 3564 [Op.,
250 3502 309 3548 tom.
319 3500 361 3547 vii.
374 3499 420 3550 col,
432 3500 486 3552 807.
499 3499 540 3563 S]

146 3598 258 3659 Wdeot
287 3617 359 3679 erpo
386 3594 546 3676 Pontifcc,
577 3595 655 3657 dum
684 3594 813 3658 liberum
841 3615 873 3657 se
895 3593 1006 3675 fucere
1036 3596 1149 3658 nititur
1175 3616 1195 3657 o
1211 3612 1338 3675 [Rexnoa

96 3700 282 3781 subjectione
304 3700 417 3762 divine
435 3699 651 3776 ordinationis,
671 3697 722 3780 (de
744 3719 807 3780 qua
828 3705 896 3760 tam
911 3697 1027 3761 diserte
1042 3699 1156 3761 Petrus
1164 3709 1194 3777 ¹¹¹,
1207 3678 1338 3807 {lffimll}

98 3812 194 3887 utque
224 3801 302 3865 adeo
331 3802 473 3864 Paulusn
497 3802 715 3882 monuerunt)
742 3821 781 3862 oc
806 3821 908 3881 super,
935 3821 997 3863 non
1021 3801 1196 3864 Ecclesiam

99 3907 198 3982 modo,
214 3905 270 3967 secl
283 3905 392 3986 Repno
408 3926 524 3986 quoque
539 3903 645 3966 mundi
659 3924 691 3966 se
706 3905 911 3975 cauticum,-
937 3925 975 3967 ne
989 3905 1150 3985 Captivum
1164 3925 1197 3967 se

140 4087 152 4120 l
179 4089 359 4139 Csoremoniale
392 4089 422 4152 [i.
441 4105 462 4138 e.
496 4089 627 4139 Sscrarum
672 4088 864 4153 [§.‘Secundo.'
883 4088 938 4152 Op..
948 4094 1008 4139 tom.
1017 4089 1044 4138 il.
1056 4105 1080 4152 p.
1090 4089 1195 4153 456.A.]

99 4155 303 4203 coeremoniarum
323 4153 391 4215 Lib.]
418 4154 462 4203 lib.
479 4154 496 4202 i.
521 4155 592 4218 [sect
608 4154 624 4202 i.
707 4150 713 4183 ¹
741 4153 862 4217 [Respicit
898 4154 963 4202 iliud
1003 4156 1033 4203 de
1067 4153 1196 4202 Clemente

99 4233 152 4311 cap.
164 4219 196 4266 vi.
214 4218 255 4266 sol.
268 4220 306 4265 12.
321 4218 344 4265 b.
357 4216 448 4266 Venet.
461 4219 545 4280 1582]
671 4223 800 4280 quarto,—

155 4281 240 4345 [Bcll.]
259 4281 290 4329 de
310 4280 406 4345 [Rom]
425 4282 495 4331 l'ont.
520 4281 627 4346 [lib.]ir.
672 4287 687 4308 ‘¹
695 4282 777 4330 Notat
798 4281 879 4329 adhuc
899 4282 1014 4340 mundus,
1034 4282 1066 4331 sit
1086 4287 1197 4344 querius,

101 4345 174 4410 [esp]
186 4347 224 4394 25.
248 4349 268 4403 ξ.
282 4346 459 4410 ‘Respondes'
476 4348 598 4410 0p.,lom.
611 4347 626 4394 i.
752 4346 818 4394 sitne
836 4345 991 4410 secundus.”]

99 4424 123 4473 p.
137 4409 233 4458 230.G.
704 4419 720 4440 ¹¹¹
744 4409 862 4458 1Pet.ii.
877 4410 929 4474 le]

132 4473 232 4538 ι[ΒεΙΙ.
255 4473 377 4537 delmug.
390 4474 493 4539 [1ib.]ii.
507 4474 627 4540 [cap.]2l.
703 4483 715 4505 ¹¹
745 4474 814 4522 Rom.
826 4475 881 4523 xiii.
894 4475 930 4539 1.]
