2910 4926
461 273 644 329 emmanu
665 273 846 324 acaronem.
1140 261 1205 324 335

105 436 195 522 cupit
210 437 291 514 Rex,
307 456 404 519 quam
426 455 465 498 ex
480 433 585 498 verbis
606 433 683 517 ipsis
698 433 829 514 Christi,
842 440 956 518 quater
969 432 1004 497 in
1019 434 1205 518 Evangelio,
1219 441 1329 493 adventu

103 538 154 603 bie
164 539 249 624 apud
261 536 486 615 Matthaeumk,
498 538 596 602 semel
608 537 694 620 apud
705 535 875 616 Marcuml,
887 537 986 601 semel
997 537 1109 601 itidem
1122 537 1207 621 apud
1220 507 1348 623 ffiffss

104 642 254 708 Irucam¹³
265 640 410 727 repetitis
419 639 473 723 (ut
485 641 664 724 prophetiae
675 648 792 705 natura
802 641 876 724 fert)
890 641 968 704 satis
982 662 1040 724 par
1054 661 1089 705 sa
1103 641 1206 705 claris.
1220 636 1293 702 rint]

105 746 175 812 Ubi
198 746 283 830 quod
306 745 367 810 sibi
389 745 477 808 laudi
504 744 604 824 ducit,
628 745 734 827 (paulo
754 752 836 828 post,
856 744 918 808 hoo
938 744 1008 827 ipso
1030 744 1157 828 capita)
1175 752 1208 809 et
1236 799 1242 814 .

104 870 180 915 vero
195 850 255 914 sibi
271 849 370 913 sumit
386 870 444 931 pro
459 849 660 925 auctoritate,
672 847 733 912 hac
748 847 817 931 ipsa
830 848 864 910 in
879 847 1049 931 prophetia
1062 847 1209 932 (mystica

106 952 237 1036 quidem
252 953 308 1016 illa
323 957 356 1014 et
376 951 521 1033 obscura)
542 951 652 1014 omnia
667 951 708 1013 ad
725 952 849 1013 literam
863 970 1023 1029 revocare,
1039 958 1072 1014 et
1087 971 1207 1027 saccos,

104 1077 193 1119 veros
212 1075 329 1133 saccos,
350 1061 384 1117 ct
404 1055 551 1132 triduum,
567 1074 672 1116 veum
694 1055 842 1132 triduum,
857 1053 1061 1137 interpretari
1071 1079 1080 1131 3
1104 1074 1161 1117 cur
1174 1053 1209 1117 id

107 1158 189 1240 Regi
209 1158 263 1221 hic
279 1157 358 1220 vitio
372 1163 487 1234 vertat,
510 1156 537 1219 si
556 1165 684 1219 revocet
704 1154 760 1220 ille
782 1156 824 1219 ad
845 1156 982 1235 literam,
1002 1177 1073 1239 quae
1095 1156 1135 1219 de
1153 1156 1208 1219 ad-

105 1268 205 1326 ventu
220 1261 309 1338 Eliae,
326 1281 384 1323 seu
403 1259 553 1323 missione
568 1260 684 1341 Arpelt'
699 1266 772 1323 ente
783 1258 903 1340 sociem
916 1269 1043 1336 euam¹¹;
1071 1260 1209 1323 christus

106 1365 183 1448 Ipse
205 1386 273 1428 non
295 1364 413 1447 populo
435 1365 469 1425 in
488 1363 662 1444 parabolis,
686 1362 742 1427 aed
758 1356 926 1446 'discipulis
949 1363 1015 1427 suis
1032 1365 1207 1445 perspicue,

106 1477 203 1551 atque
218 1467 298 1530 adeo
312 1465 484 1531 Malachiae
498 1486 597 1549 agens
611 1466 832 1549 interpretem,
848 1467 918 1530 sinc
939 1466 1106 1530 involucro
1121 1467 1210 1529 omni

106 1571 272 1635 enucleate
299 1570 459 1634 disseruit.
515 1570 694 1634 Cardinalis
723 1577 841 1647 autem,
873 1591 947 1634 cum
982 1591 1104 1647 eorum,
1139 1591 1210 1653 quaa

107 1676 258 1741 Christus
273 1674 318 1739 ibi
334 1674 421 1753 dicit,
438 1673 576 1758 priorem
592 1682 716 1757 partem
732 1673 872 1753 adducit,
890 1689 961 1758 quse
974 1674 1010 1738 in
1032 1695 1103 1738 rem
1118 1695 1209 1738 suam

106 1779 176 1844 visa
189 1786 248 1857 cst,
263 1779 448 1862 praescindit
459 1777 678 1861 posteriorem,
688 1777 774 1842 unde
795 1777 963 1842 sententiae
977 1778 1039 1842 toti
1049 1778 1106 1841 lux
1121 1784 1208 1842 erat:

108 1903 192 1960 eum,
215 1900 285 1964 quae
311 1881 443 1944 diversis
467 1879 546 1944 locis
568 1880 683 1963 posita,
708 1900 746 1944 ea
770 1881 889 1962 repetit
911 1879 980 1964 ipse
1003 1880 1145 1959 confuse,
1169 1901 1210 1943 ne

108 1984 233 2049 diversa
255 1989 418 2067 putentur,
444 1982 500 2047 sed
520 1983 644 2062 eadem,
663 1992 760 2067 atque
780 2005 839 2067 pro
854 1984 917 2048 alio
932 1992 1080 2047 sumatur
1103 1983 1190 2048 aliud
1199 2009 1209 2060 ;

109 2108 162 2167 an,
179 2087 268 2170 quasi
283 2087 362 2150 bona
377 2085 446 2167 fide
466 2087 575 2168 aperit,
590 2086 716 2150 laudari
729 2087 826 2150 vult?
849 2108 958 2150 annon
973 2088 1079 2170 potius
1094 2088 1210 2166 notari,
1312 2082 1319 2109 ‘

110 2188 195 2272 quod
209 2189 319 2253 mala?
359 2189 410 2253 De
425 2188 596 2253 Malachiae
611 2189 725 2269 verbis,
742 2188 798 2272 qui
812 2190 919 2253 Eliam
933 2189 1023 2272 prins
1038 2198 1211 2254 venturum

109 2292 244 2370 dixerat,
261 2291 434 2375 respondet
449 2292 596 2356 Christus
616 2299 651 2355 et
670 2293 757 2356 ultro
777 2313 846 2375 cap.
861 2293 914 2371 xi.,
932 2300 965 2356 et
979 2301 1111 2375 rogatus
1125 2294 1211 2371 xvii„

108 2401 181 2458 tum
196 2395 301 2458 Marci
324 2395 422 2458 etiam
442 2416 530 2458 nono
550 2394 760 2478 quaestionem
776 2395 871 2459 solvit
886 2395 926 2459 de
941 2396 1025 2460 Elia.
1069 2397 1210 2478 Prophe·

110 2500 188 2562 tium
201 2500 289 2561 illam
304 2501 485 2580 completam
491 2501 564 2581 jam
578 2520 662 2563 ease:
678 2500 802 2564 venisse
814 2499 911 2577 enim,
923 2521 1017 2583 quem
1033 2499 1211 2564 Malachias

109 2608 281 2666 venturum
297 2600 429 2679 dixerat,
445 2602 562 2680 Elium,
578 2623 695 2686 nempe
707 2604 887 2667 Joanncm:
911 2603 1024 2667 secisse
1041 2604 1211 2682 Joannem‚

111 2725 183 2788 quae
198 2704 377 2767 Malachiae
399 2704 504 2768 Eliam
524 2703 685 2768 facturum
708 2705 852 2770 dixerat:
880 2707 944 2789 qui,
962 2707 1037 2789 quia
1050 2708 1084 2769 in
1098 2708 1212 2788 spiritu

111 2814 141 2870 et
163 2809 278 2870 virtute
304 2807 403 2869 Elim
425 2816 566 2886 venerat,
588 2809 705 2889 Eliam,
733 2811 785 2892 (ex
805 2811 975 2894 Prophetae
997 2810 1119 2893 mente)
1143 2812 1212 2895 jam

111 2911 234 2975 venisse
250 2911 401 2976 Christus
416 2910 563 2993 explicat.

144 3030 278 3080 Lecturam
290 3029 339 3079 erit
345 3028 481 3092 judiciam,
497 3028 557 3078 Utri
572 3030 664 3078 rectius
677 3031 847 3093 exposuerint,
859 3067 865 3080 .
878 3068 884 3080 .
897 3067 904 3081 .
917 3031 971 3082 Rex
984 3048 1041 3082 cunr
1053 3032 1179 3095 Chytraso,
1189 3037 1216 3083 ct

177 3110 333 3171 Bibliandro,
352 3124 386 3160 an
401 3125 449 3173 ego
466 3124 525 3160 cum
541 3109 776 3175 Patribus—[Bell.
786 3111 861 3175 Apol.
880 3125 927 3175 pro
938 3112 1024 3177 Resp]
1040 3128 1065 3177 p.
1076 3116 1129 3163 140.
1148 3113 1215 3178 [Op.,

176 3196 238 3241 tom
251 3192 295 3241 rii
307 3191 353 3240 col.
362 3191 417 3244 783.
430 3191 476 3254 Ι).]

155 3274 229 3337 Nec
252 3296 271 3337 a
295 3273 484 3338 Bibliandro
496 3285 520 3352 r,
530 3274 581 3337 vel
601 3273 778 3358 Chytraeon
801 3274 909 3337 hausit
929 3275 986 3337 ffl„
1001 3276 1080 3340 Rex·
1127 3277 1214 3342 Quid
1230 3277 1312 3393 iim
1344 3343 1350 3355 .

113 3397 193 3460 opus
214 3375 369 3454 hauriret,
384 3382 453 3439 tam
473 3397 511 3439 ex
531 3376 635 3440 verbis
655 3376 731 3460 ipsis
751 3377 915 3460 eliquata?
959 3380 1037 3443 Non
1056 3380 1211 3463 (inquam)
1230 3358 1374 3462 vffffif’

112 3479 222 3544 hausit
236 3479 294 3542 illa
315 3481 405 3542 Rex:
430 3500 473 3542 ne
487 3480 598 3543 Vestri
614 3480 761 3563 quidem:
789 3481 977 3567 Burgensis,
993 3482 1065 3560 eui,
1081 3483 1165 3565 qaod
1178 3484 1215 3546 de
1228 3470 1382 3602 fflffffi·

113 3583 190 3646 Elia
210 3583 328 3671 dicitur
353 3583 451 3664 (apud
472 3584 685 3666 Prophetarum)
710 3585 834 3648 videtur
852 3587 983 3667 proprie
1006 3588 1216 3669 exponendum

115 3687 153 3749 de
167 3686 318 3767 Baptista
326 3695 346 3750 ¹.
381 3685 540 3749 Vatablus
558 3686 599 3749 ad
614 3687 720 3750 locum
736 3688 918 3768 Malachiae,
933 3690 1036 3753 Locaoe
1051 3692 1109 3754 iste
1124 3712 1216 3774 cepo-

114 3787 233 3850 neodus
250 3793 305 3865 eat,
324 3787 361 3850 de
377 3788 483 3868 primo
502 3789 621 3884 Christi
635 3788 810 3854 Adveatw.
854 3791 949 3854 Arias
964 3792 1110 3876 denique.
1156 3795 1218 3858 At-

148 3912 159 3944 ¹¹
189 3913 261 3963 Matt
274 3916 309 3964 xi.
325 3915 368 3967 17:
388 3916 449 3965 xvii.
464 3915 514 3979 12]
687 3916 829 3966 aDoctore
847 3917 944 3969 Davidc
973 3919 1098 3983 Chytraeo,
1114 3936 1167 3986 cap.
1181 3924 1216 3972 xi.

147 3976 154 4008 ¹
270 3979 354 4029 rma.
687 3996 711 4044 p.
724 3983 780 4030 241.
810 3981 991 4045 meamea]

149 4050 168 4137 d
191 4042 250 4156 idi
263 4044 306 4156 iii
318 4045 356 4156 ii
688 4045 1216 4178 ariihiiiiidiiiiiiiiiihiii

118 4244 175 4361 a
192 4171 404 4350 iiidie·
419 4236 645 4351 aram
687 4175 1217 4356 thora

176 4335 181 4346 .
250 4336 352 4349 ...
485 4339 490 4350 .
617 4317 646 4361 rs,
714 4319 847 4362 1.acra,
902 4319 981 4355 man.
1062 4321 1151 4368 3qu1a
1189 4324 1218 4368 1,

118 4361 648 4555 dietatem-{erdere
692 4368 1067 4496 'immundum
1080 4369 1217 4420 aunum

350 4509 356 4542 ι
446 4510 454 4543 ι
488 4509 502 4544 e
576 4509 650 4557 gnra
