2910 4926
255 239 318 303 104
567 252 610 301 ao
632 253 823 302 cruciamus
845 253 1044 302 ammaum

254 410 341 475 lllud
360 418 470 474 tamen
490 409 620 494 (credo),
635 417 671 474 at
688 411 857 475 cohibitam
874 413 948 475 alim
971 417 1046 475 ante
1068 431 1165 474 aanor
1179 411 1252 494 plus
1272 412 1357 473 mille

253 515 408 579 honorem
431 514 581 578 Pontifici
605 536 662 578 suo
686 514 832 578 doceret:
856 536 922 578 non
948 521 1057 579 autem
1076 514 1173 598 (quod
1196 514 1351 596 instituit)

256 626 292 681 ut
298 618 370 698 jam
385 617 534 681 exbiberi.

300 720 378 798 Ubi,
394 719 671 784 Bibliothecariam
695 727 828 784 vestram
854 741 967 804 pamm
990 742 1163 799 moramur,
1186 719 1357 804 parasitas-

255 829 342 887 trum
369 823 447 907 ejus,
476 823 536 906 (uti
560 845 593 888 se
618 823 730 888 multis
752 823 787 886 in
812 823 890 888 locis
912 823 1064 906 ostendit)
1084 824 1136 887 cui
1157 824 1356 886 Bibliotheca

255 932 362 991 mistos
386 934 464 990 crat.
522 927 594 991 Nec
618 927 705 991 enim
731 926 764 989 id
790 926 830 990 de
853 926 914 990 hoa
939 928 1063 991 Caesare
1087 925 1248 1003 credibile,
1272 926 1355 989 Cum

255 1028 349 1092 aunis
362 1035 435 1112 post
451 1035 581 1094 centum
598 1036 630 1093 et
646 1028 879 1112 quinquaginta
893 1029 1023 1112 Agatho
1039 1030 1135 1112 Papo,
1144 1027 1231 1110 stepo
1246 1030 1357 1090 anemo

253 1132 370 1212 poplite
383 1131 565 1213 suppliciter
573 1132 805 1214 Imperatorem
817 1131 1009 1214 deprecator,
1023 1138 1055 1195 et
1064 1133 1124 1214 pia
1136 1132 1200 1213 eriis
1215 1132 1355 1214 aeotipia,

255 1241 325 1298 tum
335 1235 544 1316 pariliitatem
562 1256 654 1299 suam
675 1242 842 1313 memorat,
858 1256 895 1299 ac
903 1241 1082 1317 promptam
1097 1234 1301 1298 obedientiam
1315 1234 1356 1298 ad

255 1338 356 1421 ipsius
361 1339 521 1420 jaroioaee
535 1345 568 1402 et
577 1344 736 1421 precepta
751 1339 945 1422 profitetur&
982 1340 1076 1417 Cum,
1086 1345 1158 1421 post
1174 1359 1275 1401 annos
1289 1337 1356 1401 fere

254 1448 426 1521 trecentos,
457 1442 502 1505 sio
523 1441 687 1507 Adrianus
716 1443 804 1526 Papa
832 1440 951 1504 scribat
975 1441 1189 1506 Constantino
1213 1439 1356 1505 Orientis

255 1544 457 1628 Imperatori,
473 1546 576 1609 Veluti
583 1551 753 1627 protentae
761 1543 890 1626 penitas
904 1544 1052 1622 advoluti,
1065 1551 1095 1607 et
1110 1564 1214 1607 coram
1224 1545 1356 1627 aeetipia

249 1648 753 1729 pedumvearoamvomtandor.
785 1647 902 1731 Neque
911 1647 953 1711 ad
963 1647 1051 1711 hunc
1062 1648 1181 1732 Papam
1193 1646 1355 1711 credibile.

145 1754 185 1816 81
256 1750 474 1816 Abstinuisset
496 1751 594 1830 euim,
609 1751 660 1815 vel
682 1749 723 1815 ob
743 1751 815 1829 hoc,
834 1751 926 1835 ,quod
946 1751 1085 1814 venisset
1106 1759 1178 1814 tum
1201 1751 1355 1835 Legatos,

255 1853 369 1933 alieno,
393 1875 460 1918 non
484 1875 541 1918 suo
566 1854 707 1932 nomine,
736 1853 866 1937 (missus
891 1875 911 1916 a
935 1852 1133 1918 Theodorioo
1159 1853 1355 1918 Gotthorum

255 1956 374 2040 Regc¹)
400 1956 539 2021 venisset
559 1963 668 2022 autem
693 1957 728 2020 in
751 1978 847 2021 causa
868 1956 1075 2037 Arianorum,
1093 1963 1131 2020 ut
1153 1956 1287 2021 liberam
1310 1958 1355 2023 eis

135 2138 138 2151 ¹
254 2082 346 2124 saara
366 2059 504 2125 faciendi
526 2067 720 2144 potestatam
741 2060 940 2144 impetraret.
988 2059 1061 2136 Sed,
1079 2068 1236 2143 quantum
1255 2061 1285 2124 ei
1303 2082 1354 2124 ao-

255 2162 368 2227 cresoit
387 2162 422 2227 iu
442 2163 587 2242 Oriente,
612 2184 651 2228 ex
671 2163 792 2228 honore
812 2185 832 2227 a
853 2163 993 2242 Iustino,
1016 2169 1145 2226 tantum
1170 2162 1295 2227 decedit
1315 2185 1355 2228 ex

253 2266 440 2350 ignominia,
468 2288 565 2350 quam
590 2288 704 2350 passus
729 2265 765 2329 in
791 2265 987 2330 Occidente:
1018 2273 1057 2330 ut
1083 2266 1140 2349 qui
1160 2287 1275 2349 parum
1297 2288 1355 2350 pro

255 2368 413 2453 dignitate
429 2368 559 2434 habitus
577 2369 619 2434 sit
638 2391 657 2434 a
677 2369 876 2434 Tbeodorico
897 2377 970 2434 tum
986 2371 1092 2452 Rege:
1117 2369 1172 2453 qui
1190 2391 1265 2434 eum
1281 2392 1355 2435 con-

251 2472 375 2557 jectum
389 2471 425 2536 in
439 2471 577 2552 vinorrla,
592 2471 638 2538 ibi
653 2471 783 2557 poedore
798 2480 831 2537 et
845 2472 930 2537 fame
945 2472 987 2537 ad
997 2492 1111 2538 necem
1126 2472 1243 2536 demta.
1285 2474 1356 2538 Nec

255 2594 332 2639 sane
347 2574 518 2654 immerito,
536 2574 574 2659 (si
585 2595 660 2639 vera
672 2574 737 2654 illa,
751 2596 821 2659 quae
836 2581 945 2639 narrat
956 2573 1223 2641 Bibliothecarius
1236 2578 1353 2659 vester)

255 2676 311 2760 qui
336 2676 370 2741 id
401 2676 472 2757 sibi,
501 2677 588 2743 Petri
615 2677 805 2757 Successori,
828 2678 898 2743 fieri
927 2699 1039 2761 passus
1065 2699 1084 2741 a
1109 2679 1244 2757 Caesare,
1271 2679 1356 2763 quod

255 2780 371 2844 Petrus
387 2780 454 2864 ipse
469 2781 536 2865 pati
551 2780 655 2844 uoluit
670 2802 688 2843 a
704 2780 903 2845 Centurionc
913 2791 941 2845 ¹:
959 2789 995 2844 ut
1011 2802 1044 2844 se
1053 2801 1173 2862 pronas
1188 2783 1222 2844 ia
1240 2788 1355 2845 terram

255 2883 412 2946 adoraret.

286 3002 303 3052 J
305 3002 446 3052 ustluianus
458 3002 547 3052 Senior
560 3001 577 3052 J
579 3018 686 3053 munem
699 3003 727 3053 ii.
740 3002 822 3066 Oaput
837 3004 952 3052 omnium
972 3001 1134 3051 ecclesiamm
1151 3002 1298 3066 appellarit,
1310 3040 1315 3050 .
1329 3040 1334 3051 .
1348 3040 1353 3050 .

319 3084 350 3133 la.
363 3083 445 3134 ‘Inter
457 3083 557 3144 Clarus:
569 3084 595 3133 0.
609 3083 660 3134 ‘Dc
672 3084 741 3134 Sum.
749 3083 820 3133 Irin.
831 3089 857 3133 et
868 3084 911 3134 fid.
925 3081 1132 3147 conv-[Bul.
1142 3083 1270 3148 Apolpro
1280 3082 1353 3146 Rop.
1413 3130 1421 3142 ,

319 3178 343 3227 p.
357 3165 394 3216 27.
413 3163 468 3229 Op,
480 3168 540 3214 tom.
554 3164 598 3214 rii.
609 3165 655 3214 eol.
668 3165 722 3216 720.
737 3165 782 3229 Α.]

87 3264 243 3328 [instruam
299 3255 429 3318 Poterat
452 3275 527 3318 vcro
554 3253 733 3319 cardinalis
758 3253 918 3318 abstinero
944 3277 963 3317 a
990 3256 1077 3336 Lege
1102 3255 1208 3317 ‘Inter
1229 3256 1352 3317 claras'

88 3328 164 3395 ⁸022]

255 3357 400 3422 citanda:
426 3380 521 3441 quam
537 3357 608 3436 seit,
620 3359 816 3421 irrterclurar
831 3358 917 3439 loges
933 3380 999 3420 non
1014 3357 1115 3436 citari,
1132 3358 1188 3422 sed
1203 3357 1354 3422 obscuras

254 3467 287 3524 ct
303 3461 508 3526 adulterinas.
554 3462 684 3525 Poterat
699 3462 797 3525 etiam
812 3483 831 3523 a
847 3460 1023 3523 Iustiniani
1038 3461 1219 3539 mentione3
1245 3462 1298 3544 qui
1321 3463 1355 3525 in

256 3564 389 3628 Silvcrio
419 3564 506 3646 Papa
535 3564 685 3646 primum,
711 3563 766 3645 qui
795 3569 867 3646 post
893 3563 928 3626 iu
953 3562 1073 3646 Vigilio
1101 3563 1179 3626 satis
1203 3564 1353 3642 ostendit,

255 3668 361 3748 aliqua
390 3688 429 3730 ea
452 3672 548 3747 parte
572 3665 724 3746 Pontifice
749 3687 782 3729 ee
810 3668 999 3748 repertorem
1025 3687 1099 3730 esse.
1146 3668 1244 3730 Illum
1268 3669 1354 3731 enim

255 3768 360 3845 exilio,
376 3768 463 3832 huuc
483 3789 609 3832 carcere
631 3768 826 3834 mulctavitb.
872 3769 955 3836 Quis
977 3770 1064 3834 euim
1089 3771 1270 3853 Imperator
1294 3772 1355 3834 Sil·

288 3896 296 3926 ¹
329 3894 395 3944 l'ido
412 3894 433 3943 Ε
452 3895 492 3945 lst
505 3895 521 3944 l.
542 3894 685 3957 agathonis
696 3894 779 3959 l'apoe,
825 3896 871 3946 col.
884 3900 923 3956 99,
936 3912 987 3960 seq.

254 3974 304 4022 spu
339 3958 413 4008 Cone
427 3911 540 4009 dciii.
558 3961 614 4008 Act.
627 3959 780 4024 iv.—Cono.]
856 3961 966 4025 ¹[l'ide
999 3961 1038 4010 'ia
1057 3961 1129 4011 Joou.
1147 3962 1223 4026 Pspae
1241 3962 1261 4010 l.
1279 3960 1354 4011 Conc.

256 4030 317 4072 tom.
329 4024 367 4072 iil.
387 4023 455 4074 Edit
467 4023 531 4073 ch.
550 4039 574 4087 p.
583 4027 644 4074 245:
676 4030 702 4073 et
718 4030 778 4075 tom.
825 4031 885 4075 tom.
898 4027 929 4075 iv.
943 4026 989 4075 col.
1002 4027 1072 4075 loco.
1085 4026 1112 4075 0.

258 4088 291 4136 rt.
309 4088 365 4137 roll.
377 4091 431 4138 681.
445 4089 521 4139 Aee.
536 4092 591 4143 aar.
609 4090 640 4139 1).
696 4090 782 4140 hbet
856 4089 1020 4140 rimarer.
1034 4094 1104 4140 1601.
1141 4091 1198 4155 .C.]

258 4152 340 4215 Coss]
853 4164 862 4186 ¹
881 4092 953 4219 ditet.
963 4156 1051 4218 Apost
1064 4172 1088 4205 1.
1102 4156 1156 4220 26]

291 4225 302 4248 ’¹
322 4215 409 4282 [Apud
420 4218 485 4268 Acta
496 4217 671 4269 Conclilcii.
684 4218 776 4269 Astii.
853 4229 864 4251 ¹
891 4219 951 4270 Ood.
971 4220 1016 4270 lib.
1029 4222 1045 4269 i.
1064 4221 1133 4270 titi.
1154 4236 1194 4284 ap.
1213 4220 1354 4284 Carpion

258 4280 572 4347 cone.]tom.ii1.p475.
595 4283 662 4333 lldit
676 4283 780 4341 t'enet.;
825 4285 879 4335 Cir.

256 4351 283 4397 et
293 4352 355 4397 tom.
366 4348 410 4397 rii.
422 4348 468 4399 col.
480 4347 572 4399 abab
620 4348 662 4399 bb.
674 4353 700 4398 ot
712 4348 780 4399 (lora
857 4349 964 4415 l[l'ido
990 4352 1076 4399 :tuost
1100 4351 1127 4399 iu
1152 4351 1213 4399 l'ita
1233 4349 1355 4412 vigil.-

256 4411 317 4463 Alis
332 4426 391 4463 raro
402 4413 482 4463 vento
493 4412 568 4477 hrrjus
577 4413 698 4478 Epistola
708 4413 780 4464 babo
825 4415 899 4466 Cone.
912 4422 972 4465 tarn.
986 4431 1008 4463 r.
1021 4415 1077 4466 coll.
1088 4416 1143 4466 δοῖ.
1158 4415 1186 4465 b
1198 4417 1253 4466 808.
1266 4414 1296 4463 A.
1310 4413 1353 4477 B.]

255 4482 298 4529 tar
312 4477 340 4527 ln
351 4476 439 4529 (ireres
449 4477 527 4541 ejusd.
536 4478 609 4530 Cone
619 4478 780 4530 edit-ibid
