2910 4926
480 300 663 348 reomensi
685 303 866 352 amrousro.
1159 290 1223 354 265

188 453 305 517 effigiem,
322 453 350 503 id
368 458 407 503 est
424 454 573 514 accidentia,
593 472 643 507 non
662 457 873 523 mutari-[Bell.
886 457 960 522 Apol.
972 472 1019 524 pro
1030 458 1115 523 Resp]
1132 474 1156 523 p.
1169 459 1224 511 107.

150 568 153 573 -
187 533 254 598 [Op.,
266 539 328 584 tom.
340 535 383 584 vil.
395 535 441 585 eol.
453 536 508 586 764.
521 535 548 585 C.
558 535 598 601 D.]

170 633 284 696 &auis
305 641 411 697 antem
435 641 545 698 auctor
566 637 629 713 ille,
656 638 722 720 (qui
744 659 853 701 morea
878 639 1029 720 Cypriani
1047 641 1142 720 perit,
1164 651 1358 767 necbtrnoldi

123 736 306 820 Cyprianus
335 744 445 801 tamen
475 739 547 821 est,)
581 746 733 803 mutatum
762 742 840 804 dicit
869 748 984 805 natura
1008 763 1134 822 panem,
1165 763 1226 805 aon
1259 715 1359 781 “md

123 840 242 924 effipie:
278 839 364 922 quod
389 862 494 925 neque
520 863 676 925 negamus
702 865 770 908 nos.
819 844 883 908 Sed
911 844 1090 910 cardinalis
1115 854 1225 908 tamen

124 943 272 1025 glossam,
289 949 445 1023 naturam,
461 945 565 1025 idest,
582 946 797 1025 substantiam,
814 955 845 1011 et
859 949 998 1033 ffpieru,
1014 949 1050 1010 id
1070 955 1126 1027 est,
1143 950 1225 1012 acci·

125 1047 241 1124 ductio,
272 1046 492 1130 deprecamur.
537 1051 721 1114 Accedente
751 1051 837 1115 enim
864 1051 952 1116 verbi
981 1051 1225 1135 omnipotentia,

124 1155 274 1213 naturam
289 1151 418 1229 mutari,
434 1160 482 1231 ut,
499 1154 585 1235 quod
601 1162 677 1217 ante
699 1155 825 1219 nudum
840 1156 1037 1220 elementum
1052 1161 1130 1234 erat,
1147 1155 1226 1219 divi-

124 1274 205 1316 num
223 1253 294 1335 jam
308 1253 365 1316 fiat
382 1255 638 1332 Sacramentum,
654 1266 806 1323 manente
821 1264 940 1337 tamen,
958 1279 1030 1342 quae
1050 1258 1138 1341 prins
1152 1258 1225 1338 fuit,

126 1357 317 1421 substantia.
372 1359 499 1422 Docent
520 1360 582 1424 hoc
605 1383 675 1443 quae
700 1362 810 1426 statim
834 1370 1014 1445 sequuntur
1035 1363 1151 1438 verba;
1182 1369 1225 1441 et,

127 1481 198 1543 qnae
213 1482 286 1543 pars
307 1466 383 1532 sunt
406 1461 551 1544 ejusdem
573 1462 705 1546 periodi,
722 1472 754 1527 et
778 1464 901 1529 asebis
922 1486 1056 1548 semper,
1073 1486 1140 1529 non
1158 1466 1227 1529 sine

125 1564 248 1642 fraude,
263 1565 405 1648 praecisa.
450 1566 496 1629 Et
518 1568 600 1629 sicut
614 1568 648 1629 in
659 1588 795 1648 persana
815 1569 933 1631 Christi
950 1570 1128 1632 humanitas
1141 1570 1226 1631 oide-

126 1668 227 1747 batur,
250 1676 281 1732 et
304 1670 421 1734 latebat
442 1671 610 1744 divinitas;
635 1673 682 1734 ita
707 1673 909 1735 Sacramenta
930 1672 1047 1736 visidm
1069 1673 1176 1735 diuina
1194 1693 1227 1736 se

125 1770 241 1854 tanta
267 1775 409 1837 essentia.
454 1775 504 1838 Ea
526 1796 642 1857 nempe
666 1774 852 1858 conjunctio
873 1775 959 1838 inter
983 1777 1227 1839 Sacramentum
1321 1818 1326 1827 -

125 1878 259 1957 visibile,
279 1885 312 1942 et
335 1900 404 1942 rem
426 1879 626 1942 Sacramenti
647 1878 850 1955 invisibilem,
875 1900 945 1962 quae
969 1879 1055 1943 inter
1077 1880 1226 1944 humani-

126 1987 227 2045 tatem
243 1990 276 2045 et
292 1981 492 2045 divinitatem
504 1981 635 2058 Christi,
649 1981 715 2058 ubi,
728 1981 791 2044 nisi
806 1982 979 2066 Eutychen
994 2003 1104 2066 sapere
1116 1983 1226 2063 vultis,

126 2086 310 2149 humanitas
335 2086 370 2148 in
401 2084 602 2148 divinitatem
632 2107 698 2149 non
731 2085 1050 2149 transubstantiatur.
1104 2087 1160 2165 At,
1191 2095 1228 2151 ut

126 2195 272 2252 naturam
295 2189 340 2253 ibi
363 2189 444 2253 scias
466 2189 506 2252 de
527 2188 702 2252 substantia
724 2210 791 2253 non
813 2189 961 2272 intelligi,
978 2189 1034 2253 nbi
1053 2189 1098 2254 ait
1113 2192 1228 2255 Petrus

127 2294 239 2356 diuina
253 2301 373 2357 natura
381 2294 457 2375 fieri
472 2313 528 2356 nos
543 2290 727 2371 consortes‘l,
744 2299 842 2376 negat
857 2294 978 2356 Auctor
991 2295 1045 2356 illc
1057 2294 1102 2375 (et
1117 2293 1228 2358 eadem

127 2395 230 2459 adhuc
245 2397 387 2479 periodo)
405 2417 499 2477 usque
514 2396 558 2458 ad
572 2395 924 2458 consubstantialitatem
943 2397 1061 2458 Christi
1076 2398 1228 2460 unitatem

127 2500 208 2561 banc
216 2500 390 2580 peruenire.

173 2601 395 2665 Substantiam
417 2601 517 2685 igitur
543 2622 703 2682 nusquam
724 2601 842 2684 reperit
866 2601 1046 2665 Cardinalis
1067 2600 1227 2665 affirmari.
1243 2604 1373 2670 [nuntia

128 2706 174 2768 At
188 2727 257 2783 nos,
273 2704 403 2788 negari,
425 2704 512 2786 μένει
533 2701 595 2789 ’γὰρ
610 2701 666 2766 ἐπὶ
685 2704 744 2783 τῆς
763 2700 921 2790 προτέρας
936 2702 1046 2772 οὐσίας
1064 2704 1228 2785 σύμβολα,
1242 2671 1392 2785 ffiffie.

129 2804 378 2872 theodoretum.
433 2808 566 2869 Manent
596 2809 676 2870 enirn
706 2808 862 2889 Symbola,
889 2809 923 2870 iu
945 2809 1051 2889 priori
1076 2829 1134 2870 sica
1158 2800 1392 2914 Mididi*

128 2913 257 2975 stantia.
303 2909 470 2974 Gelasiuss
487 2918 605 2987 autem,
623 2910 772 2992 Pontifea
792 2919 824 2975 et
841 2913 959 2975 Pastor·
975 2933 1120 2991 ammas,
1136 2913 1229 2996 cujus
1243 2902 1375 2993 arluini]

129 3015 169 3078 ab
196 3034 248 3077 ore
271 3015 430 3094 praudeant
459 3030 589 3076 necesse
620 3019 668 3076 est
693 3012 854 3093 Pontificii
883 3035 1005 3092 omnes,
1029 3016 1063 3077 iu
1092 3015 1229 3078 airinom

130 3119 265 3181 transire
288 3119 409 3199 Spiritu
431 3118 547 3179 Sancto
563 3116 746 3198 perficiente
767 3117 982 3196 substantiam,
1008 3123 1114 3200 (quem
1136 3119 1229 3202 proin

128 3222 227 3285 miror
250 3244 269 3284 a
291 3221 462 3285 Cardinale
485 3220 744 3304 praetermissum)
765 3225 795 3281 et
822 3227 926 3284 tamen
948 3241 1014 3283 esse
1035 3243 1096 3284 uon
1115 3222 1229 3285 desinit

129 3392 264 3452 divinitas3
282 3393 318 3441 ita
336 3396 491 3441 sacramento
509 3391 604 3441 risibili
620 3391 656 3439 in·
699 3394 771 3447 turea,
782 3393 808 3438 et
824 3393 909 3439 umen
926 3404 978 3439 csse
995 3405 1046 3439 non
1063 3389 1158 3439 desinit
1172 3391 1227 3439 sub

128 3457 264 3507 effabiliter
279 3456 366 3505 divina
384 3471 410 3505 se
428 3456 521 3505 infudit
541 3456 656 3516 euantis,
699 3454 793 3503 stantia
810 3454 849 3503 vel
869 3458 959 3503 natura
974 3456 1047 3517 panis
1066 3459 1091 3504 st
1110 3455 1170 3504 vini.
1183 3491 1189 3503 .
1203 3489 1225 3504 ..

129 3526 160 3570 nt
170 3525 235 3571 esset
245 3522 362 3582 religioni
376 3522 442 3570 eirca
452 3526 607 3570 sacramenta
617 3519 656 3570 de
700 3519 766 3568 Satis
777 3533 837 3580 ergo
847 3518 921 3568 nobis
931 3517 1063 3569 evidenter
1079 3519 1228 3580 ostenditur,

129 3587 205 3645 vatio,
225 3591 251 3635 et
272 3583 304 3634 ad
319 3586 460 3645 verit-atem,
480 3585 550 3649 cujus
568 3599 657 3647 corpus
699 3583 747 3632 hoc
769 3584 842 3632 nobis
864 3584 892 3632 in
917 3584 971 3646 ipso
995 3583 1096 3633 Christo
1117 3583 1227 3634 Domino

129 3656 156 3699 et
170 3651 273 3712 sanguis
288 3655 441 3700 sacramenta
458 3658 525 3708 sunt,
537 3650 657 3698 sincerior
699 3647 867 3708 sentiendum,
890 3648 956 3710 quod
985 3649 1012 3696 in
1040 3648 1093 3712 ejus
1115 3649 1227 3710 imagine

129 3721 227 3778 pateret
244 3730 362 3774 moessus,
379 3730 455 3777 usque
475 3714 507 3764 ad
524 3715 656 3777 participa·
699 3712 854 3775 profitemur,
873 3714 1034 3773 celebramus,
1053 3718 1079 3762 et
1097 3716 1227 3774 sumimus,

128 3781 226 3828 tionem
250 3781 372 3842 spiritus;
402 3794 453 3827 non
483 3779 550 3842 quod
579 3793 656 3841 usque
699 3778 807 3826 utsicut
824 3778 851 3825 in
868 3777 940 3838 hauc,
952 3778 1050 3827 scilieet
1064 3778 1092 3827 in
1104 3778 1226 3838 divinam,

128 3844 162 3893 ad
182 3845 467 3895 consubstantialitatem
492 3844 594 3901 Christi,
612 3842 656 3892 sed
700 3846 828 3891 transeant
851 3842 942 3892 Sancto
965 3843 1062 3906 Spiritu
1081 3843 1226 3907 perficiente

130 3924 207 3972 usque
224 3908 256 3959 ad
274 3910 418 3958 societatem
438 3909 654 3970 germanissimam
699 3907 875 3967 substantiam,
900 3915 1062 3970 permanente
1090 3913 1175 3958 tamur
1200 3909 1228 3957 in

128 3973 654 4036 ejushaecunitaspervenisset.”—rirnold.
699 3987 750 4020 suae
778 3972 929 4035 proprietate
963 3978 1067 4033 naturae,
1094 3975 1130 4023 sic
1163 3973 1227 4022 illud

129 4039 229 4088 (lamet.
242 4039 273 4088 de
290 4039 367 4087 Coena
385 4038 495 4088 Domini.
511 4038 567 4101 Op,
579 4053 603 4100 p.
616 4040 655 4086 40.
699 4037 782 4098 ipsum
811 4039 959 4098 mysterium
986 4038 1133 4101 principale,
1157 4038 1227 4101 cujus

129 4103 161 4152 ad
173 4104 233 4152 calc.
245 4103 301 4167 Op,
312 4103 336 4153 S.
350 4102 488 4167 Cypriani]
700 4102 774 4149 nobis
784 4101 945 4151 efficientiam
956 4102 1126 4165 virtutemque
1138 4103 1227 4151 veraci-

161 4166 269 4217 d2Pet.
283 4169 331 4216 ii.
700 4169 739 4214 ter
759 4171 947 4228 repraesentant,
965 4182 996 4215 ex
1019 4168 1110 4230 quibus
1129 4172 1228 4216 constat

161 4231 331 4297 ‘['l¹he0dor.]
351 4232 417 4282 Dial.
430 4231 457 4281 ii.
471 4230 537 4297 [Op.,
551 4235 612 4280 tom.
623 4231 655 4281 iv.
700 4232 801 4293 proprie
822 4232 1028 4308 permanentibus
1047 4246 1125 4279 unum
1146 4231 1227 4280 Chris

129 4296 300 4426 p.'12[ss‘;]cem
323 4360 483 4411 Sacramenta
505 4376 561 4423 quae
583 4360 658 4410 sumi·
701 4300 1153 4422 fflergnrgegrotegtrgrlpwveffigsup
1171 4309 1226 4408 ddi

128 4441 186 4474 mus
212 4427 323 4490 corporis
350 4430 376 4476 et
402 4427 533 4489 sanguinis
560 4425 655 4475 Christi
700 4423 805 4487 Eutych.
829 4429 855 4474 et
877 4425 1031 4474 Nestorium.
1061 4424 1138 4488 [Bibl.
1157 4423 1225 4474 Max.

129 4491 218 4540 divina
235 4507 273 4541 ros
292 4497 337 4551 est,
355 4495 458 4554 propter
479 4490 546 4553 quod
564 4496 590 4538 et
612 4505 656 4553 per
700 4488 767 4539 Patr.
783 4495 843 4538 tom.
858 4491 910 4539 viii.
929 4504 953 4552 p.
965 4490 1020 4539 703.
1032 4488 1061 4538 E.
1075 4487 1113 4553 K]

128 4555 216 4606 eadem
229 4555 323 4605 divinar
340 4554 463 4605 efficimur
473 4561 599 4604 consortes
615 4570 656 4604 na·
848 4585 851 4591 ·
