2910 4926
465 289 648 338 aronocnn
671 289 851 337 nmiursro.
1172 278 1214 338 65

150 443 236 493 Hiero.
249 479 255 491 .
268 478 274 491 .
287 479 293 491 .
305 441 401 492 advers.
414 443 495 505 l'igil.
507 479 513 492 .
526 480 532 492 .
546 480 551 493 .
564 444 671 503 ‘Dolet'
683 443 788 504 scilieet,
800 444 958 507 ‘Martyrum
975 445 1095 507 reliquias
1111 446 1220 508 pretioso
1286 448 1330 508 49

182 525 274 587 operiri
286 524 419 583 velamine,
431 539 483 574 non
491 526 580 588 projici
592 527 621 575 iu
631 526 837 590 sterquilinium!
870 525 900 574 ln
912 525 993 589 Epist
1005 525 1038 576 ad
1049 526 1163 577 Marcell.
1175 563 1181 575 .
1193 563 1199 575 .
1212 563 1219 576 .

183 606 284 655 ‘Posse
297 642 303 654 .
317 642 322 654 .
337 605 424 654 Elisaei
439 610 515 669 atquc
532 606 614 655 Abda
631 607 728 656 cinerea
744 606 1117 672 adomrc.’-[Be11.rtp01.pr0
1129 606 1218 671 Resp]

181 702 205 751 p.
215 690 253 736 16.
267 686 334 751 [Op.,
346 691 407 738 tom.
419 687 462 737 vii.
475 688 520 737 col.
533 687 588 740 tn.
599 686 641 751 il]

119 876 122 881 Ι
160 794 239 857 Non
260 793 374 877 probat
397 794 617 878 Hieronymus
632 796 858 879 vigilantium,
883 797 937 880 qui
957 797 1075 879 projici
1098 797 1272 871 uolehatffi.
1285 805 1345 882 Hic-

115 898 149 959 ia
173 898 399 978 sterquilinium
422 897 604 979 Martyrum
621 897 804 980 Reliquiae.
851 901 895 962 Et
918 921 977 963 nos
1001 900 1215 982 improbamus.
1231 868 1351 936 tonsura]

115 1000 278 1082 Utrinque
294 999 380 1062 eninr
399 1022 418 1063 a
437 1001 543 1063 medio
566 1001 749 1064 disceditur.
798 1003 937 1065 Peccant
958 1023 1024 1065 non
1046 1001 1142 1066 modo
1163 1003 1217 1084 qui

114 1103 260 1179 adorant,
278 1101 334 1166 sed
349 1111 382 1165 ct
399 1103 453 1184 qui
476 1104 686 1187 contemptim
706 1104 838 1167 habent.
883 1107 928 1169 At
943 1106 1012 1168 vult
1028 1105 1218 1168 Marcellam

113 1205 148 1268 in
164 1206 343 1267 Bethlehem
358 1206 588 1287 Prophetarum
608 1208 725 1270 uiueres
747 1207 891 1286 adorare,
907 1208 975 1270 unilt
997 1207 1042 1270 ibi
1064 1207 1162 1271 utiam
1185 1216 1217 1271 ct

107 1310 267 1390 puluerem
288 1306 435 1389 eriperet.
482 1310 527 1372 At
550 1330 610 1373 nec
624 1331 680 1373 vos
697 1311 901 1393 pulueritiaqi
923 1309 1011 1374 estis
1058 1311 1165 1376 Quare
1180 1318 1217 1374 ut

112 1411 184 1490 hoc,
200 1410 247 1474 ita
260 1410 341 1474 illud
356 1433 423 1474 non
437 1411 574 1494 proprie,
594 1412 649 1475 scd
665 1414 810 1496 figurate.
858 1413 926 1477 Ubi
947 1434 1022 1477 vero
1037 1413 1164 1496 proprie
1187 1414 1217 1476 ei

112 1513 309 1598 loquendum
333 1522 411 1592 orat,
428 1513 513 1598 opud
528 1515 743 1597 vigilantium
766 1516 886 1579 seilicet
902 1516 1141 1595 Adversarium,
1161 1517 1215 1599 qui

112 1619 247 1681 instaret
273 1620 398 1697 acriter,
423 1639 483 1682 nee
505 1618 576 1681 laxe
599 1619 687 1701 loqui
708 1619 838 1698 sineret,
863 1628 961 1703 negat
985 1620 1214 1704 Hieronymus,

112 1730 210 1804 negat
225 1730 369 1786 exserte:
393 1722 461 1784 Nos
477 1728 588 1800 autem,
605 1743 665 1785 aaa
681 1723 750 1786 dieo
771 1724 954 1804 Martyrum
975 1724 1145 1805 Reliquias,
1161 1724 1218 1786 sed

112 1845 169 1887 nec
187 1826 288 1887 Solem
303 1827 353 1887 uel
371 1825 502 1903 Lunam,
518 1846 574 1888 uec
588 1825 734 1908 Auqelos,
751 1847 806 1888 aec
820 1827 1043 1908 Archauqelao,
1059 1846 1115 1888 aec
1138 1827 1214 1888 Che-

110 1928 222 2006 rubim,
239 1949 293 1991 aec
309 1929 472 2009 Seraphim
488 1930 615 1990 colimur
635 1934 665 1990 et
688 1928 855 1991 adoramus
863 1927 880 1991 ¹.
927 1928 1013 1994 Quid
1031 1928 1084 1991 hic
1107 1948 1215 2010 quaeso

112 2031 198 2095 dicet
224 2031 412 2108 Cardinalis,
444 2031 471 2093 si
496 2033 607 2094 Patres
637 2041 761 2094 veteres
790 2031 942 2095 Ecclesiae
968 2032 1118 2108 clamant,
1141 2031 1214 2093 Noa

121 2134 279 2197 adoramus
294 2134 476 2215 Martyrum
492 2135 679 2217 Reliquias?
723 2135 864 2198 Tenetur
891 2155 965 2198 vero
986 2132 1049 2211 hic,
1072 2141 1109 2197 ut
1130 2133 1213 2197 elabi

116 2259 178 2301 -ron
193 2238 304 2321 possit.

143 2381 204 2431 Non
215 2418 221 2430 .
233 2418 239 2430 .
252 2418 257 2430 .
271 2381 451 2440 Idololatriam,
459 2380 503 2430 aed
515 2381 587 2444 pium
597 2380 694 2430 cultum
707 2397 758 2431 esse
768 2382 894 2431 sentiebat
904 2381 1077 2431 adorationem
1090 2379 1214 2443 Reliquia-

176 2478 239 2519 mm,
252 2464 311 2525 qula
322 2477 373 2511 non
385 2463 518 2524 ignorabat
528 2461 683 2511 adorationis
694 2478 746 2513 csso
764 2463 845 2512 multu
856 2478 956 2526 genera,
967 2466 993 2512 ot
1004 2463 1081 2512 aliam
1093 2462 1146 2511 Deo
1156 2460 1216 2520 soli,

175 2544 251 2593 aliam
263 2544 336 2592 rebus
353 2544 429 2592 sacris
447 2542 649 2607 deberi-[Bell.
668 2543 741 2608 Apol.
760 2559 805 2607 pro
819 2542 904 2607 Resp]
918 2551 945 2607 p.
958 2547 996 2594 lo.
1016 2543 1082 2608 [Op.,
1094 2548 1155 2592 tom.
1168 2543 1211 2593 vii.

175 2625 222 2674 σοι.
234 2626 288 2676 714.
301 2624 344 2688 a]

155 2736 293 2798 Necesse
315 2733 412 2796 habet
433 2734 500 2816 jam
526 2734 720 2795 adorationis
743 2735 840 2796 multa
863 2755 980 2815 quaero
1001 2732 1210 2810 comminisci,
1225 2744 1303 2810 [Quot
1317 2745 1374 2797 alo

109 2845 142 2900 et
158 2839 255 2901 aliam
269 2838 337 2899 Deo
359 2838 428 2914 soli,
454 2838 549 2898 aliam
571 2837 662 2898 rohas
685 2837 786 2899 oacrio
809 2837 923 2915 debui,
946 2844 983 2899 ut
1006 2837 1052 2899 itu
1074 2857 1125 2898 res
1142 2838 1210 2919 jam
1223 2811 1335 2941 affl}

108 2947 180 3003 tota
194 2940 286 3004 nobis
302 2940 336 3002 in
350 2936 555 3026 λογομαχίαν
569 2947 680 3003 exeat:
704 2939 782 3002 dum
805 2961 920 3002 novam
942 2940 1049 3003 neseio
1066 2961 1162 3022 quam
1176 2939 1211 3000 in

108 3043 263 3126 religione
279 3043 494 3104 adorationem
509 3042 680 3105 concinnat
695 3042 796 3122 nobis,
810 3063 881 3125 quoe
895 3049 965 3105 toto
981 3062 1097 3125 genere
1113 3041 1211 3104 distet

108 3167 128 3208 a
143 3167 226 3224 voro,
243 3154 339 3228 atquc
354 3145 401 3207 ita
414 3144 546 3207 inferior
561 3144 691 3226 quidam
707 3145 813 3208 cultus
829 3146 880 3223 sit,
890 3146 982 3229 cujus
997 3153 1030 3208 et
1040 3165 1091 3208 res
1105 3145 1211 3207 Sarra

109 3269 240 3331 capaces
256 3249 338 3311 sint:
363 3256 396 3310 et
413 3248 509 3330 (quod
526 3247 603 3310 satis
616 3247 725 3310 innuit
742 3248 933 3329 Cardinalis)
951 3249 1108 3310 ueneratio
1124 3268 1209 3329 quae-

112 3351 183 3414 'lam
198 3351 312 3429 verius,
337 3372 434 3433 quam
458 3350 613 3412 adoratio.
658 3350 760 3432 Atqui
775 3351 979 3427 adorationis,
996 3351 1035 3412 de
1051 3370 1114 3431 qua
1130 3350 1208 3425 Rex,

61 3487 67 3498 ·
103 3474 220 3535 quaem
236 3455 332 3515 iruulta
348 3474 408 3514 uou
422 3458 513 3524 suut;
530 3474 589 3515 nec
605 3459 708 3534 potest
721 3453 777 3514 illa
800 3452 840 3515 ad
860 3452 910 3515 vel
925 3473 985 3529 res,
998 3451 1048 3514 vel
1058 3472 1209 3534 personas

108 3578 213 3620 :uerus
229 3556 382 3619 adhiberi.
428 3557 505 3619 Non
520 3557 576 3616 illu
593 3556 723 3633 scilieet,
741 3555 861 3638 quaein
875 3556 1022 3617 muudato
1038 3562 1096 3632 est,
1113 3575 1208 3636 quum

106 3661 166 3723 sali
188 3661 255 3723 Deo
275 3660 440 3742 proprium
465 3660 608 3721 alicauitm
631 3659 789 3737 Christus,
812 3665 845 3722 et
870 3659 1045 3742 (praeeunte
1066 3657 1206 3740 Christo)

139 3833 145 3865 ¹
163 3836 188 3900 [“
199 3835 274 3884 Dolet
291 3839 431 3896 martyrum
446 3835 566 3896 reliquias
583 3849 635 3897 pre-
679 3840 739 3884 tom.
753 3838 769 3885 i.
783 3836 828 3886 eol.
841 3838 898 3887 203.
909 3837 953 3891 a:
972 3841 997 3885 et
1009 3836 1082 3894 infra,
1094 3843 1152 3887 acet
1167 3840 1205 3888 12.

107 3902 172 3949 tloso
193 3900 285 3962 operiri
307 3900 447 3955 velamine3
474 3906 499 3947 et
522 3914 573 3947 non
595 3900 634 3948 vel
679 3901 723 3950 col.
737 3903 791 3952 207,
804 3904 835 3950 A.
847 3901 874 3950 B.
910 3901 1207 3958 “Qirandouobisliccat

106 3966 204 4027 pannis,
213 3965 252 4014 vel
265 3965 348 4013 cilicio
359 3964 483 4024 colligari,
495 3963 534 4012 rel
545 3964 634 4026 projici
680 4002 685 4013 .
705 4002 711 4014 .
729 4001 735 4013 .
755 3967 893 4015 Samariam
919 3980 1029 4029 pergere,
1051 3971 1078 4016 ct
1099 3966 1207 4016 loannis

107 4031 135 4078 in
161 4029 437 4092 sterquilinium.”-S.
460 4028 531 4077 Hier.
554 4035 635 4077 contr.
680 4030 809 4093 Baptistae,
834 4031 919 4080 Eliaaei
942 4046 1039 4094 quoque
1066 4037 1092 4081 et
1114 4033 1205 4082 abaci

108 4094 240 4156 vigilant,
262 4098 321 4143 sect
344 4097 366 4144 5.
386 4093 441 4157 0p.‚
459 4098 521 4141 tom.
541 4093 568 4142 ii.
589 4094 635 4143 col.
657 4096 1036 4160 ,paritcrcineresadorarel']

107 4163 163 4210 391.
175 4161 202 4207 C.
216 4157 260 4222 D.]
711 4158 718 4192 ¹
741 4160 821 4223 [‘·Ne
844 4161 922 4210 solem
944 4160 1048 4223 quidem
1067 4165 1093 4209 et
1108 4160 1205 4219 lunam,

140 4222 152 4255 ¹²
170 4223 242 4287 [“Et
255 4226 394 4284 martyrum
413 4222 506 4284 ubique
523 4223 636 4284 scpulcra
678 4239 730 4273 non
741 4225 920 4288 archangelos,
931 4239 983 4274 uon
998 4224 1206 4285 Cherubimpon

106 4303 261 4346 veneramur,
273 4292 299 4336 et
310 4293 421 4336 sanctam
434 4287 546 4335 favillam
556 4289 635 4335 oculis
678 4289 842 4352 Seraphim..
853 4329 858 4339 .
868 4291 974 4338 colimus
983 4296 1009 4339 et
1020 4290 1206 4338 adommus.”—

105 4358 267 4417 apponentes,
279 4353 300 4400 si
313 4352 472 4400 liceatetiam
484 4366 526 4399 ore
538 4352 633 4401 eontin-
678 4355 702 4403 S.
716 4353 799 4416 Hier]
820 4355 899 4416 Epist.
917 4355 978 4417 [cix.
993 4354 1058 4402 Vall.
1077 4353 1117 4414 (nl.
1131 4353 1204 4416 liii.)]

105 4416 290 4532 [primasii-Ep.
303 4415 396 4528 Puplaloq2
405 4415 579 4531 ettqutoqpii
601 4417 633 4466 ad
678 4418 862 4545 pquqirqrium,
873 4422 974 4482 [sceti.
989 4419 1043 4482 Op,
1056 4423 1118 4468 tom.
1128 4418 1143 4467 i.
1159 4419 1206 4468 eol.

135 4496 333 4539 arceamur
415 4496 456 4529 rs.
499 4518 504 4529 .
555 4497 632 4532 ieron.
680 4506 687 4536 a
727 4521 732 4530 .
772 4521 777 4532 .

106 4546 152 4610 Ep.
164 4546 225 4596 xlvi.
242 4497 316 4595 llall.p
325 4545 365 4608 lul.
377 4496 448 4608 xiii.)
467 4551 525 4595 aar..
542 4550 563 4597 8.
577 4546 632 4611 Op,
709 4557 725 4579 ¹¹¹
743 4548 817 4599 Mati.
830 4549 864 4598 ir.
877 4551 914 4598 lt).

149 4643 318 4678 aurursus-
327 4642 393 4677 ausc.
929 4649 947 4695 p
