2910 4926
397 302 401 309 ’
440 293 622 345 aromouu
643 291 835 343 nesrousio,
1120 278 1187 344 893

119 451 249 513 Invocatio
260 449 343 500 divini
362 450 484 511 nominis,
495 454 522 500 et
541 448 685 500 benedictio
703 446 879 508 Saces-dotalis,
891 461 941 512 qna
960 447 1026 498 cerei
1044 446 1116 510 Agnl
1133 460 1189 497 con·

153 537 290 593 sectamur,
303 532 432 583 veneficiis
450 531 529 582 tribul
546 547 597 582 non
613 534 727 596 possunt,
742 530 793 580 niel
803 530 873 580 Dens
883 530 1005 580 habeatur
1015 544 1062 594 pro
1073 527 1188 579 Diabolo.

50 648 55 659 .
153 614 202 666 Illa
224 616 294 665 enim
315 613 437 665 veneficia
461 617 528 674 sunt,
549 628 606 677 quse
625 628 657 663 cx
674 613 833 664 invocatione
852 611 955 663 Diaboli
973 611 1104 662 ...liunt
1131 609 1187 676 [lep.

151 697 205 747 vim
224 711 295 747 suam
312 694 539 761 babent.]-[Bell.
551 695 625 761 Apol.
645 710 692 760 pro
704 693 789 759 Resp]
807 710 832 760 p
845 696 901 746 loo.
922 692 993 758 [Op.,
1008 697 1072 744 tam.
1083 693 1127 742 vii.
1139 692 1186 743 col.

152 777 208 829 792.
226 777 304 841 O.D.]

137 875 291 958 Veneficio
311 897 420 940 nonne
435 896 473 940 ea
486 876 557 960 lege
571 876 736 960 permissa,
753 877 885 955 avobis,
902 875 980 940 dum
994 881 1076 939 veste
1090 874 1186 938 modo
1198 886 1248 1002 ΕΙ»
1258 902 1330 940 vene

88 979 138 1043 vel
160 981 237 1043 sella
258 979 390 1044 venenis
410 979 564 1058 delibuta,
587 981 701 1044 confici
725 1002 776 1044 res
802 980 948 1063 possitfli
997 979 1086 1046 Quas
1100 998 1185 1057 vero,
1225 1010 1231 1023 ·
1270 950 1281 1016 l

89 1082 180 1167 qnasi
203 1083 350 1166 Magicas
375 1082 611 1147 incantationes
635 1091 743 1166 negat,
772 1105 812 1148 ex
838 1104 876 1148 eo
898 1081 984 1166 quod
1009 1101 1118 1144 nomen
1140 1079 1188 1145 ibi
1243 1113 1245 1117 ’

89 1187 229 1250 divinam
249 1187 450 1266 adhibeatur,
472 1186 543 1270 quis
565 1209 633 1252 non
654 1188 783 1252 rideat?
828 1188 901 1251 Nec
922 1186 1019 1265 enim,
1043 1185 1099 1269 qui
1119 1190 1187 1248 tam

88 1290 201 1355 multse
214 1290 362 1355 lectionis
376 1296 435 1370 est,
458 1298 565 1375 potest
584 1312 651 1356 non
670 1292 797 1375 legisse,
818 1291 924 1356 nullos
938 1311 958 1353 a
972 1289 1080 1372 Magis
1095 1285 1188 1350 fasci·

88 1415 148 1458 nos
169 1393 289 1477 absque
306 1393 363 1458 illo
377 1392 519 1474 nomine,
536 1394 626 1459 nulla
639 1395 798 1459 maleficia
812 1393 892 1459 fieri.
925 1392 993 1458 Ubi
1007 1390 1188 1456 evocandus

88 1496 184 1561 alicui
203 1497 352 1576 Daemon,
373 1505 500 1580 oportet
522 1497 641 1563 mrcrdo
661 1497 794 1562 inscribi
816 1503 941 1581 septem
963 1493 1026 1559 Dei
1046 1493 1187 1558 nomina.

89 1597 300 1663 Adhibendus
315 1598 351 1662 in
366 1605 441 1662 ectu
455 1598 525 1682 ipso
538 1599 694 1664 Sacerdos
706 1598 873 1683 quispiam,
889 1605 923 1662 et
937 1617 1017 1680 puer
1030 1595 1188 1679 impubes,

89 1707 125 1765 et
149 1702 254 1766 socius
280 1701 388 1786 (quem
414 1702 598 1786 appellant)
627 1702 682 1787 qui
703 1703 767 1766 nisi
789 1701 1013 1779 adhibeantur,
1036 1698 1119 1762 nihil
1140 1699 1188 1762 fit.

81 1805 200 1870 -Potuit
220 1805 290 1869 haec
303 1805 340 1869 in
354 1806 474 1869 Mallco
494 1827 554 1870 suo
567 1805 701 1890 legisse:
724 1806 830 1890 potuit
846 1826 885 1869 ex
900 1804 993 1868 Actis
1011 1803 1187 1881 Curiorum,

89 1907 257 1991 inquibus
279 1908 448 1973 sententiae
470 1907 621 1973 feruntur
645 1908 681 1972 in
700 1909 876 1973 Maleficos.
922 1908 1097 1989 Comperta
1119 1905 1189 1970 haec

92 2011 174 2094 Regi
193 2011 312 2087 omnia,
329 2009 385 2093 qui
407 2009 477 2093 ipse
499 2031 519 2074 a
541 2009 670 2075 fascinis
693 2010 832 2090 illorum,
848 2016 882 2074 et
901 2008 1187 2093 conjurationibus,

93 2114 155 2179 Dei
169 2115 288 2180 virtute
307 2114 412 2178 salvus
426 2114 534 2178 evasit
579 2115 633 2195 Et,
650 2137 721 2199 quae
735 2115 772 2179 in
790 2115 932 2200 illatum
949 2134 1085 2177 numero
1100 2113 1188 2197 prin·

93 2240 167 2302 ceps
181 2219 243 2283 fnit
257 2220 407 2298 venefica,
423 2240 498 2284 cum
518 2220 646 2284 sceleris
669 2221 718 2285 sui
733 2221 894 2305 poenitens
914 2219 1062 2304 inprimis
1084 2238 1189 2283 more·

92 2331 191 2402 retur,
206 2323 240 2387 id
259 2324 355 2404 fassa,
376 2345 543 2409 nunquam
567 2347 602 2390 se
622 2325 658 2389 in
681 2325 813 2390 domum
835 2325 1013 2409 ingressam
1035 2344 1113 2403 esse,
1137 2321 1190 2387 cui

89 2450 159 2492 rem
172 2429 290 2492 malam
305 2436 391 2494 esset
406 2429 571 2509 meditata,
584 2429 662 2513 quin
673 2416 785 2494 exorsa
799 2418 982 2512 sit'semper
996 2428 1190 2502 maleficium

90 2553 184 2596 suum
209 2532 250 2596 ab
272 2533 323 2596 his
337 2531 457 2609 verbis,
474 2533 526 2596 sit
545 2534 580 2595 ia
595 2532 683 2597 doma
698 2534 759 2596 hac
773 2533 859 2596 Dens
877 2552 972 2609 mm,
996 2531 1078 2595 adeo
1099 2529 1147 2594 illi
1170 2553 1189 2594 a

90 2635 154 2698 Dei
177 2635 308 2699 nomine
331 2656 399 2700 non
422 2634 617 2700 abhorrent:
640 2635 690 2702 Ut
714 2635 816 2719 possit
838 2657 915 2720 ergo
938 2655 1007 2699 esse
1032 2634 1068 2698 iu
1085 2635 1192 2697 Cereio

81 2738 204 2805 ,vestris
217 2739 332 2821 Μαρία
346 2739 503 2822 quaedam,
526 2762 592 2804 non
612 2739 763 2805 obstante
783 2739 954 2825 quicquam
976 2739 1038 2803 Dei
1057 2739 1189 2802 nomine.

90 2842 168 2906 Non
189 2840 224 2904 id
244 2840 332 2905 enim
353 2841 400 2906 ibi
420 2843 537 2926 agitur,
553 2850 591 2907 ut
605 2844 692 2907 Dens
717 2844 869 2908 babeatar
885 2863 949 2925 pro
975 2841 1110 2906 Diabolo
1121 2867 1132 2915 ,·
1155 2841 1190 2905 id

86 2943 206 3027 potius,
221 2949 259 3008 ut
273 2944 426 3009 Diabolus
439 2945 596 3010 habeatur
604 2966 666 3028 pro
681 2946 759 3011 Deo.

24 3113 26 3116 -
121 3081 172 3140 Qui
189 3083 274 3132 antem
292 3082 422 3144 miracula,
440 3098 497 3147 quac
513 3098 558 3147 per
574 3082 675 3134 inducia
691 3087 842 3146 caeterasque
858 3082 977 3146 reliquias
993 3081 1068 3146 finnt,
1079 3083 1191 3144 damnat,
1247 3065 1314 3129 284
1429 3074 1435 3085 ’

155 3164 276 3215 damnare
295 3164 373 3214 ctiam
385 3164 461 3214 debet
476 3161 606 3227 miracula,
619 3179 677 3229 quae
687 3200 694 3214 .
705 3200 713 3214 .
725 3200 732 3214 .
743 3200 750 3215 .
762 3163 878 3230 [tabent]
895 3179 940 3228 per
957 3163 1066 3222 sudaria,
1078 3169 1105 3215 et
1116 3164 1192 3214 semi·

154 3245 247 3294 cinctis
266 3243 291 3293 S.
307 3244 389 3303 Pauli,
407 3245 465 3294 Act
483 3246 536 3294 xix„
551 3249 577 3295 et
594 3258 651 3309 quar
662 3280 669 3294 .
681 3281 687 3295 .
699 3280 706 3294 .
719 3281 725 3294 .
739 3259 784 3309 per
802 3244 922 3308 reliquias
944 3243 970 3295 S.
987 3244 1110 3309 Stephani
1126 3247 1193 3294 aaa

156 3326 308 3388 Augustino,
318 3323 351 3376 dc
362 3324 416 3376 Cis.
424 3325 480 3386 Dei,
491 3325 559 3391 [lib]
567 3327 630 3377 xxii
642 3325 717 3392 [cap]
725 3326 857 3393 s-[Beu.
867 3326 941 3392 Apol
951 3341 996 3391 pro
1005 3326 1090 3392 Resp]
1101 3342 1126 3392 p.
1135 3326 1192 3380 15⁷.

154 3405 220 3470 [Op.,
232 3409 293 3456 tam.
305 3406 349 3455 rii
360 3407 408 3457 ool.
419 3406 475 3457 792.
487 3405 530 3471 D.]

134 3516 222 3579 Nam
237 3513 277 3578 de
293 3514 435 3593 induciis,
451 3513 548 3578 nimis
569 3522 648 3579 nota
661 3535 723 3579 res.
768 3514 913 3592 Vestras,
929 3534 1005 3578 cum
1025 3513 1061 3576 in
1082 3508 1192 3598 praelio
1206 3523 1331 3589 [Decetia

1151 3618 1193 3683 ad
1205 3603 1290 3668 corum
1302 3589 1348 3639 mi-

1205 3655 1323 3720 reculis]

81 3621 196 3702 'nuper
221 3618 460 3702 Neoportuensi
482 3618 546 3682 fusi
571 3618 797 3702 profligatique
821 3617 1058 3698 occubuissent,
1089 3625 1122 3682 et

93 3721 290 3805 sepulturam
310 3728 512 3801 exuerentur,
534 3722 702 3806 plerosque
723 3721 859 3786 indusiis
883 3721 1043 3806 ejusmodi
1062 3720 1194 3786 indutos

92 3830 236 3909 repertos
266 3845 345 3900 esse,
369 3829 402 3888 et
425 3823 478 3888 vix
507 3845 690 3909 quenquam
714 3825 783 3890 sine
809 3825 902 3907 Apro
924 3824 996 3905 Dei,
1022 3831 1053 3888 et
1078 3825 1192 3908 manis

91 3928 259 3992 benedictis
287 3927 333 4012 (in
355 3926 472 4011 quibus
495 3929 611 3993 Omces
632 3936 749 4009 essent,
767 3936 801 3994 et
824 3929 1053 4011 characteres),
1069 3928 1194 3992 nullam

91 4041 211 4112 tamen,
238 4055 278 4097 ex
304 4033 354 4112 iis,
376 4033 599 4114 ,miraculosam
625 4040 682 4098 aut
702 4036 874 4098 salutarem
893 4032 960 4097 vim
984 4032 1192 4117 persensisse.

94 4137 159 4200 Sed
180 4144 372 4220 argumento
395 4143 507 4202 tamen
531 4137 605 4217 finit,
628 4159 696 4202 non
716 4137 903 4223 infrequens
924 4138 986 4203 hoc
1003 4158 1083 4217 esse,
1107 4136 1194 4221 apud

90 4261 166 4304 vos:
189 4248 382 4323 argumento
397 4239 505 4320 etiam,
522 4240 583 4305 etsi
597 4262 665 4305 non
679 4240 865 4325 infrequens
880 4242 931 4320 sit,
947 4239 1068 4305 misus
1082 4245 1193 4304 tamen

92 4341 136 4406 sic
150 4364 218 4407 non
238 4343 424 4427 infrequens
438 4364 518 4423 esse,
538 4363 599 4408 nec
620 4344 846 4409 consecrationi
867 4365 991 4428 semper
1009 4344 1193 4407 miraculum

165 4521 175 4546 Ι
193 4513 271 4579 [Vide
282 4514 387 4566 llarian.
402 4513 433 4566 de
449 4514 516 4581 lisga
532 4520 558 4567 ct
569 4515 646 4580 Regis
658 4514 832 4578 Institutione,
846 4515 890 4567 lib.
903 4517 919 4568 i.
932 4531 984 4582 cap.
994 4516 1017 4570 7.
1029 4515 1118 4582 pti]
1176 4568 1179 4574 .
