2910 4926
468 266 652 317 nroroeuu
672 266 853 317 nnsronsro.
1148 254 1212 319 159

107 422 463 486 tomctcm'obtorrere
486 443 506 486 n
528 421 596 503 fide
625 423 815 486 euthorico?
857 424 904 485 At
929 421 1000 501 hoc,
1028 422 1115 505 quod
1143 431 1212 486 tam

108 524 239 587 libenter
262 526 311 607 (ut
335 525 474 609 videtur)
497 526 608 589 andire
630 526 736 605 vellet,
753 524 958 609 quantumvis
981 546 1075 589 aures
1089 547 1212 609 prorem

107 626 227 692 habeat
242 635 275 691 et
283 629 449 710 pendulae,
466 651 486 692 a
501 631 590 713 Rege
605 651 772 713 nunquam
788 629 957 693 auditurus
972 636 1031 693 est.
1054 631 1102 693 At
1115 629 1211 708 torte,

110 730 315 813 aPontificic
328 730 396 812 fide
418 733 577 795 tenestem
593 733 769 811 abhorrere,
785 733 963 817 praesertim
983 734 1090 815 (quem
1104 733 1212 797 nomi-

107 834 177 915 nat)
198 834 396 913 Clementinn,
410 856 603 918 qurepcrrrm
617 837 766 899 toncele.-
782 835 834 899 cui
849 834 963 918 religio
973 835 1073 915 nulla,
1085 835 1137 899 cui
1152 856 1213 900 nee
1302 830 1307 841 ’

109 941 200 1018 turpe
214 945 284 1001 eret
299 937 339 1001 ab
353 937 560 1000 Eltnicorcm
575 938 692 1002 Etbicc
699 939 767 1021 fide
782 938 958 1003 abhorrere.
1002 938 1111 1002 ltdem
1126 939 1214 1004 enim

111 1039 194 1123 Regi
218 1040 328 1104 datam
352 1040 492 1123 turpiter
515 1040 639 1119 fefellit,
661 1049 757 1124 atque
786 1041 834 1105 its
856 1040 1009 1124 confregit
1038 1041 1122 1126 apud
1151 1062 1213 1106 nos

108 1141 287 1207 teceercmb.
325 1143 496 1207 Honestum
510 1165 595 1221 vero,
611 1144 698 1208 ateli
714 1151 746 1208 et
761 1146 891 1223 bomine,
907 1153 940 1209 et
953 1145 1021 1227 fide
1035 1145 1212 1226 abtowere,

110 1246 163 1310 cui
177 1246 259 1309 nihil
266 1247 347 1329 fidei
361 1247 477 1326 fuerat,
493 1249 688 1312 tantundem
703 1261 812 1313 autem
828 1256 860 1312 et
875 1250 1006 1312 bonesti.

154 1352 276 1415 Audiat
296 1372 371 1415 vero
394 1359 427 1415 et
445 1353 594 1432 alterum,
612 1353 695 1436 quod
712 1375 778 1417 non
794 1360 862 1417 tam
876 1353 960 1418 torte
979 1354 1090 1416 andire
1105 1353 1211 1436 gestit.
1227 1360 1306 1442 prud

110 1454 289 1518 Abborrerc
303 1475 322 1516 c
330 1453 398 1535 fide
416 1456 577 1519 Catholicc
596 1463 685 1538 turpe
699 1463 759 1535 est,
775 1457 949 1540 impellere
966 1458 1135 1535 eristlmct,
1150 1457 1213 1520 nisi
1226 1433 1378 1555 ffio'iioeq

110 1557 219 1636 add'as,
243 1564 276 1622 et
305 1559 458 1636 Romano,
485 1567 518 1622 et
544 1580 582 1623 en
605 1558 769 1624 additione
795 1580 980 1643 corrumpas
1010 1560 1213 1625 Catholicnm.

110 1661 257 1725 Multum
273 1662 360 1725 enim
375 1662 562 1726 detrimenti
573 1663 679 1726 Rome
696 1663 852 1727 intervos
866 1684 962 1746 pesse
976 1670 1025 1727 est
1041 1664 1213 1743 catholica,

111 1764 231 1826 multas
246 1764 345 1827 etiam
361 1765 471 1828 sordes
487 1767 656 1844 contraxit,
675 1765 826 1849 aquibus
849 1772 938 1847 turpe
957 1787 1018 1829 non
1037 1768 1080 1829 sit
1102 1766 1215 1829 obtor-

110 1889 201 1931 rere:
224 1873 263 1931 ut
278 1868 436 1932 adterere
457 1870 553 1933 liceat
579 1870 745 1932 Catholicoe
760 1868 850 1950 fidei,
872 1883 905 1933 ct
927 1891 946 1932 a
967 1869 1082 1934 vestris
1103 1877 1215 1934 tamen

112 1971 302 2055 corruptelis
317 1993 432 2055 parum
448 1974 617 2036 Catholicis
632 1972 808 2035 abliorrere.
830 1974 888 2036 Eae
902 1994 976 2036 vero
991 1972 1099 2036 sordes
1112 1993 1216 2056 nuper

113 2074 231 2138 alicubi
246 2075 380 2138 detersae
396 2082 483 2154 sunt,
499 2081 532 2139 et
547 2076 659 2155 forma,
676 2097 774 2158 quam
796 2075 836 2140 nb
856 2077 949 2140 initio
965 2076 1075 2140 statim
1089 2076 1216 2154 habuit,

113 2178 144 2242 ei
158 2178 291 2243 reddita.
340 2178 428 2243 Huic
443 2201 518 2243 vero
541 2181 586 2243 sie
608 2180 797 2261 Reformotae
817 2179 959 2243 edhaeret
975 2181 1054 2259 Rex,
1071 2201 1137 2243 non
1152 2182 1217 2244 De·

105 2280 253 2363 sormctoe
268 2289 393 2346 vestrae.
437 2284 480 2346 Et
495 2284 669 2368 injuriosus
690 2284 726 2346 in
742 2285 864 2367 Regem
881 2285 1041 2362 Clemens,
1061 2284 1116 2367 qui
1131 2284 1217 2347 Eum

114 2384 155 2448 ab
169 2385 219 2447 his
238 2386 406 2449 Cottolicoe
424 2385 504 2466 fidei
519 2386 708 2470 corruptelis
722 2387 837 2450 vestris
852 2388 959 2466 remit,
974 2388 1026 2450 vel
1046 2387 1218 2452 somniavit

112 2489 229 2572 potins,
245 2510 307 2552 non
321 2490 498 2553 able-rere.
521 2491 630 2573 Atque
645 2490 723 2570 haec,
737 2489 778 2553 ad
789 2490 922 2554 Domini
934 2490 1038 2556 simile
1049 2492 1218 2572 Dilemma,

113 2592 251 2654 auritum
266 2593 368 2676 magis
385 2614 480 2676 quam
496 2599 667 2657 cornutum.

148 2752 209 2817 [Sin
225 2757 310 2803 eutem
327 2754 461 2805 honestum
478 2755 513 2804 sit
528 2770 544 2805 n
560 2754 609 2805 fide
627 2754 758 2805 catholice
773 2754 915 2816 abhorrere,
926 2768 977 2804 uon
989 2753 1048 2803 iecit
1059 2753 1142 2804 eidem
1153 2753 1218 2817 Regi

179 2834 307 2897 injurium,
318 2850 375 2884 cum
387 2835 544 2900 affirmarit]
563 2835 657 2900 Regem
666 2835 790 2886 Jacobnm
806 2850 858 2885 non
872 2849 924 2885 esse
941 2835 1107 2896 Catholicum,
1118 2839 1145 2885 et
1159 2836 1220 2898 quie

180 2915 326 2966 Catholicus
336 2932 388 2966 non
400 2921 445 2976 est,
457 2901 612 2968 hoeretieum'
621 2932 682 2974 esse,
696 2933 754 2967 cum
768 2916 823 2966 hrec
836 2916 887 2967 duo
904 2918 1029 2967 contrarie
1046 2916 1219 2981 sint—[Bell.

179 2998 254 3061 Apol.
265 3012 311 3062 pro
322 2998 406 3063 Resp]
424 3014 449 3062 p.
459 3001 498 3049 48.
517 2999 583 3064 [Op.,
595 3003 657 3049 tom.
669 3000 713 3049 vii.
725 3000 771 3049 col.
781 2999 837 3052 731.
847 2997 886 3063 C.]

160 3113 284 3175 Iterum
301 3120 410 3177 sutem
425 3114 528 3178 allidit
544 3113 584 3177 ad
600 3134 741 3177 errorem
756 3120 908 3191 voterem,
922 3114 1013 3197 quasi
1028 3115 1217 3190 cartonen,

115 3223 149 3279 et
167 3216 340 3279 Hoereticue
362 3218 522 3280 contraria
543 3216 618 3295 sint,
641 3216 681 3280 dc
704 3238 767 3299 quo
790 3218 934 3296 Tortum,
959 3217 1044 3299 quod
1062 3217 1131 3280 haec
1155 3216 1219 3280 dno

116 3319 279 3383 contrarie
290 3339 357 3382 non
372 3320 447 3398 sint,
463 3320 585 3383 monui.
622 3320 836 3382 Orttcdocnm
850 3320 955 3402 potius
970 3320 1126 3383 Haeretico
1142 3340 1217 3383 eon-

52 3450 59 3461 ’
114 3422 252 3485 trerinri.
296 3423 375 3485 Non
399 3431 508 3486 autem
523 3424 714 3486 Haereticum
740 3423 791 3503 (ex
811 3442 927 3504 genere
947 3422 1040 3506 ips0,)
1057 3421 1120 3486 nisi
1135 3420 1220 3485 forte

117 3525 173 3608 qui
195 3525 372 3598 chcirat,·
397 3534 463 3605 aut,
490 3547 562 3609 quae
587 3547 644 3610 per
666 3526 777 3590 orbem
800 3525 865 3589 late
887 3532 987 3608 patet,
1007 3524 1219 3604 catholicam,
1319 3581 1323 3586 ,

116 3627 158 3690 ed
173 3650 270 3691 unam
287 3628 426 3712 aliquam
442 3629 527 3693 orbis
542 3637 667 3714 partem
679 3635 823 3693 revocet:
842 3627 928 3710 quod
940 3628 1017 3692 olim
1027 3627 1219 3706 Donatistae,

115 3730 211 3793 hodie
230 3731 425 3797 Romanistae
448 3731 579 3795 faciunt.
625 3733 765 3816 Utrique
785 3731 879 3816 proin
900 3732 1100 3794 ablumenter
1120 3752 1139 3793 a
1151 3731 1221 3814 fide

120 3833 291 3914 Cotlrolicc,
308 3840 342 3897 nt
356 3835 389 3896 hi
405 3835 517 3918 magis.
562 3835 616 3899 Illi
632 3836 717 3899 enim
734 3835 774 3898 ad
790 3834 943 3913 Africam,
960 3843 1107 3919 quartam
1123 3835 1220 3899 Orbis

116 3944 262 4019 partem:
286 3937 332 4014 hi,
348 3936 389 4000 ad
403 3937 531 4000 unicam
546 3938 652 4001 urbem
667 3938 701 4001 in
716 3939 836 4020 ungulo
851 3938 966 4001 Italiae.

151 4099 257 4149 Nullam
269 4100 361 4150 tactam
372 4115 424 4150 esse
437 4099 501 4163 Regi
512 4099 673 4164 injuriam..
683 4136 689 4150 .
699 4101 766 4164 quod
778 4137 785 4150 .
797 4139 803 4150 .
815 4139 821 4151 .
833 4102 949 4153 Clemens
963 4102 1099 4154 Pontifex.
1114 4117 1220 4166 ..spem

182 4180 299 4229 hebuerit
315 4181 406 4229 bonnm
424 4181 455 4230 dc
472 4180 548 4243 Regis
565 4183 733 4239 conversione,
748 4188 775 4231 et
791 4183 939 4233 existimare
949 4185 1063 4248 coeperit,
1074 4199 1106 4234 ex
1117 4199 1147 4233 eo
1163 4221 1170 4233 .
1188 4219 1194 4232 .

182 4261 249 4325 quod
257 4261 399 4314 catholicos
410 4263 437 4312 in
445 4262 529 4313 Scotin
540 4263 652 4326 quietum
663 4278 692 4313 ac
703 4264 867 4327 tranquillum
878 4265 957 4316 vitem
968 4264 1058 4315 ducere
1070 4265 1213 4330 petiebatur

501 4477 512 4511 υ
529 4479 635 4545 [emm.
647 4480 728 4545 nm.
741 4495 765 4547 p.
776 4480 842 4547 no]
