2910 4926
223 265 298 328 xviii
679 279 721 326 in
743 276 861 326 amau.

223 434 345 498 viribus
367 434 436 518 jam
455 434 549 498 valet.
593 434 693 511 Nam,
709 452 837 495 eausam
862 428 911 492 illi
933 427 1026 492 facile
1048 427 1145 491 nimis
1164 425 1321 511 reperire;

223 544 384 620 repertam
397 536 521 600 nemini
538 537 586 600 fas
606 536 642 599 iu
659 535 793 600 dubium
808 553 931 597 vocare.
975 533 1069 596 Esset
1083 531 1171 595 enim
1184 531 1246 593 hoe
1263 530 1325 611 (as-

224 640 383 703 suevimus
398 640 473 704 huie
484 640 554 703 voci
564 640 645 724 jam)
667 639 833 701 Catholicae
840 636 920 718 fidei
935 635 1107 717 abnegatio.
1151 633 1206 697 Ad
1221 634 1325 714 Reges

226 743 405 807 Haeretioos
425 751 512 806 statu
534 765 592 805 suo
611 741 785 804 movendos
807 738 924 802 alieubi
945 737 1047 801 videri
1062 737 1131 800 vult
1147 735 1326 801 Cardinaiis

224 853 417 929 potestatem
441 846 526 909 hano
548 844 760 926 restringere:
798 843 993 926 (quanquam
1017 861 1132 923 pamm
1161 838 1326 921 adjuvaret

225 948 294 1012 haee
307 949 476 1027 restrictio,
491 936 549 1012 uiri
562 949 650 1011 idem
665 947 732 1030 ipse
748 947 836 1028 Papa
850 944 935 1007 solus
945 943 1081 1026 judicat,
1104 941 1189 1026 quod
1209 940 1327 1024 dogma

225 1051 423 1129 haereticum,
440 1052 511 1135 quis
524 1051 694 1115 haereticus
703 1050 737 1131 θ.)

270 1156 302 1218 2.
325 1154 376 1218 De
391 1146 504 1217 haeresi
521 1175 588 1217 non
603 1159 738 1230 constet,
756 1157 923 1234 suspectus
938 1148 1034 1212 modo
1049 1147 1100 1225 sit,
1118 1145 1326 1211 Haeretioisve

226 1255 340 1334 faveat,
357 1255 484 1319 abunde
492 1255 592 1319 habet
603 1253 752 1317 Pontifex
768 1252 809 1316 ad
820 1251 1063 1335 depositionem.
1093 1250 1125 1313 6.
1137 1250 1189 1313 De
1201 1248 1327 1313 Haereai

225 1365 398 1441 praetextus
412 1358 520 1421 nuilus
535 1358 586 1435 sit,
598 1357 689 1420 nulla
702 1356 752 1419 vel
767 1355 921 1437 suspicio;
938 1355 1061 1436 Regem
1072 1351 1327 1416 exoommunioet

226 1466 366 1538 tantum,
385 1460 483 1543 (quod
492 1465 660 1541 proteruus
675 1460 770 1521 Aries
792 1458 833 1521 sit
842 1456 866 1540 ‘¹)
885 1458 936 1521 vel
950 1458 986 1520 in
1003 1477 1041 1519 eo
1055 1463 1105 1519 sat
1119 1462 1168 1519 est
1181 1462 1220 1517 ut
1237 1455 1327 1519 abdi-

228 1569 329 1626 cetur.
376 1561 457 1628 Quis
479 1568 588 1625 autem
603 1562 741 1644 ignorat,
758 1581 854 1643 quam
868 1559 1047 1622 innumera
1067 1555 1252 1621 homiuibus
1274 1556 1327 1620 his

228 1664 579 1729 Exeommuuioatiouis
600 1685 713 1741 causae,
740 1684 852 1727 omnes
872 1662 1013 1726 idoneae:
1046 1658 1089 1725 Rt
1113 1682 1209 1743 quam
1231 1660 1328 1723 multi

229 1768 407 1831 Censorem
431 1767 516 1830 hane
544 1766 638 1850 passi,
670 1767 739 1830 sine
769 1767 889 1829 causa?
935 1765 986 1828 De
1014 1785 1079 1848 qua
1101 1771 1210 1827 tamen
1232 1784 1328 1827 nemo

229 1870 413 1953 scrupulum
425 1877 561 1935 moveat.
585 1870 789 1951 spiritualem
804 1869 955 1931 hominem
970 1866 1210 1949 prejudicare?
1232 1867 1328 1930 Ferre

230 1972 435 2051 senteutiam,
453 1972 619 2036 Pontificis
634 1980 683 2035 est
692 1996 701 2048 ς
712 1972 883 2055 aliorum,
906 1990 1034 2053 parere:
1058 1970 1135 2033 Non
1157 1976 1256 2051 paret,
1273 1967 1329 2050 qui

228 2073 552 2138 Exeommunioatum
568 2075 712 2157 agnoseit
728 2094 785 2157 pro
801 2074 890 2155 Rege
899 2098 909 2150 ;
932 2071 979 2136 Ni
993 2078 1112 2154 pareat,
1129 2070 1328 2134 Catholieam

228 2176 326 2239 fidem
341 2175 487 2259 abnegat.
511 2179 543 2240 4.
556 2177 665 2239 Etiam
677 2184 710 2240 et
722 2196 819 2259 quem
833 2195 899 2238 non
913 2174 1034 2257 ligavit,
1047 2173 1144 2237 etiam
1155 2173 1235 2237 eitra
1244 2174 1329 2237 Cen·

230 2299 347 2356 suram,
358 2278 385 2341 si
397 2277 537 2341 inutilis¹
549 2278 653 2356 modo,
666 2278 790 2356 tondet,
800 2285 833 2341 et
847 2276 990 2341 detrudit
1000 2263 1040 2340 de
1051 2277 1175 2358 Regno.
1199 2278 1229 2338 5.
1244 2275 1329 2339 Sub·

231 2379 328 2444 duoat
350 2401 384 2444 se
405 2380 452 2443 rei
476 2381 573 2463 Papa,
589 2380 832 2464 necquicquam
847 2388 992 2444 moveat:
1017 2387 1050 2442 at
1065 2400 1162 2463 penes
1180 2380 1330 2461 Populum

231 2482 340 2560 etiam,
358 2491 393 2546 ut
409 2484 513 2565 Reges
528 2483 674 2562 abdicet3
697 2504 757 2547 nee
772 2484 889 2566 Populi
904 2483 1000 2547 modo
1010 2483 1090 2566 jam,
1106 2483 1162 2546 sed
1173 2490 1206 2546 et
1215 2483 1330 2563 Populi

226 2584 350 2668 judicio
364 2592 556 2667 potestatem
572 2586 655 2650 haue
667 2586 845 2649 defemmtss.
871 2588 902 2649 6.
918 2586 963 2649 Et
975 2585 1074 2668 (quod
1088 2592 1184 2668 eaput
1198 2592 1247 2649 est
1261 2606 1328 2648 see·

229 2687 317 2770 loris)
334 2688 370 2751 iu
383 2688 444 2752 hao
459 2690 711 2752 Perduellioaum
725 2692 849 2769 Schola,
866 2689 902 2752 in
916 2689 1024 2753 dolore
1037 2689 1176 2772 publico,
1196 2688 1328 2771 permit-

230 2796 306 2854 tunt
320 2811 386 2854 non
401 2792 576 2874 exspectari
593 2793 716 2855 Judicis
732 2790 954 2856 sententiamh.
992 2794 1044 2857 Eu
1059 2814 1155 2876 quam
1169 2792 1261 2854 tenui
1275 2792 1330 2855 filo

230 2891 392 2976 pendeant
415 2874 541 2976 Regum
572 2894 672 2957 Jura!
719 2895 781 2973 En,
810 2902 849 2957 ut
878 2895 982 2958 alieno
1011 2894 1142 2958 arbitrio
1169 2902 1256 2959 stent
1279 2895 1330 2958 vel

231 2995 366 3059 cadant!
393 2997 474 3062 Quis
488 2998 629 3079 privatus
646 2999 685 3060 de
700 2998 801 3061 fundo
816 3019 874 3062 suo
888 3005 955 3063 tam
970 2999 1181 3082 undequaque
1192 2998 1330 3063 obnoxio

230 3098 282 3162 vel
295 3120 394 3161 unam
409 3107 537 3163 noctem
559 3121 689 3163 securus
709 3100 871 3164 dormiat?
915 3103 973 3178 Ao,
989 3102 1184 3185 privatorum
1199 3100 1329 3184 quidem
1405 3111 1409 3118 ‘

230 3221 291 3279 res,
319 3203 522 3283 quantumvis
545 3203 668 3285 amplae,
690 3203 758 3267 siue
779 3203 854 3267 vitae
878 3205 1029 3287 periculo,
1046 3204 1115 3267 sine
1134 3212 1167 3267 et
1188 3204 1328 3282 honoris,

230 3301 266 3364 in
292 3304 451 3386 jacturam
477 3304 630 3369 veniunt:
669 3305 845 3389 Dignitatis
875 3308 994 3391 Regiae,
1021 3328 1095 3370 eum
1120 3307 1187 3371 vita
1219 3307 1328 3390 Regis,

231 3407 407 3469 arctissima
424 3409 496 3489 (uec
510 3429 580 3491 quae
595 3410 733 3492 separari
747 3409 858 3492 possit)
877 3410 1061 3493 conjunctio
1074 3416 1133 3473 est.

274 3509 353 3599 N⁰¹¹.
376 3509 471 3572 eredo
497 3509 565 3573 haee
587 3531 653 3574 non
676 3513 795 3576 sentire
821 3513 926 3595 Reges
947 3513 1087 3596 reliquos
1118 3511 1327 3593 Christianos,

231 3610 287 3694 qui
310 3610 415 3674 adhue
435 3613 625 3676 aPontifioe
647 3621 745 3677 stant.
789 3615 877 3679 Nam
900 3623 933 3679 et
955 3615 1084 3679 aliunde
1102 3616 1217 3679 moniti
1241 3622 1328 3680 sunt.

232 3709 354 3791 Voluit,
377 3713 474 3796 jussit
500 3714 665 3779 Venetam
687 3716 774 3799 leges
795 3718 938 3802 refigere,
962 3719 1123 3782 maleficos
1146 3718 1327 3785 dimittere:

263 3925 273 3950 θ
290 3919 364 3985 [Bell.
376 3920 407 3970 da
416 3920 488 3970 Rom.
501 3921 573 3972 Pont.
585 3921 630 3970 lib.
640 3937 661 3971 v.
674 3936 726 3986 cap.
735 3922 757 3974 7.
800 3922 846 3972 ool.
860 3923 944 3987 loss]

232 3986 244 4045 5
257 3983 369 4033 ‘Tertia'
381 3984 437 4048 Op..
449 3991 510 4035 torn
521 3987 538 4034 1.
551 4001 575 4049 p.
587 3988 642 4037 235.
654 3986 696 4050 R]
832 3995 845 4028 Ι
862 3985 940 4064 [Vide
959 3987 1023 4037 Bell.
1042 3987 1151 4051 Recogn
1172 3989 1217 4039 lib.
1235 3990 1273 4040 iii.
1297 3991 1329 4042 de

262 4045 274 4077 ‘¹
291 4047 364 4159 RBalt.
376 4048 408 4097 de
417 4048 488 4099 Rom.
501 4050 573 4099 Pont
584 4050 629 4100 lib.
638 4065 660 4099 r.
673 4065 726 4114 cap.
734 4051 756 4102 t.
800 4048 892 4111 laicis,
915 4067 968 4115 oap.
987 4054 1010 4100 6.
1030 4056 1051 4113 ς.
1075 4053 1185 4115 ‘Quinto
1202 4056 1277 4106 uota'
1300 4055 1327 4105 P.

231 4113 243 4172 5
257 4111 294 4160 ‘A
306 4113 403 4161 temm'
415 4112 470 4177 Op..
482 4116 571 4164 tomi
583 4128 607 4179 p.
618 4116 676 4165 236.
689 4114 733 4180 R]
802 4117 824 4165 6.
837 4114 863 4164 0.
883 4115 938 4178 Op,
954 4121 1016 4166 torn.
1029 4118 1046 4165 i.
1064 4117 1095 4166 ad
1107 4117 1180 4181 luit]

263 4182 274 4208 ·
302 4174 339 4225 Cf.
353 4179 365 4225 1
379 4176 473 4227 Cotti.
486 4177 538 4241 16]
833 4177 1150 4244 “[ῨίἀοΑιι(1.Ρ1ιὶΙοριι.
1163 4181 1329 4244 (ieRPar-

263 4237 272 4269 ‘
299 4239 758 4306 Bell.deRom.Pont.oap,8.t‘Sex-
801 4246 868 4307 sons)
892 4244 1011 4307 Raaporm
1027 4244 1060 4293 ad
1082 4245 1166 4296 Edict.
1183 4245 1246 4295 Elia
1266 4247 1327 4310 Reg.

229 4304 302 4352 tum·
317 4303 371 4366 Op,
385 4309 447 4354 tom.
459 4307 476 4354 1.
495 4320 519 4369 p.
527 4308 583 4356 236.
592 4306 636 4363 u.;
656 4311 682 4357 et
692 4308 756 4357 eous.
801 4312 859 4357 sect
868 4309 894 4357 ii.
907 4308 931 4357 N
934 4323 985 4357 um.
994 4308 1049 4360 167.
1054 4323 1096 4372 pp.
1107 4312 1162 4371 196,
1171 4312 1225 4360 196.
1234 4310 1330 4370 Romus,

229 4363 329 4417 Deerat.
346 4382 399 4431 par.
410 4369 438 4418 ii.
459 4368 531 4419 Caua
543 4385 585 4420 xv.
605 4370 698 4428 Queat
713 4371 757 4421 vil.
802 4373 874 4432 1593,
898 4377 928 4421 ut
947 4373 1015 4423 attat
1038 4372 1105 4436 apud
1128 4372 1227 4425 Tortm.
1249 4375 1329 4439 roro,

229 4442 284 4495 up.
294 4430 322 4482 it
334 4430 436 4483 ‘Alius’
447 4433 520 4498 (torp.
532 4433 588 4503 dur.
597 4435 657 4486 Can
667 4439 728 4484 tom.
739 4435 757 4485 1.
801 4450 826 4499 p.
840 4439 878 4488 68.
896 4440 948 4487 not.
958 4444 977 4487 ¹.
995 4436 1056 4487 adit.
1067 4437 1158 4502 uesta]
