2910 4926
251 268 316 332 208
566 282 610 331 111
631 282 823 331 0111111111
844 282 1043 331 naamani

251 437 417 501 hominem
432 437 472 502 de
487 459 526 502 eo
541 438 698 522 amplius;
715 446 825 502 utrum
839 438 925 502 volet
941 438 1068 517 sumito,
1087 437 1139 520 (ad
1153 444 1305 502 statutum
1320 440 1360 502 de

251 541 302 602 lia
323 542 460 622 aliquod,
483 549 640 625 tanquam
663 543 700 604 de
715 541 793 624 fide,
816 549 972 626 tanquam
994 542 1032 604 do
1054 542 1210 620 rebruqod
1226 544 1359 606 oetatem

251 646 447 728 maceratio)
464 645 515 709 vel
530 646 558 708 si
572 646 666 724 volet,
684 647 888 730 quingentos.

284 780 334 831 Sed
345 781 400 831 hae
411 797 462 832 non
473 782 535 832 satis
545 797 605 842 ease,
613 786 642 831 ut
653 783 786 832 haemticua
798 782 848 831 dici
860 797 911 831 non
922 782 1009 845 possit,
1016 781 1083 832 sacili
1092 783 1195 845 negotio
1205 783 1360 834 demonstra

317 862 519 926 bimae-[Bell.
531 862 607 927 Apol.
618 878 664 927 pro
675 863 759 927 Resp]
771 878 795 928 p.
805 863 843 915 77.
858 863 927 927 [Op.,
939 867 1000 912 tom.
1008 863 1052 913 vii.
1063 864 1108 913 eol.
1121 866 1176 915 748.
1188 864 1235 927 1.]

89 968 171 1038 [Quod
187 971 240 1050 qui·
295 962 369 1025 Nou
397 964 477 1026 rotie
512 970 621 1027 autem
649 962 822 1040 cardinali,
851 962 949 1045 siquis
981 962 1155 1046 Scripturis
1185 964 1358 1027 Canonicis

87 1038 219 1153 fflffiff
252 1065 371 1145 credat,
388 1067 415 1129 si
430 1067 464 1129 in
479 1067 543 1130 tria
560 1066 716 1151 Symbola
730 1066 834 1130 libcns
846 1067 943 1150 juret,
961 1066 987 1128 si
1001 1066 1105 1150 prima
1120 1074 1257 1148 quatuor
1272 1068 1358 1132 Con-

88 1168 137 1216 am
150 1168 229 1217 vian-
252 1169 325 1232 cilia
336 1178 514 1248 veneretur,
532 1171 558 1233 si
574 1171 709 1233 Patrum
725 1190 916 1233 consensum
933 1169 1120 1233 unanimem
1140 1169 1300 1247 admittat,
1316 1170 1358 1235 de

88 1231 166 1297 dan]
251 1295 287 1337 re
296 1274 364 1337 ulla
373 1274 413 1337 ad
423 1275 561 1337 salutern
569 1273 749 1337 necessaria
754 1300 763 1351 3
780 1273 871 1336 deest
880 1273 985 1336 adhue
994 1295 1107 1352 unum,
1118 1279 1156 1337 ut
1166 1273 1357 1338 Pontificem

252 1385 414 1461 agnoscat,
431 1399 488 1461 pro
504 1378 621 1442 horum
637 1377 782 1441 omnium
797 1376 1027 1455 fundament05
1050 1384 1084 1440 at
1098 1386 1169 1440 tum
1187 1377 1357 1442 haeretious

250 1503 293 1546 ne
309 1483 371 1559 sit;
395 1482 515 1565 alioqui
528 1482 601 1565 plus
623 1482 685 1545 erit
706 1482 741 1545 in
756 1502 822 1545 uno
843 1482 998 1545 Pontifice
1013 1481 1129 1545 virium
1148 1502 1216 1545 non
1235 1481 1356 1564 agnito,

252 1592 290 1648 ut
311 1584 470 1668 impingat
492 1585 523 1649 ei
542 1585 690 1664 haeresin,
707 1607 804 1667 quam
822 1585 858 1648 in
882 1584 1064 1667 Scriptura,
1083 1584 1253 1667 Symboli's,
1270 1586 1356 1656 Con-

252 1688 343 1766 ciliia,
360 1688 520 1767 Patribus,
535 1696 573 1751 ut
586 1688 662 1752 inde
674 1688 759 1751 illius
772 1695 885 1751 notam
900 1688 1042 1770 effugiat.
1083 1688 1163 1752 Haec
1177 1689 1263 1752 enim
1279 1689 1357 1753 satia

252 1814 319 1856 non
339 1813 416 1869 esee,
433 1792 571 1875 deniquo
585 1792 669 1855 nihil
689 1792 768 1855 satis
790 1813 869 1870 esse,
890 1792 953 1855 nisi
976 1791 1106 1856 accedat
1125 1792 1165 1854 ad
1186 1792 1255 1855 haec
1270 1794 1356 1857 Pon·

251 1895 346 1959 tifex:
370 1896 405 1959 Is
420 1894 476 1959 ubi
492 1895 634 1975 accessit,
651 1895 729 1958 satis
745 1916 913 1978 superque.

285 2032 401 2082 Primum
415 2069 421 2082 .
434 2071 440 2082 .
453 2069 458 2081 .
472 2032 610 2097 Scripturia
622 2032 757 2082 Canonicia
773 2032 828 2082 aino
845 2035 913 2081 certo
930 2032 1095 2082 fundamento
1106 2032 1160 2082 Rex
1172 2032 1260 2093 credit,
1272 2048 1301 2083 ac
1310 2049 1357 2097 per

317 2115 365 2164 hoe
381 2115 481 2179 proprie
497 2129 549 2164 non
560 2113 762 2178 credit-[Bell.
774 2113 848 2177 Apol.
861 2128 906 2177 pro
917 2113 1002 2178 Resp]
1013 2129 1037 2178 p.
1047 2113 1085 2166 77.
1104 2114 1170 2178 [Op.‚
1181 2118 1243 2164 tom.
1251 2115 1296 2164 vii.
1307 2115 1355 2165 col.

318 2196 371 2247 aa.
382 2195 424 2259 1.]

89 2298 238 2415 §criptura
294 2294 479 2373 Videamus,
497 2317 593 2379 quam
607 2295 669 2359 hoc
681 2295 762 2357 catio
779 2315 840 2356 aaa
858 2314 932 2373 ecoe,
946 2292 1043 2374 sacili
1063 2295 1185 2375 aepotio
1203 2294 1355 2358 effectum

88 2365 223 2479 033111,οὲ
251 2398 361 2463 dabit:
394 2420 431 2463 ac
460 2397 500 2462 dc
532 2399 707 2482 scripturis
738 2398 853 2481 primo.
899 2398 1074 2478 amatura
1100 2399 1264 2460 (lenonicia
1293 2419 1356 2461 aoa

87 2493 207 2544 omento
252 2503 351 2565 credit
365 2503 444 2579 Rea,
457 2503 530 2583 quio
545 2503 612 2564 aiae
624 2500 916 2582 certofaudoazeato
932 2501 1040 2563 credit.
1072 2502 1203 2564 Novum
1218 2501 1354 2584 dogma;

87 2557 190 2621 mu]
253 2605 351 2687 quasi,
368 2607 519 2668 incertum
538 2607 602 2667 aiat
615 2603 857 2685 fundamentum
873 2605 1044 2684 Scriptura
1059 2625 1166 2681 sacra,
1189 2604 1252 2667 alio
1268 2612 1355 2668 certo

251 2708 353 2792 magis
377 2730 456 2792 opus
476 2708 663 2771 habeamus,
710 2709 880 2788 Scriptura
904 2709 987 2788 area,
1004 2708 1084 2788 fidoi
1103 2706 1354 2788 fundamentum,

252 2812 293 2875 ad
318 2834 429 2875 oanrm
447 2812 555 2892 fidem,
576 2813 679 2875 alione
693 2811 901 2893 fundamento
917 2812 1010 2874 nobis
1025 2813 1131 2894 opus?
1157 2812 1355 2893 Saperadz'fi-

251 2922 343 2979 catur
366 2917 512 2979 Ecclesia
533 2938 627 2998 caper
634 2916 875 2997 fundamentum
890 2916 1118 2996 Apostolorum,
1135 2921 1165 2977 et
1180 2917 1356 2996 Propheta-

249 3039 329 3096 rum,
344 3019 418 3099 lpao
432 3040 549 3082 ammo
565 3021 712 3101 oaputori
727 3020 831 3100 lapide
841 3019 917 3080 Jeoa
936 3020 1058 3080 Christo
1068 3017 1083 3081 ¹.
1108 3020 1221 3082 Altoae
1233 3020 1356 3082 Pratcr

250 3121 426 3203 Apostolos,
450 3123 635 3203 Prophetae,
662 3123 819 3184 Christum
840 3123 950 3202 ipram,
966 3119 1172 3201 sandaracato
1195 3127 1225 3183 et
1251 3123 1356 3203 lapide

251 3226 406 3306 capulari,
431 3226 509 3289 fides
532 3227 600 3310 jam
622 3234 734 3289 nostra
759 3225 907 3308 indiget?
953 3226 1007 3287 Aa
1029 3226 1098 3308 jam
1114 3224 1355 3306 fundamentum

251 3330 340 3392 atiud
347 3351 465 3411 poaere
479 3332 545 3393 uult
555 3330 746 3409 Cardinalis,
754 3336 871 3411 prater
885 3330 928 3408 id,
940 3330 1023 3410 qaod
1029 3331 1168 3411 positam
1183 3336 1229 3393 eat
1238 3332 1280 3392 ¹¹¹?
1309 3332 1355 3394 Et

250 3433 313 3497 hoc
338 3434 424 3497 illius
442 3434 546 3515 facite
569 3436 724 3516 nepotiam
750 3436 822 3497 est?
870 3433 933 3496 Sed
957 3435 1023 3497 ciue
1046 3441 1129 3498 corto
1146 3434 1355 3515 fundamento

251 3536 351 3598 credit
365 3538 444 3599 Rea.
492 3536 587 3602 Quod
602 3559 677 3600 vero
694 3534 935 3616 fundamentum
957 3536 1038 3599 illud
1059 3545 1127 3599 tarn
1150 3544 1267 3600 certam
1282 3545 1355 3620 post

249 3647 368 3718 narrat,
384 3640 493 3703 Mater
507 3641 652 3703 Ecclesia
669 3661 729 3720 par
744 3660 778 3702 oa
793 3642 904 3702 aaaiaa
919 3640 1067 3721 Pontifici
1083 3643 1207 3722 laquear
1215 3652 1240 3706 ¹¹.
1286 3641 1355 3705 Ubi

249 3742 342 3805 ludos
357 3742 449 3805 nobis
463 3743 550 3819 facit,
568 3753 599 3805 ct
614 3743 720 3805 Matri
735 3743 894 3805 Ecclesia.
929 3744 1006 3806 Non
1022 3744 1107 3807 enim
1123 3745 1232 3807 Mater
1243 3745 1353 3807 Eccle-

248 3845 299 3906 a’a
324 3843 392 3906 sine
419 3844 583 3924 Pontificio
606 3866 678 3907 ore.-
703 3853 736 3907 at
752 3866 786 3907 oa
805 3846 969 3928 Pontificio
990 3847 1059 3909 sinc
1075 3848 1184 3909 Matre
1209 3848 1354 3909 Ecclesia

249 3944 498 4009 fundamentum
514 3955 573 4010 cst.
598 3949 707 4011 Mater
716 3947 869 4025 Ecclesia,
882 3949 1007 4012 nudum
1022 3971 1142 4013 nomcn
1158 3957 1216 4014 est.
1241 3950 1353 4012 Partes

249 4048 335 4110 illius
349 4049 446 4111 nullae
462 4058 548 4113 sunt.
588 4051 700 4114 Prodit
716 4051 750 4113 in
766 4072 896 4114 scenam
911 4054 1033 4115 scilicet
1047 4060 1201 4134 tanquam
1217 4073 1355 4135 persona

249 4161 350 4231 muta,
380 4175 440 4217 nco
471 4154 556 4237 quod
579 4155 664 4217 dicat
688 4155 859 4238 quicquam
882 4155 991 4234 habet,
1018 4157 1082 4219 nisi
1102 4177 1135 4219 os
1160 4179 1179 4218 a
1197 4156 1353 4219 Pontiiice

131 4254 194 4317 157
250 4263 426 4320 mutuetur.
474 4258 560 4323 Quid
575 4258 631 4320 illa
649 4266 763 4337 taccat,
780 4259 856 4342 quid
879 4259 1038 4342 loquatur,
1055 4282 1121 4323 non
1136 4259 1227 4322 valde
1242 4261 1351 4322 refert.

285 4427 292 4459 ¹
313 4429 404 4492 apra.
418 4430 443 4478 ii.
454 4431 493 4478 20.
856 4438 867 4460 ¹²
885 4430 1040 4494 [Boll.Apol.
1053 4430 1190 4494 1110111111]
1202 4446 1224 4494 p.
1234 4430 1273 4483 79.
1287 4430 1355 4494 [0p.,

284 4502 300 4523 '⁶
318 4495 387 4558 [Ol]
405 4495 459 4544 Cor.
473 4495 509 4544 iii.
523 4493 573 4556 11]
824 4499 885 4545 tom.
894 4496 938 4545 vii.
951 4496 995 4545 col.
1007 4496 1061 4546 748.
1075 4495 1116 4559 D.]
