2910 4926
302 250 368 313 450
615 267 659 315 un
675 267 872 316 cunnuums
893 267 1095 317 summm

302 428 340 484 ut
362 442 423 485 nec
448 422 633 486 Hadrianus
649 380 775 486 ‘sextus
832 424 920 487 Nam
943 430 976 485 et
998 423 1095 505 Papae
1113 420 1177 505 ipsi
1198 420 1238 484 de
1262 419 1411 484 articulis

303 525 420 588 nostris
434 528 610 607 scrupalum
624 526 788 590 interdum
802 533 836 589 et
850 527 1019 608 ainpaltum
1032 525 1137 587 cordio
1150 523 1330 607 patiuntur.

337 677 411 727 Inani
423 676 547 727 desiderio
558 682 666 737 tenetur,
677 678 771 728 trustra
786 678 891 734 laboret,
908 677 1078 741 impossibilia
1092 676 1256 739 concupiscit,
1269 675 1309 738 (ut
1319 690 1411 726 omncs

368 760 396 807 in
413 760 538 809 unitatem
554 760 614 810 fidei
626 761 796 825 conveniant)
808 762 852 823 qui
865 761 980 823 judicem
991 759 1091 809 nullum
1101 758 1251 818 admittunt,
1263 759 1314 808 nisi
1327 757 1411 820 Scrip

368 846 445 900 turae,
462 857 523 904 quas
541 844 712 906 carmulaque
728 857 774 906 pro
790 843 897 892 arbitrio
913 857 957 891 suo
972 841 1005 892 ed
1022 842 1153 905 opiniones
1164 855 1221 890 suas
1232 839 1412 902 detorquet—

370 922 448 986 [Bell.
459 924 534 987 Apol
546 938 591 987 pro
601 923 687 989 Resp]
698 939 722 988 p.
732 925 787 975 184.
800 924 870 987 [Op.,
881 928 942 974 tom.
952 924 996 972 rii
1008 923 1055 972 col.
1067 925 1122 972 808.
1134 921 1166 972 A.
1178 921 1218 986 B.]

142 1043 196 1109 [ss.
211 1042 291 1105 Scn'p
347 1030 440 1093 Extis
465 1031 819 1114 inspectia,augurat11r
839 1030 1027 1108 Cardinalis,
1048 1031 1140 1093 inane
1162 1030 1363 1105 desiderium,
1380 1036 1410 1092 et

141 1117 285 1224 {22⁸5ssssss
305 1133 440 1196 laborem
462 1135 598 1211 irritum,
613 1155 679 1197 rem
693 1135 921 1216 impossibilem,
938 1140 973 1196 ut
987 1135 1022 1196 ir
1035 1134 1188 1196 unitatem
1202 1132 1284 1214 fidei
1299 1153 1410 1195 coace-

141 1240 235 1314 sierum
282 1230 284 1235 ⁸
304 1237 395 1298 nioat
403 1236 553 1299 Ecclesia
563 1235 754 1317 Reformotae
763 1263 774 1309 ,·
796 1237 885 1320 quasi
900 1236 935 1300 id
949 1243 1088 1319 optasset
1100 1237 1179 1314 Rex,
1189 1235 1244 1319 qui
1255 1237 1411 1298 unitatem

142 1302 221 1365 ⁵⁰¹⁵]
298 1340 379 1421 fidei
404 1361 471 1404 non
496 1362 632 1422 querere
653 1343 767 1424 Reges,
785 1347 912 1422 portem
936 1342 1017 1404 tueri
1039 1341 1151 1404 voluit.
1195 1341 1296 1418 Fidei,
1321 1341 1411 1404 inter

305 1465 369 1521 eos,
384 1446 490 1507 unitae
511 1452 579 1508 est:
604 1465 643 1508 ea
663 1465 705 1508 ne
724 1444 917 1527 importunis
938 1444 1138 1527 quorumdam
1162 1444 1411 1528 Scriptiunculis

304 1545 341 1608 in
365 1546 531 1610 dissidium
554 1554 616 1625 eat,
643 1546 678 1610 id
697 1567 772 1610 vero
794 1566 987 1630 magnopere
1009 1545 1205 1628 deprecatum
1251 1546 1308 1608 Ad
1327 1548 1413 1628 qaod

300 1656 517 1729 peruenerant,
528 1650 635 1712 eodem
645 1648 792 1712 incedant
807 1650 936 1729 reputo:
953 1648 1037 1730 qaod
1048 1648 1154 1729 siquid
1162 1649 1255 1711 aliter
1268 1651 1410 1731 sopiunt,

306 1756 337 1813 et
351 1753 408 1813 troc
421 1753 486 1814 illie
497 1753 583 1815 Deae
592 1751 766 1815 revelabat
800 1751 913 1834 Operae
927 1750 1065 1833 pretium
1080 1771 1165 1829 vero,
1178 1771 1273 1833 quam
1287 1750 1412 1815 frustra

307 1853 498 1937 suscipiendi
516 1855 634 1918 laboris
652 1854 748 1938 hujus
765 1853 923 1917 rationem
946 1853 1139 1936 subjungat3
1164 1852 1249 1936 quod
1275 1854 1410 1935 scilicet,

306 1977 372 2019 non
394 1956 458 2019 nisi
483 1959 679 2039 Scriptorum
701 1957 844 2020 Iudicem
870 1955 1054 2019 admittant.
1098 1956 1235 2019 Nullum
1265 1957 1409 2040 quidem,

307 2059 362 2141 qui
388 2059 484 2142 Legis
507 2060 577 2123 loco
600 2060 651 2123 sit:
696 2060 840 2142 Ecquem
862 2079 937 2122 vero
961 2067 1116 2141 praeterea
1136 2059 1280 2122 Iudicem
1299 2068 1412 2124 vetera

307 2161 452 2224 Concilio
466 2162 687 2225 admiserimt?
732 2160 941 2245 Ecquodnam
960 2160 1007 2223 ibi
1028 2161 1063 2223 in
1083 2160 1189 2224 medio
1208 2163 1409 2245 propositum

306 2263 455 2328 volumen
465 2265 560 2343 aliud,
573 2286 670 2348 quam
682 2265 943 2347 scripturarum?
977 2264 1161 2347 Evonpelici
1173 2260 1411 2349 Apostolicique

305 2367 388 2445 libri,
404 2389 442 2431 oc
457 2369 688 2449 Prophetarum
706 2368 842 2431 Orocan
857 2368 1023 2449 perspicue
1037 2388 1093 2430 reos
1107 2369 1263 2447 mediaret,
1279 2371 1359 2451 qaid
1371 2372 1410 2432 de

305 2470 372 2531 Deo
395 2491 450 2532 reos
473 2491 583 2552 sapere
607 2477 757 2552 oporteat.
801 2471 880 2532 Iade
900 2491 982 2552 erpo,
1004 2471 1100 2533 mireo
1120 2472 1226 2533 hostili
1249 2473 1334 2535 iuter
1353 2494 1411 2535 nos

304 2575 506 2650 contentione,
529 2575 712 2636 colationem
731 2578 878 2654 petamus
892 2593 1006 2651 eorum,
1024 2595 1089 2654 poree
1107 2576 1190 2636 ieter
1212 2596 1268 2636 coe
1283 2583 1408 2639 contro-

303 2693 392 2735 verso
416 2681 498 2751 sunt,
520 2675 601 2737 dixit
624 2676 702 2737 olim
728 2675 810 2737 serio
833 2675 976 2738 Nicaenis
999 2676 1148 2739 Patribus
1174 2678 1409 2741 Constantinus

303 2774 389 2856 opud
408 2775 675 2839 Theodoretumt
723 2777 788 2839 Sed
802 2799 857 2839 vos
875 2778 980 2840 luder
994 2778 1054 2842 istc
1069 2779 1152 2842 male
1175 2779 1293 2843 habet:
1318 2782 1408 2845 vobis

304 2876 366 2939 alio
380 2898 459 2960 opus
474 2885 523 2940 est
537 2879 659 2956 Judice,
676 2879 731 2962 qui
747 2879 897 2944 Ecclesiae
912 2881 1015 2942 multa
1029 2880 1219 2959 obtrusistis‚
1235 2883 1275 2946 de
1290 2884 1407 2966 quibus

303 2979 337 3040 in
363 2977 403 3042 iis
426 2988 536 3045 tamen
563 2981 654 3046 libris
674 2982 796 3066 syllaba
824 2983 934 3048 nulla:
958 3005 1099 3067 quaeque,
1125 2984 1184 3047 sub
1204 2985 1261 3047 illo
1282 2987 1406 3065 Jadice,

302 3101 397 3144 causa
420 3083 571 3147 caderent
591 3085 748 3147 universa.
794 3086 840 3147 At
863 3085 995 3168 quisque
1015 3085 1086 3148 illas
1107 3107 1165 3168 pro
1191 3086 1325 3151 arbitrio
1348 3111 1406 3151 suo

302 3184 471 3267 detorquet
497 3187 537 3250 ad
559 3188 724 3271 opiniones
747 3210 836 3250 suas:
860 3188 947 3250 unde
970 3209 1045 3271 ergo
1067 3188 1187 3251 intem
1202 3191 1314 3254 multis
1329 3213 1405 3255 con-

302 3309 412 3350 sensus
432 3296 480 3351 est
500 3298 567 3352 tam
585 3291 769 3354 unanimis?
815 3292 858 3353 Et
875 3291 931 3374 qui
950 3291 1068 3354 intem
1083 3293 1195 3355 multis
1215 3302 1273 3371 est,
1291 3296 1403 3378 quidni

301 3391 383 3452 etin
399 3393 507 3473 paucis
522 3402 674 3475 speretur,
691 3415 761 3477 quae
777 3395 969 3475 supersunt?
1047 3440 1051 3447 .

333 3540 378 3589 Si.
393 3579 398 3590 .
412 3579 417 3590 .
430 3542 496 3591 nihil
510 3542 658 3593 haberemus
673 3550 765 3607 praeter
782 3545 857 3607 leges,
871 3545 1003 3608 judicibus
1020 3550 1095 3609 atque
1111 3546 1215 3596 arbitris
1227 3584 1233 3596 .
1246 3583 1252 3596 .
1266 3585 1271 3597 .
1284 3550 1402 3606 exclusis,

365 3636 440 3683 quem
458 3622 534 3671 finem
552 3623 638 3673 litium
656 3639 756 3688 sperare
775 3626 1030 3689 pereamust-[Bell.
1046 3628 1121 3691 Apol.
1137 3642 1182 3691 pro
1200 3628 1285 3694 Resp]
1308 3646 1333 3695 p.
1347 3634 1400 3681 185.

365 3701 429 3765 [Op.,
442 3704 553 3752 tempii.
566 3706 612 3754 col.
629 3708 685 3755 808.
698 3705 737 3768 B.]

148 3820 232 3869 eonci-
343 3809 398 3884 At,
420 3819 535 3893 praeter
557 3813 661 3896 legem
677 3814 788 3877 Jadice
811 3815 872 3879 alio
893 3817 1032 3896 loquente
1046 3838 1134 3900 opus.
1181 3820 1263 3885 Quis
1276 3823 1399 3903 negat?

135 3885 267 4008 522¹ssng
301 3909 499 3974 iamdudum
514 3933 591 3996 ergo
605 3915 739 3979 liberam
759 3917 1002 4002 legitimamque
1023 3921 1181 4002 Synodum
1199 3943 1311 3985 omnes
1331 3946 1401 4007 p0s.

133 4014 247 4125 {ffluls
300 4013 418 4076 cimus:
441 4015 497 4078 ubi
518 4018 584 4099 (pro
603 4019 808 4082 conciliorum
824 4023 923 4102 moro)
944 4023 1102 4105 suffragiis
1117 4025 1250 4105 transigi
1270 4035 1400 4107 possent

134 4093 233 4204 laudii
331 4196 341 4219 ¹
359 4199 570 4260 Phil.iii.15,ld.
870 4210 968 4268 μοποιὸν
987 4208 1028 4258 οὖν
1050 4209 1216 4260 ἀπελάσαντες
1234 4211 1289 4274 ἔριν,
1308 4215 1337 4262 ἐκ
1354 4217 1401 4263 ’νῦν

331 4270 341 4292 ⁸
357 4263 528 4327 [Εὖαγγελικοιὶ
539 4265 593 4331 γάρ,
607 4279 672 4329 φησι,
690 4269 773 4325 βίβλοι
788 4273 826 4320 rel
871 4272 1035 4322 Θεοπνεύστοον
1046 4274 1127 4335 λόγων
1137 4275 1251 4333 λάβωμεν
1262 4280 1311 4325 τοῖν
1320 4278 1401 4338 (mon

298 4324 462 4385 ἇποστολικαὶ,
475 4332 513 4379 καὶ
524 4334 571 4379 τῶν
582 4336 688 4382 παλαιῶν
699 4339 827 4399 προφητῶν
870 4335 948 4395 μένων
955 4340 1001 4396 τὴν
1008 4339 1314 4390 adora-Theodonllist
1324 4343 1401 4407 Beci]

297 4390 328 4436 τὰ
348 4393 498 4451 θεσπίσματα
516 4399 598 4456 σαφῶς
615 4399 676 4455 ἡμᾶς
689 4398 763 4461 ἃχρὴ
774 4402 826 4462 περὶ
870 4400 914 4450 lib.
928 4403 945 4450 i.
957 4417 1010 4464 cap.
1020 4403 1042 4452 7.
1056 4403 1110 4465 [pp.
1119 4406 1157 4461 26,
1168 4404 1221 4467 27.]

297 4457 340 4501 τοῦ
352 4459 413 4504 Θεοῦ
419 4461 513 4520 φρονεῖν
521 4460 690 4510 ε’κπαιδεύουσι·
702 4466 748 4520 τὴν
756 4475 816 4511 πολε
