2910 4926
461 273 643 322 moloonia
664 274 845 322 naseossio.
1160 262 1200 324 55
1280 272 1286 282 ·

136 423 213 487 Cyril.
227 424 349 476 Ilierosol.
362 462 368 475 .
381 463 387 476 .
400 463 406 476 .
420 427 500 476 ‘Cum
511 427 559 477 boe
569 428 719 478 sacrificium
733 464 738 477 .
750 464 771 477 ..
784 429 919 490 offerimus,
931 429 1035 479 tacimus
1047 430 1203 480 mentionem

167 521 262 566 corum,
274 508 319 571 qui
336 512 394 558 unte
411 523 457 557 nos
473 508 685 558 obdonnivernnt.
721 509 836 559 Primum
849 510 1058 573 Patriarehsrum,
1072 511 1203 575 Propheta·

169 603 232 648 rum,
243 591 315 639 οἰοῖ]
329 589 405 654 [Bell.
417 590 492 653 Apol.
504 605 549 654 pro
560 590 647 655 Rosa]
666 606 690 654 p.
703 594 741 641 15.
761 592 831 656 [Op.,
843 597 905 641 tom.
917 594 1014 643 viieol.
1029 595 1083 644 713.
1096 591 1139 658 Α.]

148 696 199 760 De
222 698 344 781 Cyrillo
367 719 503 782 quoque,
539 697 644 782 injicit
676 699 769 764 nobis
805 702 990 785 scrupulum
1012 705 1205 785 Augustana
1219 714 1358 844 qucqrill.

102 808 211 863 vestra
225 801 435 879 Bibliotheca,
460 802 515 865 ubi
532 802 721 866 Catecheses
736 803 810 882 illae,
832 804 963 868 alterius
980 828 1074 889 quam
1093 806 1205 890 Cyrilli
1233 782 1289 832 ¹¹⁰¹·

103 904 236 968 nomine
260 905 423 989 inscriptae
433 915 454 968 ⁸.
500 906 572 968 Nee
598 905 779 989 defugimus
805 916 925 986 tamen,
951 930 1022 993 quae
1049 909 1126 972 dicit
1150 909 1204 973 ibi.

106 1007 203 1072 Quod
217 1009 302 1072 enim
317 1011 499 1073 mentionem
512 1009 662 1089 faeiraas,
675 1009 763 1088 dicit,
779 1012 1051 1093 Patriarcharam,
1068 1015 1206 1096 Propte-

104 1117 218 1190 taram,
248 1120 306 1178 ete.
339 1136 406 1176 eura
437 1114 620 1195 offerimas;
651 1135 757 1198 neque
788 1136 855 1194 nos,
888 1118 1070 1180 mentionem
1100 1118 1139 1181 de
1167 1118 1207 1181 iis

104 1223 176 1278 tum
193 1216 319 1297 factam
340 1238 506 1300 negamus,
523 1239 679 1299 negamus
702 1219 868 1282 invocatos.
916 1220 1082 1303 Negamus
1099 1228 1207 1284 autem

106 1321 282 1402 Augustini
297 1320 371 1399 fide,
388 1321 441 1405 qui
458 1321 622 1402 Martyres
640 1321 683 1382 ibi
705 1321 749 1383 ad
770 1343 859 1384 aram
882 1323 1036 1386 noaeiaari
1059 1326 1206 1403 affirmat,

106 1423 247 1487 iaeoe'an'
262 1424 378 1487 diserte
394 1426 517 1507 negata

152 1526 256 1590 Venio
276 1528 344 1612 jam
366 1528 406 1592 ad
422 1528 567 1605 tertium,
592 1527 648 1591 ubi
675 1528 735 1591 etsi
757 1528 903 1608 deveris,
921 1539 953 1594 et
970 1531 1046 1610 veri,
1066 1531 1147 1595 nihil
1168 1531 1209 1594 ad
1222 1536 1320 1652 quala

109 1652 178 1693 rem
202 1639 322 1695 tamen.
376 1634 407 1694 3.
431 1631 547 1713 Neque
575 1631 662 1694 euim
686 1653 723 1694 eo
748 1631 900 1696 dicuntur
929 1635 1007 1712 haec,
1033 1635 1134 1719 quasi,
1170 1635 1209 1718 (si
1223 1602 1373 1717 ρζὲῗζυζω

109 1741 200 1797 extra
214 1736 317 1798 aleam
332 1757 461 1799 omnem
471 1734 631 1797 orationes
646 1733 720 1813 illae,
733 1741 765 1797 et
778 1736 904 1799 abesset
920 1739 1058 1821 suspicio
1073 1739 1177 1803 omnis
1186 1742 1205 1822 :)
1223 1731 1345 1847 ῗὲθξῑῑθθ

110 1838 230 1922 aliquid
246 1861 283 1903 ex
299 1860 337 1903 eo
359 1860 461 1903 caasae
482 1844 601 1902 nostrae
622 1838 799 1901 decederet.
848 1840 920 1903 Sint
941 1843 1028 1904 enim
1054 1863 1136 1905 verae
1160 1842 1210 1906 vel
1241 1813 1264 1847 ω
1291 1796 1313 1859 ']

110 1943 260 2021 maxime,
291 1943 357 2005 sint
381 1943 420 2005 ad
447 1964 548 2005 unum
575 1963 704 2018 omues;
737 1944 782 2005 At
806 1943 1010 2026 Demeyoriea
1035 1945 1114 2024 haee,
1145 1947 1211 2009 litis
1277 1946 1321 2007 43

111 2047 284 2110 decretoria
311 2068 379 2109 non
405 2045 663 2128 sunt¹13quibus
693 2052 812 2123 tamen,
839 2046 892 2110 hic
921 2047 1080 2112 incumbit
1110 2050 1211 2112 moles

112 2171 216 2214 eausae
246 2150 368 2214 totius:
390 2157 514 2233 utpote,
540 2170 611 2232 quae
640 2149 890 2212 Declamatioaes
919 2151 1014 2215 modo
1043 2153 1213 2216 Raetorum

114 2254 189 2330 sint,
213 2276 280 2316 non
298 2254 501 2337 Definitioaes
522 2253 751 2334 Theoloyorum.
797 2253 861 2316 Res
883 2275 958 2319 vero
980 2255 1025 2317 sie
1048 2278 1081 2319 sc
1105 2255 1213 2320 habet.

115 2358 312 2445 Frequentes
328 2357 362 2419 in
378 2358 512 2420 Patrem
527 2356 654 2438 seriptis
670 2356 851 2439 Paaeyyres
869 2364 945 2420 sunt
960 2359 1143 2441 Martyrum
1157 2381 1215 2442 pro

115 2461 178 2523 fide
193 2460 397 2538 functorum3
422 2468 498 2522 sunt
514 2467 546 2521 et
561 2459 595 2521 in
612 2459 733 2521 recenti
749 2460 924 2523 amicorum
940 2460 1032 2525 obitu
1052 2464 1217 2526 Orationes

107 2563 268 2644 funebres.
314 2564 355 2627 In
376 2563 425 2627 his
440 2584 514 2626 vero
544 2562 625 2644 (quis
646 2562 749 2625 nescit
760 2563 786 2644 ?)
817 2562 898 2625 nihil
922 2565 1024 2646 magis
1050 2566 1215 2644 familiare,

117 2688 212 2750 quam
236 2673 273 2728 ut
288 2667 425 2729 orationi
444 2665 513 2728 vela
537 2664 624 2742 dent,
641 2674 674 2727 et
694 2665 847 2728 Oratorice
863 2666 1035 2747 facultatis
1057 2690 1123 2732 sirac
1145 2691 1217 2751 opes

117 2792 238 2848 omues,
255 2791 366 2833 omnes
386 2768 511 2852 flaturas
526 2767 692 2851 explicent.
739 2769 811 2831 Nec
833 2779 883 2832 est
900 2770 986 2834 inter
1001 2770 1126 2855 fiyaras
1141 2773 1216 2851 ulla,

122 2874 167 2956 (iu
196 2881 401 2937 mortuorum
434 2872 564 2955 quidem
600 2871 791 2955 praeconiis)
829 2874 931 2956 magis
961 2877 1089 2954 usitata,
1121 2898 1217 2961 quam

117 2977 334 3057 Apostrophe;
361 2976 514 3040 orationis
539 2974 660 3038 scilieet
687 2973 727 3036 ad
752 2974 920 3040 defunctos
944 2980 1117 3058 conversio,
1142 3001 1215 3063 qua,

117 3079 189 3143 illos
214 3079 305 3164 quasi
327 3080 492 3156 redivivos,
509 3086 541 3142 et
562 3084 745 3161 praesentes,
762 3081 952 3163 compellare
967 3104 1047 3147 mos.
1092 3084 1218 3146 Notum

117 3184 199 3247 illud
221 3185 365 3247 Oratoris
390 3183 431 3246 ad
455 3190 628 3246 mortuum.
679 3182 707 3243 O
733 3182 845 3246 Marce
868 3185 982 3263 Druse,
1010 3193 1040 3250 te
1064 3189 1184 3270 amello
1194 3198 1217 3251 ¹.

119 3289 164 3352 Et
192 3287 272 3350 illud
296 3289 414 3365 Poetae,
446 3287 486 3350 ad
516 3285 809 3362 alium—Audisse
838 3290 903 3351 laec
927 3290 1120 3372 Amphiarae
1155 3292 1219 3354 sab

120 3398 238 3454 terram
253 3392 407 3454 audirer?
452 3390 528 3467 Ubi,
547 3411 621 3452 eum
644 3387 877 3470 Amphiaraum
901 3391 963 3471 hie,
987 3394 1131 3457 Drusum
1153 3395 1218 3473 ille,

120 3495 211 3579 quasi
236 3515 376 3578 praesens
399 3501 591 3578 praesentem
614 3490 804 3572 alloquitur:
830 3494 1009 3558 Rhetorum
1034 3518 1091 3561 seu
1106 3499 1219 3562 Poeta-

119 3620 192 3660 rum
207 3597 241 3660 id
256 3619 343 3661 more
359 3597 448 3674 tacit,
462 3618 527 3659 non
544 3602 663 3670 autem,
680 3593 765 3675 quod
780 3596 891 3661 audire
906 3618 960 3661 eos
976 3598 1146 3678 existimet,
1164 3609 1220 3664 aut

121 3722 217 3764 sensu
232 3700 400 3764 verborum
428 3699 520 3763 affici.
564 3696 683 3779 Ecquis
708 3696 775 3761 haec
798 3699 867 3782 jam
891 3701 1016 3781 afferat,
1039 3704 1130 3787 quasi
1148 3726 1221 3767 vere

122 3854 192 3904 llaer.
214 3855 296 3904 lxxix.
321 3854 463 3919 (Collyrid.)
482 3870 537 3918 cap.
551 3869 573 3902 v.
594 3851 650 3916 Op,
695 3866 740 3915 per
756 3851 785 3900 Ι),
800 3853 981 3918 llaereholium,
1000 3872 1041 3921 pp.
1051 3859 1090 3918 20,
1098 3861 1138 3908 21.
1155 3861 1222 3923 Aug.

122 3924 183 3969 tom.
195 3920 212 3968 i.
224 3935 248 3982 p.
258 3922 328 3970 1062.
341 3919 387 3982 Α.]
697 3918 774 3968 vind.
786 3919 867 3983 1595]

155 3994 164 4018 ¹
183 3984 255 4048 [Εἶτα
270 3983 447 4047 μνημονεύομεν
458 3985 498 4033 καὶ
514 3986 652 4047 τῶνπροκε·
728 3987 736 4016 ⁸
761 3984 800 4047 [S.
813 3987 879 4047 Aug.
892 3984 923 4034 (le
937 3985 1012 4036 civit
1030 3986 1086 4038 Dei.
1102 3988 1147 4038 lib.
1159 3991 1222 4038 xxii.

123 4047 279 4110 sensualem,
302 4053 393 4112 πρῶτον
414 4049 573 4112 πατριαρχῶν,
600 4066 653 4110 προ·
697 4063 748 4112 cup.
763 4053 801 4098 10.
825 4050 1206 4117 0p‚ton1.vii.eol.107³.1).]

124 4117 213 4174 omar,
235 4114 385 4175 ἀποστόλων,
412 4112 541 4178 μαρτύρων·
560 4114 645 4162 erest
729 4122 741 4144 ¹¹
773 4116 849 4177 [οὖδὲ
869 4117 916 4176 ’γὰρ
939 4114 1027 4166 κανόνα
1048 4122 1156 4178 ποιοῦμαι
1178 4121 1224 4167 τῶν

124 4179 184 4229 Θεός
201 4182 254 4229 τοῖς
274 4181 356 4241 εὐχαῖς
373 4182 450 4228 αὐτῶν
466 4181 504 4227 καὶ
519 4179 654 4241 πρεσβείαις
698 4181 858 4239 δογμάτωντὰ
868 4185 1030 4243 πανηγυρικοῖς
1040 4184 1127 4232 ἐντοῖς
1137 4185 1224 4241 ἐκκλη-

48 4293 53 4301 ,
124 4242 284 4306 προσδέξηται
292 4246 356 4303 ἡμῶν
364 4246 411 4304 τὴν
420 4242 567 4300 δέησιν-8.
578 4243 653 4304 Cyril.
698 4243 759 4292 alais
770 4242 1041 4306 λεγόμενα-1111111181.
1054 4247 1120 4309 apud
1132 4247 1225 4296 Theod.

126 4308 197 4357 Hier.
219 4310 319 4359 catech.
342 4310 416 4358 xxiii.
441 4308 527 4370 (llyst.
549 4310 583 4369 v.)
604 4311 653 4367 59.
698 4309 813 4358 Dialiii.
843 4309 1127 4375 Op.‚tom.iv.p.202.]

125 4389 149 4437 p.
162 4376 217 4423 328.
230 4373 272 4435 Α]
731 4383 741 4403 ¹
761 4374 841 4439 [Vide
854 4376 904 4423 t'ia
918 4375 985 4425 Orat.
998 4390 1050 4438 cup.
1063 4376 1117 4438 63.]

159 4447 168 4468 ¹
187 4438 264 4503 [vide
273 4437 420 4501 catalogum
431 4438 509 4488 Grae
523 4436 601 4487 Codd.
613 4438 656 4498 qni
732 4448 743 4480 5
764 4437 841 4503 [Vide
855 4439 907 4488 Cic.
926 4440 996 4490 'luae
1009 4439 1208 4503 Quaesitus]

126 4502 655 4568 suntinBiblioth.Reip.1tugust.l'indel.
944 4527 946 4530 ·
