2910 4926
255 260 321 325 llo
566 277 610 325 sn
630 276 823 325 csnnmsnxs
843 276 1042 326 nmmum

253 433 290 497 in
303 431 471 499 eahabuit
484 433 563 519 ipse,
578 442 617 498 ut
638 440 746 518 posset
766 434 870 498 dare?
913 434 1008 498 Nihil
1029 435 1118 498 enim
1140 433 1291 498 Pontifex
1314 434 1355 497 ab

256 534 412 601 Hibernis
440 537 650 602 emolumenti
678 537 817 616 habuit3
849 537 933 602 nihil
962 537 1102 602 Hibcmi
1138 559 1158 601 a
1187 538 1355 602 Pontifiee.

171 638 186 655 '
255 640 335 705 Non
360 641 511 706 Pontifex
522 640 564 707 ab
576 642 658 707 illis:
681 642 810 726 alioqui,
827 642 905 727 quid
926 664 1008 726 opus
1027 651 1136 727 petere
1155 641 1201 705 sic
1223 664 1243 706 a
1265 643 1355 725 Rege

255 744 380 808 derserii
393 744 504 827 stipem
518 744 565 810 ibi
579 766 704 824 novam,
718 746 754 808 in
768 745 853 809 ardes
867 744 1056 829 singulasl?
1079 745 1158 809 Non
1172 745 1219 808 illi
1234 767 1254 809 a
1268 746 1354 809 Pon-

255 846 362 912 tiliee:
385 855 424 910 ut
444 847 562 931 quibus
577 868 637 912 nec
652 849 860 911 Matrimonia
869 847 886 926 ¹,
902 869 963 912 nec
986 849 1048 912 ulia
1066 849 1171 912 multa
1192 848 1356 931 religionis

256 956 385 1029 nostrae,
399 958 487 1015 recte
500 951 667 1015 haberent.
705 951 794 1014 Mira
807 958 917 1015 autem
926 953 1121 1016 Pontificum
1134 951 1356 1033 memflcentia,

259 1053 314 1138 qui
329 1053 414 1136 quod
436 1074 497 1117 nec
519 1053 651 1134 habent,
674 1075 735 1118 nee
754 1053 938 1118 habuerunt
963 1077 1117 1139 unquam,
1138 1055 1277 1139 benigne
1299 1056 1357 1117 im·

251 1158 416 1239 patiant:
440 1156 495 1241 qui
510 1158 588 1220 dont
601 1157 643 1221 de
657 1159 758 1220 alieno
772 1178 907 1241 semper,
922 1179 989 1221 non
1003 1179 1068 1222 ruo
1108 1158 1220 1222 Simile
1234 1159 1355 1222 faenum

257 1268 391 1325 narrant
402 1260 534 1324 alterius
551 1260 725 1324 Pontificis.
765 1261 915 1324 Sanctius
931 1261 1029 1344 Regis
1044 1262 1232 1345 Aragonum
1246 1261 1355 1337 frater,

257 1384 333 1429 eum
356 1363 532 1429 exercitum
558 1363 690 1428 duceret
718 1363 754 1426 in
785 1364 970 1442 Saracenos,
1000 1364 1036 1427 in
1065 1362 1189 1428 Urbem
1215 1363 1355 1427 divertit.

258 1466 408 1531 Pontifex
422 1487 507 1545 eum,
522 1466 611 1531 tubae
632 1466 749 1545 sonitu,
768 1466 892 1550 Regem
908 1467 1043 1551 AEgypti
1067 1467 1227 1530 salutavit.
1273 1467 1357 1531 Cum

259 1568 336 1652 quid
350 1567 438 1632 tubae
460 1569 584 1632 sonitus
606 1568 668 1633 sibi
683 1568 789 1647 vellet,
804 1577 1010 1652 percontatus
1032 1570 1191 1647 Sanctius,
1208 1571 1357 1653 Regnum

258 1672 394 1757 AEgypti
409 1694 429 1735 a
442 1673 530 1756 Papa
544 1672 604 1737 sibi
620 1672 732 1737 datum
747 1673 903 1750 rescisset,
923 1673 1020 1757 jussit
1041 1674 1128 1738 exire
1145 1674 1256 1737 statim
1270 1674 1357 1738 tubi-

258 1773 346 1839 cines
372 1795 456 1854 suos,
483 1782 580 1858 atque
604 1796 663 1839 suo
690 1775 832 1852 nomine,
862 1776 983 1859 Papam
1008 1776 1177 1860 calipham
1202 1776 1358 1840 Baldachi

262 1877 302 1960 (is
324 1884 374 1941 est
391 1878 623 1943 Saracenorum
637 1877 787 1942 Pontifex
804 1879 968 1961 Summus)
987 1879 1193 1943 renunciare:
1217 1900 1253 1944 se
1268 1880 1308 1959 ei,
1323 1880 1358 1942 in

259 1986 388 2043 mutuus
402 1979 495 2060 vices,
511 1979 739 2046 Pontificatum
753 1979 908 2045 conferre.
954 1981 1062 2065 Atque
1076 1981 1124 2045 ita
1138 1983 1233 2066 Papae
1253 1982 1358 2045 suavis

259 2080 357 2146 homo
371 2080 482 2146 illusit.

291 2214 401 2267 Exstant
410 2215 442 2267 da
454 2220 508 2268 tole
518 2215 565 2268 hac
572 2231 600 2268 rs
610 2218 756 2269 testimonis
766 2217 952 2279 historicorum,
961 2252 996 2269 ...
1007 2216 1196 2282 Nsubrigensis,
1207 2217 1252 2268 lib.
1260 2217 1297 2267 lii.
1304 2232 1324 2268 c.
1334 2221 1357 2267 9.

324 2297 437 2363 -[lel.
450 2299 525 2363 Apol.
534 2313 580 2362 pro
591 2299 677 2365 Resp]
689 2315 715 2364 p.
726 2302 765 2351 29.
776 2299 846 2365 [Op.,
856 2303 918 2351 torn.
929 2300 974 2350 vii.
986 2288 1096 2352 eels'lll.
1109 2299 1138 2350 B.
1151 2298 1193 2364 O.]

97 2408 147 2477 [ns
158 2407 205 2460 lna
303 2398 536 2482 Neubrigensis
554 2420 630 2464 vero
649 2399 737 2463 haud
758 2399 927 2483 quiequam
946 2398 992 2463 ibi
1013 2406 1125 2463 narrat
1143 2399 1224 2483 (loeo
1246 2397 1356 2479 citato)

98 2475 249 2591 {fflffi
261 2498 296 2563 in
320 2520 389 2564 rem
416 2501 614 2565 cardinalis:
637 2521 698 2566 nec
721 2502 853 2598 omnino
879 2502 1060 2586 quiequam,
1082 2503 1145 2566 nisi
1170 2502 1211 2566 'de
1237 2502 1359 2586 Legata

95 2603 201 2668 summ]
262 2604 400 2688 quodam
424 2605 603 2685 Pontificio,
627 2626 740 2669 aurum
764 2606 977 2670 Hiberuicum
1000 2606 1146 2670 sitiente:
1170 2605 1232 2682 cui,
1247 2625 1320 2668 cum
1342 2628 1361 2667 a

262 2710 351 2793 Rege
375 2716 515 2793 potestas
537 2709 622 2774 lacta
639 2708 821 2794 trajiciendi
838 2709 874 2772 in
897 2708 1099 2788 Hiberniam,
1121 2730 1184 2792 quo
1203 2708 1300 2791 Regis
1315 2707 1360 2771 ibi

260 2833 330 2877 rcm
366 2818 485 2896 ageret,
515 2812 570 2876 ille
595 2812 735 2896 perfidus
760 2812 858 2876 homo
894 2811 1058 2876 Hibernos
1097 2810 1256 2876 commisit
1286 2831 1360 2874 cum

260 2915 398 3000 Anglis:
422 2936 529 2998 quare,
549 2915 665 2979 merito
685 2915 832 2999 explosus
852 2913 892 2978 ab
916 2913 1061 2997 utrisque
1069 2912 1094 2976 ¹.
1139 2915 1232 2991 Tum,
1255 2933 1360 2996 neque

261 3020 457 3082 dirueretis
478 3019 633 3082 commode
650 3016 850 3101 temperiem
865 3017 1029 3083 cardinali
1052 3018 1129 3082 haec.
1176 3018 1273 3095 Nam,
1291 3038 1362 3099 quae

260 3123 296 3187 in
318 3144 356 3188 co
380 3123 485 3207 eapite
506 3131 689 3202 narrantur,
711 3144 796 3186 anno
819 3122 950 3186 demum
967 3123 1061 3187 1184.
1086 3129 1178 3205 gesta
1199 3127 1285 3197 sunt,
1301 3120 1360 3183 sub

261 3226 362 3291 Lucio
374 3226 454 3305 111,
469 3234 552 3310 post,
567 3247 635 3290 non
650 3226 755 3290 solum
770 3225 906 3290 Adriani
917 3226 990 3305 IV,
1006 3225 1175 3289 sedetiam
1185 3222 1362 3288 Alexandri

261 3330 330 3396 III.
352 3337 516 3414 tempera:
542 3329 650 3413 idque,
673 3351 748 3394 cum
771 3328 840 3393 dari
864 3350 936 3393 eam
959 3351 1026 3392 non
1047 3334 1131 3391 esset
1151 3348 1240 3409 opus,
1264 3348 1362 3409 quam

262 3434 341 3511 Rex,
358 3433 487 3512 scilicet,
504 3433 573 3517 jam
590 3454 648 3517 per
662 3432 817 3497 tredecim
840 3438 915 3495 ante
934 3452 1034 3496 annos
1055 3437 1248 3513 occupasset.
1295 3431 1362 3493 De-

261 3537 359 3620 nique
373 3536 464 3600 nulla
476 3534 523 3599 ibi
536 3535 587 3599 vel
603 3535 670 3599 dati
684 3536 736 3600 vel
750 3535 872 3619 accepti
886 3535 1019 3613 mentio,
1036 3533 1234 3599 conditiones
1251 3533 1360 3596 nullae.

261 3640 360 3703 'Porto
375 3638 511 3702 eredidit
525 3638 588 3717 hic,
605 3644 660 3702 ant
679 3638 733 3701 alii
747 3637 913 3702 Sacellano
928 3659 995 3715 suc,
1011 3637 1099 3700 haud
1118 3636 1235 3718 (credo)
1254 3636 1361 3699 locum

261 3740 401 3825 inspexit
425 3740 613 3804 cardinalis.
660 3739 756 3807 Quod
783 3740 811 3802 si
833 3746 951 3818 autem,
969 3739 1046 3823 quid
1066 3761 1105 3803 ea
1125 3739 1165 3802 de
1187 3759 1222 3802 rc
1243 3737 1362 3802 habeat

294 3906 306 3940 ἱ
324 3907 354 3971 [“
362 3906 396 3957 llt
406 3907 476 3956 illius
486 3912 560 3957 terrea
572 3908 680 3972 populus
692 3912 718 3958 to
728 3908 790 3959 scei-
833 3909 948 3959 omnium
960 3909 1077 3972 gentium
1093 3909 1121 3957 in
1137 3907 1196 3957 fidei
1210 3907 1363 3956 rudimentis

280 3972 324 4033 iat,
345 3977 372 4021 et
398 3972 464 4021 sicut
491 3972 629 4022 Dominum
651 3978 790 4034 veneretur,
832 3973 1007 4034 incultissima,
1030 3972 1142 4022 nendum
1160 3973 1229 4022 enim
1252 3971 1362 4021 decimas

257 3987 316 4100 lius
333 4036 507 4086 Pmcleslastieo
524 4037 632 4097 illibato,
645 4041 672 4087 et
690 4039 790 4100 integre
832 4039 872 4088 vel
884 4039 1011 4101 primitias
1029 4039 1137 4095 solvunt,
1148 4037 1262 4086 nondum
1277 4038 1363 4085 matri·

261 4106 432 4165 parmanente.
449 4105 475 4150 et
490 4101 559 4151 salva
575 4100 652 4152 Beato
670 4102 743 4152 Petro
758 4103 789 4153 de
832 4104 918 4152 monia
943 4103 1102 4163 contrahunt,
1120 4116 1172 4151 non
1195 4103 1305 4151 incestus
1327 4102 1362 4150 vi-

262 4166 370 4229 singulis
386 4164 503 4215 domibus
513 4181 597 4215 annisa
607 4168 682 4216 unius
692 4166 789 4217 denarii
832 4165 1049 4230 tant.'']-Girald.
1071 4166 1228 4230 Popograph.
1254 4165 1361 4215 Hibem.

295 4229 471 4281 usione.''-ll
489 4231 530 4279 lst
555 4230 663 4281 Adriani
683 4231 729 4281 IV.
757 4231 789 4281 nd
834 4232 898 4281 Diat
912 4233 948 4285 iti.
961 4247 1014 4295 cap.
1027 4235 1066 4281 19.
1091 4233 1129 4296 [p.
1142 4233 1197 4282 742.
1209 4230 1276 4293 apud
1292 4231 1363 4280 Cam·

291 4311 342 4346 our.
356 4244 488 4358 llapudl
497 4295 589 4345 Matth.
604 4296 680 4346 Puris
697 4296 729 4346 nd
749 4312 790 4347 an.
833 4296 893 4346 deni
905 4297 1021 4359 Anglica,
1035 4297 1213 4352 Normanniea,
1226 4294 1284 4359 ete]

263 4359 447 4426 1165.[p.01.]
866 4360 877 4393 l
896 4361 967 4425 [Gal.
986 4361 1080 4411 Neubr.
1098 4360 1143 4410 llb.
1160 4361 1198 4409 iii.
1210 4375 1264 4422 cap.
1283 4363 1305 4409 9.
1319 4375 1361 4424 pp.

295 4423 301 4456 ¹
323 4423 349 4489 [“
359 4424 425 4475 Gens
441 4424 510 4474 enim
529 4424 592 4484 hoee,
607 4440 670 4488 gens
686 4426 791 4489 spureis-
834 4427 971 4477 282-286.
982 4425 1064 4475 Oxcn.
1076 4425 1161 4488 ma]

261 4490 334 4550 etms,
351 4504 414 4553 gens
433 4490 503 4540 vitiis
520 4490 713 4551 involutissima,
728 4506 791 4554 gens
866 4489 872 4521 ¹
898 4490 1010 4554 [Parent
1024 4489 1263 4553 Andr.lll.l.18.]
