2910 4926
100 2001 204 2067 [Eucha-

99 2068 171 2116 ristia
180 2071 219 2116 est

98 2131 175 2180 simul

145 2199 209 2259 184·

99 2281 185 2330 Sacris.
197 2286 224 2330 et

255 271 321 335 250
540 250 543 258 ’
570 284 613 330 lu
635 282 826 331 00000000
847 282 1047 331 00000100

256 441 434 525 0000111001
457 448 560 519 erant,
583 441 785 506 orthodoxos.
830 442 902 506 Nec
928 450 997 507 tarn
1020 442 1120 506 luisse
1142 443 1179 506 10
1201 448 1290 507 arcto
1311 444 1360 509 ibi

258 545 515 626 Gregorium,ut
538 552 624 607 00001
647 543 693 608 ibi
713 545 843 625 privata
869 545 973 608 Mima
998 546 1074 628 (000
1098 545 1161 609 1001
1184 546 1355 629 augustiis)

256 646 437 711 necessario
451 645 651 710 celebranda.
697 648 746 709 Eo
764 647 851 710 enim
871 647 934 710 loci
949 654 1021 730 post
1036 649 1360 712 000100010οΕ00Ιο-

257 750 339 813 siam
363 752 396 813 S.
410 749 601 826 Anastasia,
622 749 708 812 inter
732 771 844 813 omnes
867 750 957 814 urbis
982 751 1093 834 Regiae
1114 751 1273 815 Ecclesiae
1297 752 1360 814 im-

257 852 369 936 primis
391 852 606 935 megnificam.
662 853 769 918 Quam
791 873 867 916 vero
892 852 984 915 tenui
1007 874 1063 936 spe
1087 853 1207 936 pendet
1225 854 1360 934 privata

258 955 372 1032 Missa,
390 975 486 1037 quam
507 953 636 1017 infirma
657 954 727 1017 basi
745 954 871 1031 nititur,
887 955 939 1017 001
962 955 1094 1019 meliora
1108 955 1160 1019 his
1180 956 1361 1020 statumina

258 1058 436 1142 prospicere
458 1078 527 1120 non
552 1057 668 1140 potuit,
690 1064 763 1139 post
786 1063 835 1120 tot
858 1056 893 1119 in
912 1057 1138 1122 Controvereiie
1164 1059 1360 1123 0010αο000

259 1167 395 1234 exactos,
411 1165 567 1222 veterator
581 1168 693 1221 tantus
708 1159 912 1223 Cardinulisi

293 1309 366 1359 Ratio
379 1347 384 1358 .
397 1348 402 1359 .
415 1325 459 1359 cur
470 1309 496 1359 N
497 1314 610 1359 oratores
621 1311 753 1371 mirentur,
766 1310 832 1373 quod
844 1347 850 1357 .
864 1346 870 1358 .
883 1309 1023 1359 celebretur
1034 1310 1181 1373 mysterium
1193 1309 1361 1359 Eucharistiae

324 1393 378 1441 sine
387 1392 607 1456 participantibus,
615 1395 661 1449 001,
671 1393 730 1455 quia
739 1406 791 1440 non
799 1391 906 1441 eredunt
913 1391 1098 1441 Eucharistiam
1110 1392 1255 1442 institutam
1264 1393 1362 1457 [101000]

325 1472 471 1532 aDomino,
487 1479 516 1521 ut
533 1471 663 1522 offerretur
677 1472 731 1522 Deo
745 1473 774 1521 in
791 1472 949 1531 sacrificium,
964 1472 1008 1522 sed
1027 1473 1109 1522 solum
1124 1477 1153 1522 ut
1169 1472 1362 1523 Sacramentum

325 1555 510 1605 communionis
525 1559 597 1616 esset,
615 1559 642 1604 et
660 1554 754 1618 000010
773 1554 904 1604 offerretur
920 1557 949 1603 in
965 1554 1113 1605 alimoniam
1131 1555 1298 1619 spiritualem
1332 1555 1362 1605 Si

325 1639 395 1686 enim
407 1637 557 1687 sacrificium
568 1637 741 1696 admitterent,
754 1637 827 1686 facilc
839 1637 1019 1700 intelligerent,
1032 1652 1103 1701 00000
1113 1636 1264 1687 sacrificium
1276 1636 1362 1688 offerri

327 1718 380 1768 Deo
392 1733 438 1782 pro
449 1718 550 1782 populo,
562 1718 662 1767 etiamsi
674 1718 782 1781 populus
794 1717 825 1767 de
836 1718 958 1768 sacrificio
968 1733 1018 1769 non
1031 1720 1166 1782 participet
1176 1718 1362 1778 manducando,

325 1798 400 1849 modo
411 1799 546 1862 participet
556 1797 831 1862 impetrando-[Bell.
840 1797 913 1862 Apol.
923 1814 969 1862 pro
977 1797 1062 1862 Resp]
1074 1813 1097 1862 p.
1107 1801 1161 1848 100.
1170 1799 1237 1863 [00.,
1247 1803 1309 1848 tom.
1316 1801 1361 1848 vii

325 1880 381 1930 coll.
392 1880 486 1931 7001).
499 1880 554 1930 761.
567 1879 609 1944 A.]

303 1986 413 2067 Atque
435 1984 496 2048 hoc
517 1991 565 2048 est
587 1983 672 2065 quod
694 1984 850 2045 mirantur
871 1982 974 2045 nostri
997 1983 1161 2047 homines:
1185 2004 1251 2046 non
1275 1983 1362 2066 quod

262 2089 374 2150 mirari
388 2087 435 2150 ibi
452 2107 505 2149 eos
527 2086 622 2168 fingit
638 2085 828 2149 Cardinelis.
877 2085 1015 2148 Credant
1037 2086 1327 2163 mimitemelae
1342 2106 1363 2148 a

263 2191 396 2253 Domino
411 2190 647 2252 Embartstiam
669 2187 704 2250 in
719 2187 769 2250 sui
784 2188 1099 2250 commemorationem
1107 2214 1118 2261 ,·
1141 2187 1239 2251 ctiam
1256 2189 1363 2251 Sacri-

263 2293 328 2355 ficii
352 2292 412 2370 sui,
427 2292 479 2356 rel
497 2291 536 2373 (si
560 2291 607 2354 ita
632 2291 720 2373 loqui
744 2290 850 2373 liceat)
876 2292 910 2352 ia
932 2289 1122 2371 sacraficium
1145 2311 1362 2354 0000000000-

171 2446 176 2458 .
265 2398 379 2469 tieam;
413 2417 479 2459 non
504 2402 613 2458 autem
638 2394 674 2456 in
699 2395 935 2456 Sacramentum
964 2392 1071 2472 modo,
1102 2392 1152 2456 vel
1183 2393 1363 2456 alimoniam

261 2499 464 2579 spirituatem.
526 2497 599 2559 Hoc
629 2496 759 2581 quidem
789 2495 849 2559 etsi
885 2495 1070 2572 admittant,
1101 2503 1222 2578 negant
1251 2501 1364 2559 temen

262 2610 436 2684 utrumque
454 2622 549 2662 usum
566 2599 653 2661 hunc
672 2600 728 2679 (010
749 2621 768 2661 0
783 2599 924 2662 Domino
941 2599 1037 2661 simul
1052 2607 1086 2661 01
1101 2599 1299 2683 conjunctim
1313 2600 1363 2662 in·

263 2705 426 2784 stitutum)
454 2702 561 2766 divelli
587 2723 681 2785 posse
711 2702 751 2764 ab
780 2703 920 2779 homine,
944 2710 1000 2765 aut
1024 2710 1154 2785 propter
1178 2703 1228 2765 vel
1251 2703 1364 2786 populi

263 2806 504 2890 negligentiam,
526 2806 575 2868 vel
600 2805 808 2868 Sacerdotum
833 2805 1009 2883 avaritiam,
1033 2806 1171 2868 alterum
1198 2804 1237 2868 ab
1262 2806 1364 2869 altero

263 2910 421 2992 abrumpi.
469 2908 678 2985 Sacrificium,
710 2908 795 2991 quod
824 2908 870 2971 ibi
900 2915 959 2985 est,
985 2909 1244 2972 Eucharisticum
1274 2930 1363 2972 esse:

264 3015 355 3097 cujus
376 3011 521 3075 sacrificii
544 3032 582 3074 ea
599 3012 661 3089 lex,
678 3020 715 3074 01
733 3012 788 3094 qui
810 3010 891 3074 illud
913 3011 1036 3088 offerat,
1054 3011 1093 3075 de
1115 3033 1153 3076 eo
1174 3011 1363 3095 participet:

260 3117 430 3197 participet
457 3122 565 3178 autem
589 3115 768 3194 accipiendo
793 3121 825 3176 et
848 3115 1030 3176 occaedendo
1049 3114 1110 3195 (011
1128 3114 1227 3197 jussit
1250 3116 1365 3177 Serva·

264 3221 339 3300 tor).
384 3220 472 3282 Nam
490 3219 688 3299 participare
711 3217 915 3298 impetrando,
941 3238 1089 3297 mmmmm
1114 3217 1147 3279 id
1175 3217 1304 3298 quidem
1331 3224 1365 3280 et

263 3324 411 3385 novitiam
437 3320 649 3404 participandi
675 3342 794 3402 genus,
828 3341 864 3383 ac
888 3321 990 3383 multo
1014 3321 1112 3383 etiam
1137 3321 1238 3402 magis
1264 3342 1362 3403 quam

264 3426 370 3488 Missa
384 3425 601 3507 ipsapriaata.

296 3576 361 3633 Quia
374 3575 431 3640 [leg.
443 3573 574 3637 quoniam]
585 3573 679 3622 sciebat
690 3572 744 3622 Rex
756 3572 906 3622 sacrificium
915 3572 1000 3622 111000
1012 3587 1064 3623 esse
1076 3574 1305 3636 antiquissimum„
1320 3609 1326 3620 .
1339 3611 1345 3622 .
1359 3610 1364 3622 .

329 3695 334 3706 .
348 3694 353 3704 .
367 3694 372 3706 .
385 3656 441 3705 ideo
458 3671 510 3705 000
526 3654 596 3719 [tuit]
613 3669 687 3703 00000
701 3655 769 3703 inter
780 3669 819 3703 res
833 3668 910 3703 novas
921 3670 1013 3717 ponere
1014 3692 1096 3714 .....
1109 3655 1153 3705 sod
1165 3656 1246 3705 selum
1258 3655 1366 3704 Missam

328 3736 568 3802 privatam—[Bell.
582 3737 655 3798 Apol.
667 3751 713 3798 pro
725 3734 809 3798 Itesp.]
821 3750 845 3798 p.
859 3737 913 3784 101.
927 3736 1115 3800 [Op.,tom.vii.
1127 3737 1237 3788 calidi.
1251 3737 1282 3784 Λ.
1292 3735 1333 3800 lt]

307 3847 425 3927 Atque,
442 3866 480 3907 ex
495 3845 534 3907 iis
550 3843 689 3926 quidem,
707 3864 777 3925 qum
790 3846 858 3926 jam
874 3844 953 3906 milri
969 3844 1054 3907 dicta
1070 3852 1154 3921 0001,
1171 3846 1367 3925 ((10οο00000-

264 3951 435 4013 m'oratioae
457 3947 502 4011 ibi
525 3947 689 4024 sacrificii,
710 3969 768 4010 scu
784 3948 946 4030 Sacrificio
962 3949 1238 4030 commemoratam)
1256 3968 1365 4031 super·

264 4073 400 4116 vacuum
424 4051 570 4113 idemne
593 4049 726 4113 docetur
746 4050 927 4132 essequod
949 4058 1020 4133 post
1039 4051 1241 4131 (necessitate
1257 4057 1366 4113 autem

265 4156 365 4238 nulla)
387 4153 566 4219 Cardinalis
583 4153 723 4231 infercit,
746 4152 785 4216 de
805 4155 890 4216 vocis
911 4153 1008 4235 hujus
1031 4155 1226 4235 antiquitate.
1272 4154 1368 4217 Nihil

265 4258 352 4322 enim
380 4279 419 4320 ca
441 4256 481 4319 de
507 4277 594 4334 voce,
616 4257 696 4318 Rex.
744 4254 807 4318 Sed
833 4255 931 4318 habet
954 4255 989 4318 in
1012 4256 1147 4319 taberna
1170 4278 1292 4320 merces
1314 4257 1365 4320 iix

266 4361 405 4436 venales,
427 4358 582 4440 (mucidus
606 4358 692 4421 enim
714 4358 784 4440 jam
809 4357 902 4441 0000)
928 4380 1006 4440 quas
1030 4360 1090 4422 etsi
1114 4381 1210 4423 nemo
1233 4368 1366 4442 quaerat,

265 4463 401 4527 subinde
416 4469 527 4525 tamen
541 4481 671 4524 0000000
686 4460 784 4523 habet
800 4460 1000 4525 occasionem
1015 4470 1142 4544 captare
1163 4462 1364 4545 exponendi5
