2910 4926
440 285 622 334 anonooran
643 285 824 336 nmrousro.
1121 274 1182 337 231

150 441 194 489 tur
211 438 291 489 totins
304 437 385 490 vineoe
403 437 444 503 [id
459 443 505 502 est,
524 439 653 506 Ecclesiae]
673 440 813 493 custodiam
827 441 873 505 [ab
890 441 945 505 ipso
956 439 1066 501 christo,
1083 454 1136 491 non
1153 442 1186 493 ab
1216 465 1223 477 ·

150 519 304 585 Imperatore
319 520 359 572 vel
373 536 389 570 a
403 520 526 587 Concilio]
543 522 703 572 commissam
720 558 727 571 .
746 558 753 573 .
771 557 777 572 .
800 521 1040 586 Pontifici-[Bell.
1052 523 1127 588 Apol.
1138 538 1184 588 pro

150 601 234 666 Resp]
251 618 276 666 p.
288 603 326 653 92.
344 602 411 667 [Op.,
423 606 485 653 tom.
497 603 539 652 vii.
551 604 599 653 col.
610 602 665 655 766.
678 604 709 652 A.
722 602 763 668 Β.]

130 717 195 782 Sed
220 719 254 781 ia
272 718 403 783 Caecilii
428 719 526 800 maius
547 718 705 800 Epistola,
725 718 894 802 profuisse
916 720 980 784 Leo
1002 720 1120 784 dieitur
1140 721 1185 784 ibi
1196 727 1346 844 ffirivilegia

85 822 290 904 conpreyotis,
306 823 387 886 sicca
409 822 553 885 octembris
568 828 670 903 caput.
718 822 785 890 Qui
798 829 918 902 tamen,
933 830 1098 908 utcunque
1112 830 1184 888 tum
1196 809 1326 925 Ponffi]

78 921 210 1005 proefait
230 925 313 988 sieut
330 929 433 1006 capet,
455 945 498 987 ne
520 923 606 987 aliud
629 925 734 1006 Capta·
759 924 835 989 huic
853 926 953 1007 Caput
975 926 1097 1009 aequale
1119 932 1183 990 sta·

85 1035 241 1107 tueretur,
256 1030 412 1113 impedire
426 1051 493 1094 non
513 1029 629 1112 potuit.
675 1027 740 1092 Sed
754 1033 787 1092 ct
801 1030 896 1092 eicere
911 1030 1052 1092 caladia
1066 1029 1185 1095 dicitur
1241 1027 1302 1090 171

85 1133 148 1195 eia
159 1133 323 1196 Salvatore
338 1135 509 1198 contraisse.
542 1133 586 1196 Et
595 1132 707 1217 quidni
716 1133 903 1197 acamisso?
916 1154 976 1197 nec
991 1135 1050 1196 soli
1063 1141 1185 1214 tamen,

85 1236 142 1301 sed
168 1258 241 1301 cum
265 1238 336 1301 aliis
359 1239 394 1301 in
420 1238 532 1302 eadem
554 1237 647 1302 vinea
671 1236 832 1320 operariis.
877 1237 949 1301 Nec
975 1239 1070 1301 totius
1090 1239 1186 1302 ciacc

18 1387 22 1396 .
85 1338 218 1419 dicitur,¹
230 1341 286 1404 sed
301 1341 468 1405 commoda
480 1362 551 1418 vox,
567 1341 672 1419 lotias,
683 1339 846 1405 Cardinali
856 1339 960 1403 visum
975 1347 1024 1404 cst
1039 1340 1185 1426 adjicere.

86 1443 140 1522 Et,
164 1444 214 1506 vel
240 1444 268 1506 si
294 1445 398 1523 totius,
424 1443 508 1508 nihil
529 1444 667 1530 juvaret,
692 1443 820 1526 quando
844 1442 885 1506 ad
908 1442 1053 1506 omnium
1075 1464 1186 1508 curam
1257 1458 1262 1466 '

86 1567 126 1610 ex
150 1567 242 1630 aequo
267 1547 420 1630 pertinet,
447 1568 514 1611 non
537 1548 656 1612 Leonis
681 1548 796 1625 solum,
821 1546 974 1630 qdicquid
997 1546 1186 1611 universalis

86 1650 238 1715 Ecclesia
260 1651 310 1715 vel
333 1652 493 1715 unitatem
516 1650 624 1729 violat,
647 1651 698 1714 vel
720 1650 860 1734 quietern
885 1649 1044 1715 sollicitat.
1089 1652 1186 1717 Quod

87 1754 174 1819 enim
189 1757 285 1819 totius
298 1756 402 1835 vinea,
425 1756 462 1818 id
477 1761 533 1834 est,
548 1755 707 1832 Ecclesia,
724 1753 896 1817 melodiam
918 1753 958 1816 ab
977 1755 1045 1835 ipso
1063 1755 1187 1817 Christo

87 1860 280 1922 commissum
295 1858 340 1922 ait
355 1857 513 1939 Pontifici,
529 1857 563 1921 id
577 1865 627 1922 est
635 1857 829 1938 primotm:
845 1856 918 1920 vide
933 1878 1030 1940 quam
1045 1857 1188 1922 Concilio

87 1960 318 2039 contravenient,
334 1961 551 2044 omniumque,
570 1960 624 2043 qui
641 1959 723 2024 inibi
738 1965 841 2039 erant,
857 1961 992 2023 Patrum
1008 1960 1187 2024 sententiae.

89 2063 235 2130 Quorum
255 2086 321 2128 una
338 2086 398 2127 vox
419 2071 478 2141 est,
496 2064 594 2145 Siqua
616 2068 717 2126 eaaeat
739 2063 886 2126 &monce
907 2063 992 2126 sedis
1006 2063 1187 2146 privileyio,

88 2168 190 2230 soilli
216 2167 294 2249 (non
309 2188 328 2229 a
343 2167 482 2246 Christe,
505 2165 693 2230 nesciebant
712 2165 774 2230 hoc
790 2165 1077 2245 chalcedonenses,
1094 2167 1183 2251 quin)
1201 2169 1351 2237 [crambes

89 2270 280 2335 aPotribus
301 2291 444 2334 concessa
470 2280 561 2333 ecae¹.
615 2270 725 2335 Quare
750 2275 858 2333 autem
882 2271 1057 2334 concessa?
1104 2250 1340 2365 Quiafflffiss,

90 2373 237 2438 Christus
248 2373 380 2452 dixerat,
394 2373 463 2435 llos
474 2372 553 2436 dabo
566 2373 684 2451 Cicera,
695 2379 761 2450 aut,
774 2373 874 2436 Pasce
883 2373 975 2436 ovea?
1005 2373 1121 2450 Immo,
1134 2368 1190 2435 διὰ
1200 2368 1266 2443 Μ

88 2473 126 2540 τὸ
135 2474 327 2555 βασιλεύειν
338 2473 396 2556 τὴν
406 2473 505 2539 πολιν
516 2473 639 2554 ἐκείνην
648 2485 672 2554 5,
686 2476 770 2559 quod
779 2497 815 2539 ec
828 2481 892 2538 tum
906 2475 980 2538 urbs
990 2475 1078 2539 sedes
1087 2476 1188 2558 Βορέα
1200 2428 1294 2495 m]

89 2585 178 2658 esset,
193 2579 225 2644 vi
239 2580 322 2643 sedis
337 2578 457 2662 Regiae,
480 2578 612 2662 reliquis
630 2579 813 2663 imperaret.
859 2580 902 2643 In
919 2599 977 2642 sua
992 2586 1101 2642 autem
1118 2580 1190 2664 jam

89 2689 250 2767 potestate
265 2704 343 2762 essc,
360 2704 399 2746 ex
414 2681 527 2747 eadem
546 2682 681 2762 ratione,
697 2703 772 2747 cum
788 2689 821 2746 et
841 2682 944 2767 Regia
962 2690 1033 2746 tum
1054 2682 1139 2763 sede,
1155 2690 1189 2745 ct

92 2789 215 2852 Senatu
239 2787 397 2871 potiretur
420 2786 736 2869 Constantinopolis3
770 2785 891 2869 pariter
913 2792 947 2849 ct
968 2806 1040 2850 eam
1062 2807 1189 2870 quoquc

90 2891 132 2955 ad
153 2911 264 2974 parem
282 2890 473 2974 dignitatem
496 2890 647 2954 evehere:
671 2896 800 2953 etcum
822 2889 857 2952 in
878 2889 1001 2953 caeteris
1022 2911 1080 2973 par
1095 2896 1189 2967 esset,

89 2994 126 3058 in
146 2993 243 3058 rebus
263 2993 414 3058 Ecclesiae
435 2992 610 3076 parificare,
627 2999 660 3057 et
685 2994 735 3075 (ut
749 2992 854 3056 verbis
877 2999 952 3056 utar
973 2993 1127 3077 ipsorum)
1147 2989 1190 3060 ὡς

90 3094 211 3175 ἐκείνην
224 3092 490 3178 μεγαλύνεσθαιῑ.
536 3094 634 3162 Quod
648 3094 746 3159 habet
761 3116 838 3179 crgo
853 3095 966 3174 Romu,
983 3094 1023 3158 de
1038 3093 1189 3177 primatu,

90 3221 111 3263 c
127 3200 277 3264 Patribus
299 3205 358 3278 est,
383 3220 450 3263 non
475 3198 516 3261 ab
539 3199 605 3279 iprae
624 3199 757 3276 Christo,
779 3205 812 3261 et
833 3205 964 3281 propter
985 3198 1191 3278 Imperatoris

92 3303 210 3382 sedem,
236 3324 304 3368 non
323 3303 424 3365 Petri.
472 3301 578 3367 Quam
593 3321 670 3364 vero
689 3307 883 3384 potestatem
904 3301 1016 3364 Patres
1037 3300 1072 3362 in
1092 3300 1192 3364 veteri

93 3408 198 3470 Roma
232 3405 277 3469 sic
306 3403 496 3469 honoranda
524 3411 749 3482 exercuerunt,
782 3423 821 3466 ex
858 3401 971 3465 eadem
1000 3409 1033 3466 et
1062 3402 1191 3467 Novam

93 3509 232 3573 Romam
256 3508 296 3571 ad
316 3508 401 3591 paris
424 3505 657 3590 magnitudinis
676 3505 779 3569 instar
802 3505 970 3582 extulisse,
995 3503 1092 3587 longe
1116 3525 1194 3588 ergo

93 3612 203 3677 abesse
225 3633 245 3675 α
260 3611 337 3693 fide,
356 3610 412 3694 qui
428 3611 605 3673 Primatum
620 3609 785 3692 Pontificio
805 3608 843 3671 de
857 3606 925 3688 fide
945 3606 1045 3671 finisse
1067 3606 1195 3686 asserit,

93 3717 142 3779 vel
165 3715 314 3796 relictione
340 3713 459 3794 Syaodi
487 3712 752 3777 Chalcedonensis.
806 3712 878 3775 Nec
907 3709 1054 3774 alicunde
1083 3710 1194 3792 igitur,

93 3825 248 3901 tanquam
272 3838 289 3880 e
311 3815 497 3900 vepreculis,
521 3814 668 3879 extrahat
691 3814 798 3878 nescio
814 3813 901 3898 qnid,
925 3819 1022 3897 atque
1046 3813 1192 3890 arrodat3

98 3923 252 3984 Ooaoacm
262 3920 335 3983 det:
355 3921 517 4002 (Oenones
529 3918 616 3983 enim
623 3917 826 3983 Conciliivox
841 3916 940 3999 sunt)
958 3937 1025 3980 non
1039 3914 1195 3998 exfructa

94 4025 255 4106 Epistola,
271 4024 322 4088 vel
337 4022 456 4105 angulo
471 4021 594 4106 periodi
609 4020 726 4105 aliquo,
748 4029 804 4085 aut
819 4020 908 4084 tituli
928 4026 1020 4104 parte
1034 4019 1127 4102 forte,
1143 4019 1196 4086 vel

95 4128 277 4211 fragmento
291 4125 453 4190 claviculae.

128 4335 139 4360 ¹
158 4327 244 4392 [Cone.
257 4325 352 4390 Chalc]
365 4326 627 4392 Canfxxviiilconc,
699 4333 709 4357 ¹
727 4325 813 4392 [Cone.
825 4324 924 4391 Chalc]
938 4324 998 4378 Can.
1010 4326 1099 4377 xxviii
1116 4323 1194 4389 [Ibid

96 4393 325 4507 wil’livi'rssgim'
338 4392 386 4456 A.]
670 4390 711 4454 B.]
