2910 4926
274 263 342 342 400
394 326 398 335 ,
591 277 634 325 iu
656 277 846 326 casurusne
867 277 1067 326 emturum

307 431 402 483 Omnes
428 433 544 483 unanimi
565 447 687 483 eonseusu
707 433 807 494 dooent,
824 432 1012 484 Antichristum
1033 448 1060 485 ae
1081 434 1259 487 simuleturum
1276 436 1382 501 pingam

338 515 504 565 incurabilem
512 515 688 580 accepisserel
696 515 842 581 [lepatque]
851 516 961 567 occisum
969 516 1152 584 esset-[Bell.
1160 519 1288 584 ApoLpre
1295 517 1386 584 Respl

339 611 364 661 p.
377 599 432 648 169.
450 596 517 662 [Op.,
528 601 589 647 tom.
602 597 773 650 streties.
787 596 827 662 it]

111 724 231 793 [Μαι
317 713 368 777 De
374 714 456 795 fictu
473 712 576 797 plaga,
592 720 705 792 morte,
721 735 806 793 oure,
823 715 892 800 jem
912 712 1044 779 dietum.
1090 717 1246 780 Simulata
1261 717 1376 799 plapa,

110 805 127 855 Ρ
178 789 323 920 ,ffiffi'vel
338 817 440 894 Mors,
456 836 532 879 euru
554 838 634 900 opus
650 816 846 881 nonhabet.
890 818 1009 882 Bestiae
1023 839 1098 883 vero
1114 819 1218 904 plage,
1234 827 1267 884 et
1282 818 1382 904 plaga

273 919 384 982 mortis
397 918 468 998 fuit,
481 926 513 983 et
528 941 605 983 eura
619 942 698 1003 opus
713 919 836 998 hebuit,
853 929 886 984 et
901 928 1013 985 curata
1027 929 1084 984 est.
1135 923 1216 986 Vera
1230 943 1307 1008 ergo
1322 923 1382 1002 ibi,

273 1028 307 1086 et
321 1021 425 1105 plaga,
440 1028 473 1085 et
488 1043 584 1101 mors,
600 1030 633 1086 et
648 1023 782 1088 ornatio.
820 1023 908 1087 Vera
925 1023 1093 1108 (inquam),
1108 1025 1196 1089 fictio
1212 1034 1329 1105 autem,
1346 1035 1382 1090 et

272 1123 359 1188 fraus
373 1126 477 1190 omnis
491 1126 660 1190 evanescit.
694 1126 827 1210 Plagam
842 1127 964 1212 aceepit
979 1134 1075 1212 caput
1090 1128 1272 1213 septimum,
1284 1130 1383 1214 plugs

273 1234 385 1292 eurota
413 1229 509 1312 paulo
534 1236 616 1313 post,
639 1231 755 1294 revivit
788 1231 947 1311 Octavum,
974 1232 1190 1297 Antichristus
1218 1233 1385 1317 Romarm

273 1330 432 1414 Pontiseoe,
447 1340 544 1418 caput
558 1333 665 1417 Repeto
679 1333 856 1401 redimitus.

306 1483 403 1535 Verum
413 1488 453 1535 est
464 1484 600 1536 Pontifioes
612 1522 619 1536 .
629 1521 636 1535 .
648 1483 772 1546 ,adorari
783 1484 827 1536 sed
838 1491 868 1536 ut
879 1486 985 1537 riearios
1000 1485 1057 1546 Dei,
1069 1500 1121 1536 nou
1134 1521 1158 1537 ..
1170 1522 1177 1535 .
1189 1485 1383 1551 Deos-[Beii.

337 1565 412 1630 Apot
424 1581 471 1632 pro
482 1565 568 1631 Resp]
578 1580 604 1630 p.
615 1569 669 1617 160.
682 1565 749 1631 [Op.,
759 1570 821 1616 tom.
832 1567 877 1616 vii.
894 1566 940 1618 eol.
952 1567 1009 1620 tet.
1021 1564 1062 1629 it]

108 1686 262 1805 {Rem-¹
318 1681 483 1748 Simulatae
508 1681 637 1766 quidem
662 1682 765 1767 plagae
789 1682 978 1747 Pontificem
1004 1680 1217 1747 absolvimus:
1249 1690 1285 1746 at
1310 1703 1381 1748 non

109 1817 136 1868 di
148 1817 252 1884 mm]
273 1785 476 1866 adorationis,
501 1785 565 1850 sive
588 1792 624 1849 ut
646 1787 742 1864 Deus,
766 1786 830 1849 sive
857 1786 934 1869 (non
958 1793 997 1849 ut
1016 1786 1114 1863 Deus,
1139 1785 1204 1867 sed)
1229 1785 1382 1849 Vicederoe

272 1890 430 1953 adoretur.
474 1890 519 1953 Et
541 1890 595 1954 hio
617 1888 747 1973 quidem
769 1889 855 1971 apud
876 1890 1013 1952 homines
1036 1887 1145 1951 ludere
1171 1887 1381 1954 distinetione

271 1991 409 2071 debitur,
425 2014 492 2058 non
510 1992 647 2071 dabitur,
662 1992 719 2057 ubi
738 1991 823 2075 apud
837 1992 937 2054 Deum
959 1991 1082 2074 agenda
1101 2012 1204 2054 eausa.
1249 1991 1381 2056 Viderit

271 2102 342 2158 tum
357 2095 517 2174 Pontifex,
534 2116 576 2159 an
590 2103 623 2160 et
637 2095 684 2160 ibi
697 2093 850 2159 Elenohis
864 2094 950 2158 hisee
969 2094 1068 2173 locus,
1084 2102 1117 2158 et
1131 2115 1174 2158 ne
1187 2094 1271 2157 vices
1284 2096 1382 2159 nulle

271 2198 346 2278 sint,
362 2198 397 2262 in
412 2199 583 2263 adorando.
628 2200 712 2263 Tum
730 2195 816 2282 quod
836 2196 988 2261 adorandi
1003 2219 1112 2262 voeem
1134 2196 1230 2261 modo
1251 2196 1378 2277 dilatet,

270 2306 307 2365 ut
332 2302 414 2366 nihil
442 2302 529 2367 eiiud
558 2303 600 2366 sit
623 2323 719 2386 quam
744 2301 897 2379 venerari,
921 2300 1007 2384 quod
1030 2300 1202 2364 hominibus
1232 2300 1388 2364 adhiberi·

301 2486 464 2555 *[Auotores
485 2505 500 2540 a
527 2489 682 2540 Bellsrnuno
709 2489 800 2540 citatos
875 2486 956 2547 rieoit,
971 2486 1198 2550 resuscipiendum
1214 2486 1291 2537 sudet
1306 2488 1378 2538 exhi·

270 2551 312 2602 hio
323 2556 405 2603 visum
417 2559 455 2604 est
466 2553 596 2617 subjicere.
843 2502 1024 2602 iiref-sseua
1041 2551 1069 2600 iu
1082 2553 1160 2616 Apoe,
1176 2565 1230 2616 eap.
1243 2553 1298 2602 xiii.
1318 2551 1377 2617 Op,

303 2618 345 2680 (1,)
364 2623 378 2645 “
391 2619 438 2676 Qui
451 2620 554 2669 veniens
572 2619 640 2669 diem
662 2617 800 2668 Sabbatum
842 2621 904 2667 tom.
915 2631 937 2666 r.
949 2616 995 2665 eoi.
1007 2617 1063 2667 790.

269 2687 345 2745 atque
372 2682 536 2732 Dominicum
563 2684 595 2732 ab
625 2683 697 2733 omni
725 2684 800 2733 faciet
878 2683 920 2741 (4.)
938 2679 1097 2730 “Parunum
1110 2686 1185 2744 eaput
1196 2680 1262 2744 quod
1275 2681 1376 2732 hiesin·

269 2761 344 2809 opere
359 2747 487 2796 custodiri.
522 2747 587 2805 Quia
605 2748 675 2798 enim
692 2749 757 2796 mori
774 2762 799 2797 se
843 2746 964 2808 priariter
980 2752 1100 2808 tauquam
1118 2746 1227 2795 occisum
1243 2761 1269 2794 se
1281 2745 1376 2796 vidisse

269 2817 295 2860 et
314 2826 442 2873 resurgere
459 2813 570 2872 simulat,
587 2812 674 2862 haberi
691 2813 719 2860 in
730 2826 800 2860 vene·
844 2811 908 2859 dicit
917 2809 1035 2869 Joannes,
1047 2811 1132 2873 ipsum
1146 2811 1286 2874 prinoipem
1299 2812 1375 2860 mule

269 2877 366 2926 ratione
389 2877 444 2925 vuit
471 2874 541 2926 diem
568 2876 744 2934 Dominieum;
775 2882 802 2926 et
844 2889 901 2923 rum
914 2875 1056 2937 intelligere
1068 2875 1194 2924 debemus
1222 2874 1376 2926 Undereote

269 2940 329 3003 quia
343 2940 473 3004 judaizare
484 2941 605 3005 populum
621 2942 801 3005 compellitut
844 2938 952 2998 dicitur;
981 2939 1111 3002 Tanquam
1130 2940 1240 2988 oecisum
1259 2954 1317 2988 eum
1339 2942 1375 2990 ri·

269 3006 420 3054 exteriorem
445 3007 525 3054 ritum
550 3006 625 3069 begis
650 3010 755 3065 revooet,
775 3010 801 3055 et
844 3004 911 3053 disse
929 3005 958 3052 in
973 3009 1089 3063 mortem,
1106 3004 1166 3065 quia
1182 3001 1301 3054 videlicet
1319 3005 1375 3070 ipse

270 3068 319 3118 sibi
332 3069 478 3119 iudaeorum
496 3070 628 3135 perfidiam
640 3070 739 3127 subdat,
752 3071 800 3119 coli
845 3068 975 3118 simutabit
985 3083 1011 3117 se
1026 3069 1144 3127 occisum,
1155 3072 1181 3117 et
1192 3072 1249 3130 post
1265 3076 1373 3119 mortem

268 3134 324 3183 vult
343 3135 562 3185 Sabbatum.”—S.
576 3135 649 3197 Greg.
669 3135 737 3197 Mag.
755 3135 799 3184 lib.
846 3132 1163 3196 resurrexisse.''-Huymo
1175 3131 1373 3183 Halberstad.in

268 3199 303 3247 xi.
321 3199 366 3263 Iip.
379 3201 406 3248 ii.
421 3215 468 3250 sec.
488 3205 547 3249 vett
567 3198 664 3259 Editt.;
683 3200 728 3249 tib.
743 3199 800 3248 xiii.
843 3198 921 3260 Apoo.
935 3198 996 3261 (cap.
1006 3198 1071 3258 xiii.)
1083 3197 1128 3245 lib.
1140 3198 1173 3246 iv.
1186 3197 1228 3246 foi.
1241 3200 1297 3246 116.
1306 3213 1327 3247 a
1337 3199 1361 3246 b.

268 3261 325 3313 ind.
338 3265 371 3313 ri.
392 3264 466 3329 Epi.
488 3264 548 3314 Ben
562 3265 617 3329 Op,
631 3272 692 3314 tom.
709 3266 734 3313 ii.
752 3264 799 3314 eol.
877 3263 920 3325 (5)
938 3262 1161 3321 “Antichristum,
1188 3261 1285 3310 seilicet
1306 3264 1374 3325 priu-

269 3329 339 3379 1213.
353 3328 381 3377 B.
842 3328 923 3391 eipaie
938 3330 1020 3389 caput,
1037 3326 1112 3389 qauei
1122 3326 1232 3376 occisam
1243 3326 1272 3375 in
1286 3335 1374 3386 morte.

302 3394 344 3455 (2.)
370 3393 467 3443 “Sicut
484 3395 552 3443 euim
575 3395 603 3442 in
623 3394 689 3443 bono
712 3395 798 3444 anima
841 3391 921 3454 finget
937 3391 1040 3454 quidem
1059 3406 1085 3441 se
1103 3391 1264 3454 blasphemus
1281 3391 1374 3441 nebulo

264 3456 565 3523 justasedessapientiae,
577 3459 651 3507 sicin
666 3459 798 3507 maioillis
841 3456 885 3505 ilie
904 3457 976 3516 mori,
996 3459 1023 3505 et
1039 3455 1081 3506 die
1097 3457 1173 3505 tertia
1195 3471 1331 3517 resurgere,
1350 3463 1374 3505 et

269 3524 389 3572 inimicus
405 3523 465 3572 dare
483 3524 578 3572 dicitur
595 3522 724 3580 thronum,
735 3538 797 3585 quos
840 3520 921 3583 playa
938 3521 1026 3569 mortis
1044 3520 1099 3584 ejas
1109 3526 1200 3569 curato
1211 3525 1253 3580 eet,
1264 3519 1325 3570 fieta
1337 3535 1374 3570 re-

267 3588 378 3636 muxime
406 3587 535 3651 possidens
566 3586 599 3637 ad
625 3587 689 3636 aiios
715 3589 797 3636 utitur
841 3585 1161 3635 surrectiorus-Anseres.
1181 3584 1260 3634 Laud.
1282 3585 1372 3635 Enurr.

266 3651 427 3711 seducendos,
444 3651 593 3701 admiranda
611 3666 656 3714 per
675 3665 725 3709 eos,
744 3652 797 3701 Deo
841 3650 868 3697 in
886 3650 964 3713 Apoe.
987 3665 1040 3712 cap.
1053 3650 1108 3698 xiii.
1132 3649 1199 3711 apud
1222 3649 1246 3698 S.
1256 3650 1371 3700 Anselm.

266 3715 373 3774 sinente,
384 3716 527 3778 frequenter
536 3731 661 3775 exeroens
671 3717 714 3779 qui
728 3721 798 3766 tenta
841 3713 914 3764 Ceut
934 3715 989 3776 Op,
1001 3718 1062 3764 tom.
1075 3715 1102 3763 ii.
1115 3729 1139 3777 p.
1150 3716 1206 3763 492.
1215 3712 1257 3826 A.)

267 3778 398 3841 impietate
409 3779 575 3843 progreditur,
586 3785 614 3829 ut
622 3781 653 3830 ad
661 3780 797 3830 eludendos
874 3780 917 3839 (6.)
935 3783 951 3806 “
959 3778 1020 3835 Qure
1029 3778 1105 3828 habet
1115 3781 1216 3842 plagam
1227 3792 1245 3840 g
1255 3780 1316 3837 edii,
1325 3794 1372 3842 per

266 3844 364 3892 animos
381 3844 549 3905 parvulorum,
566 3860 645 3894 unum
662 3861 694 3894 ex
709 3846 796 3908 eapiti-
840 3842 1028 3893 simulationem
1046 3844 1185 3900 occisionis,
1201 3847 1227 3892 et
1243 3844 1310 3891 vixit
1360 3858 1373 3892 r

266 3906 313 3955 bns
327 3913 423 3969 reptem
441 3910 584 3959 imitatione
598 3910 650 3959 veri
662 3909 752 3972 eapitis
768 3924 793 3958 se
839 3907 1027 3957 simulationem
1055 3907 1307 3957 resurreetiouia”-
1338 3909 1370 3956 ie

267 3973 338 4033 quasi
365 3973 474 4021 occisum
502 3974 673 4032 resurrexisse,
696 3978 722 4022 et
750 3988 795 4036 pro
840 3970 870 4020 de
882 3972 906 4021 S.
920 3970 987 4022 vict
999 3972 1043 4021 lib.
1060 3973 1095 4021 iv.
1106 3987 1158 4035 cap.
1171 3976 1193 4022 5.
1205 3986 1280 4035 super
1291 3974 1370 4034 Apoc.

267 4035 376 4093 Christo,
392 4037 436 4100 qui
454 4053 511 4087 vere
530 4039 641 4100 perfecit,
661 4039 795 4100 suseipieu·
840 4036 875 4096 (iu
890 4051 942 4100 cap.
955 4037 1022 4101 xiii.)
1037 4036 1092 4100 Op,
1108 4051 1160 4100 par.
1173 4037 1200 4086 ii.
1216 4052 1241 4101 p.
1253 4039 1308 4088 257.
1322 4038 1370 4086 eoi.

266 4098 328 4148 dum
355 4101 445 4151 audeat
467 4101 746 4151 exhibere.’'-Primus.
767 4102 795 4151 in
840 4103 861 4149 1.
873 4100 900 4149 B.

266 4165 436 4226 Apoe.lib.iv.
446 4167 483 4229 (in
490 4165 716 4229 eap.xiii.)-Bibi.
726 4166 793 4216 Max.
872 4167 915 4227 (7.)
934 4165 1059 4229 Rupertus
1076 4164 1204 4214 Tuitensis
1219 4180 1235 4214 s
1250 4164 1371 4215 Bellarm·

262 4228 334 4280 Patr.
351 4235 447 4280 tomx.
479 4233 554 4280 .318.
567 4230 594 4279 1¹⁴.
838 4230 881 4279 iuo
907 4232 1010 4293 insuper
1034 4232 1126 4280 citatus
1153 4230 1240 4279 omnia
1258 4229 1313 4279 hsec
1338 4231 1371 4280 de

299 4295 343 4356 (3.)
361 4245 557 4344 “Anticiristus
573 4295 606 4344 ad
623 4297 706 4359 capita
723 4297 793 4358 regni
835 4297 912 4358 piuga
940 4295 1059 4344 simulata
1080 4295 1185 4357 mystice
1206 4294 1370 4355 interpretari

265 4360 358 4408 terreni
390 4359 528 4422 pertinens,
563 4359 706 4409 imitatione
742 4362 794 4410 veri
838 4359 1047 4409 videtur-Vide
1064 4358 1161 4408 Comm.
1181 4359 1209 4406 in
1225 4359 1304 4421 Apoa
1323 4360 1369 4408 lib.

264 4423 445 4485 eapitisuostri
461 4437 487 4472 se
504 4424 574 4486 quasi
592 4424 701 4473 occisum
718 4439 794 4473 resur-
838 4425 891 4474 viii.
912 4425 950 4485 (in
972 4438 1025 4487 eap.
1044 4423 1109 4485 xiii.)
1134 4421 1190 4485 Op..
1210 4426 1272 4471 tom.
1293 4423 1320 4472 ii.
1344 4438 1369 4488 p.

264 4487 365 4547 rexisse,
382 4493 408 4537 et
426 4501 471 4550 pro
488 4486 598 4545 Christo,
615 4489 660 4550 qui
675 4489 721 4538 hoe
738 4503 794 4538 vere
840 4488 909 4550 iit]
