2910 4926
248 262 313 328 154
562 277 606 326 aa
627 278 819 327 eunomius
840 276 1039 327 neemanim

247 435 371 500 uanas·
400 435 504 500 solum
527 435 674 515 conditio,
699 434 755 499 sed
780 435 879 499 etiam
904 433 1068 497 moriem.
1112 431 1185 495 Nee
1210 435 1261 495 est
1284 430 1353 494 ulla

248 539 350 604 cruda
371 538 475 623 magis
497 538 533 602 in
555 559 688 622 corpora
710 537 808 602 etiam
829 537 988 622 tyramnis,
1006 557 1103 620 quam
1126 555 1197 619 quae
1216 535 1361 616 Inquiei,

249 645 345 707 tionis
364 650 422 706 est
468 643 551 708 Quae
569 642 605 705 in
625 641 774 705 haeresim
795 647 981 724 experrecta
997 640 1149 723 primum,
1164 639 1266 703 vicem
1283 639 1354 722 jam

248 753 380 831 praestat
403 746 562 825 Pontifici,
582 745 624 809 ad
646 745 791 828 quamvis
813 744 914 807 animi
935 743 1178 827 impotentiam:
1204 741 1261 806 ubi
1287 749 1350 805 sto·

249 850 401 914 maehum
417 848 487 932 quis
501 848 531 913 ei
545 849 632 929 feeit,
646 848 777 931 (sentiat
791 848 826 911 in
840 847 1004 929 religione,
1020 854 1059 909 ut
1072 846 1167 925 volet,
1186 847 1296 908 Secum
1311 865 1354 908 an

248 953 347 1036 aenas)
370 973 409 1017 ee
428 953 561 1036 rapitur,
577 952 714 1016 obtentu
734 952 852 1035 aliquo,
868 951 910 1014 ad
924 950 975 1013 vel
998 956 1120 1013 certam
1138 955 1287 1026 mortem,
1302 946 1354 1012 vel

248 1056 369 1120 foedam
385 1062 418 1119 et
432 1058 578 1119 miseram
593 1056 790 1118 servitutem.

294 1158 412 1223 Quaere
425 1179 502 1222 vero
517 1158 577 1222 sub
594 1157 789 1222 Pontificum
804 1157 983 1235 dominatu,
1008 1177 1104 1240 quam
1125 1156 1216 1219 beata
1230 1155 1354 1218 vivendi

249 1262 396 1340 conditio,
413 1261 453 1325 ab
468 1261 566 1324 Italia
579 1269 696 1339 vestra,
713 1281 820 1344 quam,
836 1260 933 1323 toties
948 1259 1069 1322 vocatis
1085 1280 1123 1324 eo
1138 1258 1265 1335 exteris,
1281 1278 1354 1340 per-

143 1416 148 1423 .
248 1365 461 1442 miscuerunt,
478 1385 575 1446 quam
600 1363 757 1446 Guclphis
781 1362 848 1425 suis
863 1371 897 1426 et
912 1362 1084 1426 Gibellinis
1098 1361 1215 1425 misere
1231 1360 1352 1424 habue-

247 1474 337 1546 ruut,
367 1488 405 1531 ac
427 1468 524 1551 plane
551 1468 587 1531 in
612 1468 715 1530 frusta
737 1467 985 1550 discerpserunt.
1030 1467 1094 1530 Vel
1118 1466 1158 1531 ab
1183 1464 1259 1528 urbe
1282 1467 1354 1550 ipsa

248 1592 367 1654 quaere,
393 1578 427 1635 et
456 1571 582 1654 quoties
611 1571 720 1652 Papus
744 1571 886 1654 Populus
917 1570 984 1653 ipse
1008 1571 1174 1634 Romam
1203 1579 1353 1635 excutere

248 1695 417 1758 aggressus
448 1674 500 1753 sit,
531 1695 605 1738 cum
636 1674 753 1737 civium
782 1673 828 1737 ibi
849 1675 925 1757 jura
952 1672 1109 1737 violenter
1137 1674 1353 1738 invaderent?

248 1778 375 1862 quoties
399 1778 481 1841 urbe
501 1777 610 1861 pulsi?
632 1784 682 1857 ut,
699 1799 774 1842 cum
795 1778 889 1861 ipsos
907 1777 1017 1841 hostes
1041 1777 1100 1857 sui,
1121 1778 1220 1842 etiam
1236 1780 1352 1861 Reges,

249 1881 361 1964 (etiam
386 1881 455 1965 ipse
482 1883 600 1966 Caesar)
630 1881 701 1964 Ipsi
724 1881 819 1944 Cives
850 1901 925 1943 suos
948 1880 1061 1963 fugere
1092 1882 1194 1944 coacti
1219 1882 1295 1960 siut,
1320 1887 1354 1945 et

247 2005 323 2048 eum
351 1985 462 2047 Orbem
487 1990 657 2063 terrerent,
685 1984 796 2046 Urbem
822 2004 914 2046 suam
935 1982 1060 2047 timere.
1106 1983 1224 2048 Quaere
1243 1991 1353 2046 autem

248 2095 282 2151 et
302 2087 342 2151 ab
359 2087 447 2152 Orbe
463 2087 658 2165 Christiano,
675 2087 728 2151 cui
743 2108 846 2150 ceram
861 2108 962 2163 suam,
978 2094 1011 2149 et
1020 2087 1180 2167 plumbum
1194 2093 1264 2150 tam
1281 2107 1354 2150 care

247 2188 473 2268 vendiderunt,
490 2211 586 2273 quem
611 2189 707 2272 nugis
730 2189 796 2252 suis
817 2189 864 2251 ita
884 2189 1075 2272 expilarunt,
1091 2190 1204 2252 naeniis
1219 2191 1267 2253 ita
1281 2211 1353 2273 per·

247 2293 317 2357 dite
337 2293 546 2372 fascinanmt,
562 2293 639 2356 diris
653 2293 701 2355 ita
715 2293 829 2356 misere
845 2292 1044 2356 divexarunt.
1091 2292 1254 2357 Subduxit
1275 2314 1354 2377 ergo

250 2416 286 2461 se
297 2398 377 2481 jam,
393 2398 431 2460 de
445 2398 501 2461 sub
515 2417 560 2475 eo,
573 2396 659 2460 bona
672 2398 810 2480 Europae
824 2418 907 2479 pars,
925 2397 1139 2481 subducitque
1159 2397 1274 2476 indies,
1290 2418 1353 2461 nee

250 2521 323 2584 quae
338 2501 384 2564 sie
399 2499 562 2578 subduxit,
579 2500 682 2563 ambit
703 2500 834 2564 subesse
849 2500 965 2578 denuo,
981 2502 1032 2564 vel
1047 2502 1137 2584 luget
1152 2522 1192 2564 ex
1207 2523 1245 2565 eo
1260 2501 1354 2564 valde

250 2603 457 2666 conditionem
481 2624 571 2665 suam
588 2603 678 2686 quasi
698 2605 863 2675 miseram
886 2605 1032 2665 meeum
1054 2611 1125 2666 tum
1142 2604 1260 2687 potius,
1277 2625 1352 2667 cum

250 2705 312 2769 sub
327 2712 377 2769 tot
392 2707 461 2789 ejus
473 2707 709 2788 precaminibus
722 2706 958 2789 ingemisceret,
975 2728 995 2768 a
1019 2714 1069 2769 tot
1080 2707 1150 2789 ejus
1164 2705 1355 2786 fulminibus

250 2808 388 2872 subinde
404 2808 607 2891 deflagraret.

295 2913 367 2975 Nec
381 2913 437 2974 sub
449 2933 483 2975 ea
500 2934 577 2976 sane
592 2913 679 2975 beate
700 2913 825 2991 uisitur,
842 2912 900 2975 sub
918 2933 981 2995 quo
995 2933 1037 2975 ne
1052 2913 1125 2974 berae
1140 2911 1281 2995 quidem,
1296 2912 1354 2975 ubi

251 3015 435 3078 Prostibula
465 3036 534 3078 curn
560 3016 782 3097 approbatione
812 3023 898 3093 sunt,
923 3016 1145 3096 approbatione
1168 3022 1270 3077 autem
1292 3036 1354 3078 non

252 3119 319 3180 aliu
341 3139 434 3200 paam
450 3140 512 3201 qua
527 3120 678 3201 Relipiosi
697 3120 840 3196 Ordines,
856 3140 948 3200 quarn
964 3140 1025 3200 qua
1039 3118 1190 3200 Pontisea
1205 3117 1293 3200 ipae‘l
1314 3119 1354 3201 (si

250 3222 387 3284 Jesuitae
410 3222 464 3286 hie
487 3223 592 3286 nostri
617 3244 687 3286 rem
711 3223 863 3304 tenent):
894 3222 951 3285 ubi
975 3222 1099 3306 asylum
1127 3231 1262 3301 certum,
1289 3222 1355 3285 fida

252 3325 359 3403 statio,
386 3325 515 3390 sceleris
536 3327 687 3409 pretium,
713 3325 930 3409 perditissimo
956 3327 1070 3408 cuique
1095 3326 1273 3389 Proditori:
1297 3325 1354 3389 ubi

252 3430 362 3493 Juuao
385 3430 500 3494 melius
517 3431 569 3509 sit,
587 3453 684 3514 quam
702 3431 880 3492 Christiano
895 3451 961 3492 non
976 3451 1032 3512 per
1047 3430 1156 3493 omnia
1174 3450 1248 3493 cum
1268 3430 1353 3493 Pon-

252 3533 340 3596 tifice
367 3534 539 3617 desipienti
551 3561 560 3612 ;
582 3535 640 3598 ubi
662 3534 823 3597 Indicatio
854 3534 1010 3596 scelerum
1041 3540 1090 3595 est
1101 3557 1110 3608 ;
1144 3533 1200 3596 ubi
1224 3533 1353 3616 dispen-

253 3636 417 3699 sationum
442 3645 555 3700 contra
581 3638 672 3715 Jura,
698 3638 899 3713 duramenta,
912 3636 1007 3713 Vota,
1029 3634 1115 3698 foeda
1138 3635 1331 3699 nundinatio
1343 3663 1352 3713 ;

253 3739 310 3802 ubi
324 3738 516 3802 Tridentum
530 3740 636 3822 ipsum
658 3739 779 3816 venale,
792 3745 825 3802 et
841 3739 979 3801 Decreta
998 3738 1043 3801 ibi
1058 3738 1187 3816 omnia;
1210 3738 1267 3802 ubi
1283 3760 1354 3821 quae

254 3862 320 3904 non
331 3841 440 3918 licent,
452 3842 591 3905 licentur
605 3842 731 3925 (quibus
743 3863 793 3904 res
805 3842 876 3923 est‚)
889 3848 922 3903 ct
934 3862 1006 3924 quae
1017 3841 1164 3920 licentur,
1175 3842 1273 3905 licent
1284 3864 1354 3906 om-

253 3942 317 4007 nia.
336 3944 402 4008 Ubi
414 3945 505 4008 sedes
516 3947 645 4008 Satanae
656 3944 785 4024 scilicet,
798 3945 922 4028 qualem
932 3944 1063 4027 pinxere
1074 3944 1151 4007 olim
1156 3946 1353 4022 petrarchae,

285 4144 418 4196 “Discere
426 4145 779 4211 modest.p.13.[videsupra,
824 4146 1059 4210 quicquiddenique
1067 4148 1213 4210 impietatis,
1221 4152 1354 4198 otmarum
1414 4162 1417 4169 ·

252 4224 278 4274 p.
291 4213 313 4260 8.
326 4217 378 4260 not.
386 4209 416 4274 b]
823 4213 990 4274 pessimorum
1003 4213 1110 4275 sparsim
1119 4213 1196 4262 habet
1207 4218 1252 4262 aut
1263 4214 1355 4263 habuit

286 4276 335 4340 ε[“
345 4275 470 4339 Quicquid
489 4276 587 4338 uspiam
605 4274 719 4339 perfidiae
734 4279 780 4325 aut
824 4275 892 4324 orbis
914 4281 995 4336 terrae,
1012 4282 1095 4325 totum
1115 4278 1173 4325 istie
1193 4279 1352 4326 cumulatum

252 4338 313 4400 doli,
325 4340 445 4403 quiequid
461 4341 631 4390 inelementia
647 4342 780 4403 superbiae·
824 4339 917 4399 videas,
934 4341 1120 4403 acervatimque
1144 4342 1354 4404 raperiaa”-l‘e

251 4417 309 4467 que,
320 4404 441 4468 quicquid
450 4404 626 4468 impudicitiae,
634 4405 780 4455 effraenatae·
824 4405 917 4454 trareh.
936 4405 980 4453 lib.
1001 4404 1081 4466 Epist.
1105 4405 1159 4453 sine
1180 4407 1221 4455 tia
1242 4406 1289 4469 Ep.
1309 4409 1350 4458 15.

251 4484 300 4535 que
322 4469 447 4530 libidinis,
465 4468 594 4530 audivisti,
617 4474 662 4521 eut
685 4470 780 4532 legisti,
824 4468 881 4532 Op,
892 4482 918 4532 p.
930 4469 987 4521 726.
1002 4468 1080 4519 Bmil.
1093 4468 1189 4535 1581.]5
