2910 4926
424 303 605 352 urouocuu
628 303 809 352 nusrousro.
1104 288 1168 351 433

68 458 174 520 Belial
192 457 294 521 futuri
305 458 329 542 :)
352 467 447 542 etque
463 460 616 545 Cypriani
631 461 745 525 saeculo
768 459 855 543 (tum
870 479 944 520 cum
959 465 1042 521 osset
1065 458 1169 521 adhuc

67 560 127 624 sub
145 561 242 624 Cruce
257 562 410 644 Ecclesia)
424 563 579 646 suffragio
592 564 695 646 plebis
708 584 775 627 non
789 561 1009 637 intervenisse,
1027 560 1169 644 adeoque

67 663 241 747 Episcopos
264 686 375 728 eorum
398 667 527 730 calonis
552 667 682 735 allectos
708 688 775 730 non
797 664 905 729 fuisse.
950 665 1037 727 Nam
1059 663 1093 727 id
1112 664 1169 727 diu

66 775 139 849 post
154 767 293 846 durasse,
305 769 395 831 testis
409 776 458 832 est
472 777 594 853 strages
608 770 664 833 illa
677 777 728 833 tot
742 769 921 844 hominum,
938 788 1008 849 quae
1022 767 1169 830 insecuta

67 877 125 947 est,
144 873 255 952 popilii
277 879 368 954 parte
389 872 490 936 altera
513 874 699 950 Damasum,
725 872 826 936 altera
848 870 1035 934 Ursicinum
1059 876 1168 952 postu·

68 972 187 1036 lantefl.
231 974 275 1037 Et
295 974 327 1037 id
349 973 478 1056 quidem
495 977 610 1057 populo
626 975 770 1058 permitti
790 981 862 1037 tum
884 979 1010 1055 poterat
1031 972 1067 1034 in
1085 973 1168 1036 sola·

67 1076 149 1139 tium
167 1077 226 1140 sub
238 1098 332 1141 cruce
347 1079 499 1160 gementi,
514 1079 549 1141 iu
564 1079 659 1142 horos
675 1077 815 1160 singulas
827 1087 965 1140 mortem
977 1075 1168 1158 expectanti,

67 1179 119 1242 cui
134 1180 227 1263 proin
241 1181 353 1264 religio
364 1203 489 1245 summa
498 1182 656 1264 optimum
672 1200 831 1263 quemque
846 1178 1017 1261 deligendi.
1057 1177 1170 1244 Quod·

68 1302 129 1364 que
151 1294 222 1344 tum
245 1304 364 1366 magna
387 1283 576 1367 permissum
604 1284 738 1361 ratione,
768 1283 889 1366 majore
912 1288 983 1365 post
1007 1280 1169 1344 sublatum

67 1390 133 1447 est:
156 1386 248 1468 cujus
269 1393 372 1449 exstat
386 1388 477 1450 testis
493 1388 605 1450 Conon
615 1399 628 1426 ⁰
642 1413 648 1450 :
672 1407 754 1458 cum,
771 1406 848 1469 pace
863 1384 1015 1448 Ecclesiae
1030 1384 1167 1460 reddita,
1219 1446 1223 1453 ,
1244 1442 1250 1450 .

67 1481 229 1551 enemente
252 1509 326 1551 cum
348 1511 424 1572 pace
451 1490 625 1572 opulentia,
652 1489 812 1552 ferverent
835 1487 944 1550 omnia
964 1486 1167 1562 factionibus,

66 1596 101 1652 et
116 1590 157 1652 ad
171 1590 341 1654 electiones
355 1592 421 1655 fere
436 1592 575 1674 singulas
589 1592 824 1654 tumultuatum
840 1597 896 1653 est.

100 1741 254 1792 eonsensum
262 1744 349 1808 populi
358 1745 433 1794 luisse
442 1744 607 1794 necessarium
618 1744 649 1794 ad
657 1743 734 1806 Regis
743 1744 900 1803 electionem,
910 1742 1084 1792 demonstrent
1093 1741 1169 1791 verbs

134 1823 205 1886 (ills)
218 1861 224 1872 .
241 1861 247 1873 .
266 1860 272 1873 .
285 1824 425 1875 ‘Fecerunt
436 1826 472 1875 ibi
484 1825 577 1888 Regem
590 1824 666 1875 Saul!
683 1862 688 1874 .
707 1863 714 1876 .
732 1862 738 1873 .
757 1824 913 1874 Consensum
924 1823 1010 1887 populi
1022 1822 1166 1872 adhibitum

131 1904 216 1964 fuisse,
228 1904 260 1954 sd
277 1906 453 1955 testimonium
469 1905 600 1956 serendum
617 1906 649 1956 de
659 1907 713 1956 vite
728 1909 755 1956 et
765 1906 878 1955 moribus
894 1903 1086 1967 eligendorum.
1099 1940 1105 1953 .
1117 1939 1123 1953 .
1135 1902 1167 1952 sb

132 1986 263 2050 Episeopis
277 1986 452 2037 demonstrent
469 1989 544 2038 verbe
561 1988 681 2052 cypriani
687 1987 816 2052 e-[Beu.
826 1987 899 2050 Apol.
912 2000 959 2050 pro
970 1984 1056 2050 Resp]
1073 1999 1098 2048 p.
1111 1984 1166 2036 177.

132 2068 198 2133 [Op.
211 2072 271 2118 tom.
282 2069 326 2118 rii.
339 2070 385 2119 col.
398 2071 453 2119 804.
466 2069 540 2133 A.B.]

111 2183 286 2247 Praesentia
305 2184 434 2266 quidem
450 2185 562 2267 plebis,
586 2185 671 2268 apud
688 2185 896 2269 Cyprianum,
911 2182 1051 2247 includit
1069 2176 1306 2244 Testt'·[l>⁰1>¹¹¹⁸¹'i

66 2286 201 2347 monium
227 2285 264 2348 de
289 2287 364 2364 vito,
392 2307 452 2350 nec
478 2287 617 2351 excludit
648 2288 835 2371 suffragium
863 2288 904 2351 de
932 2306 1077 2370 persona.
1119 2284 1167 2348 Ut
1180 2243 1322 2306 consensu]

66 2404 171 2468 neque
184 2387 281 2451 verba
301 2388 366 2465 ille,
381 2390 532 2452 Feceont
553 2390 633 2452 Saul
654 2389 778 2473 Repeto,
803 2389 972 2472 quicquam
999 2386 1085 2449 aliud
1108 2385 1167 2449 sibi

67 2489 189 2567 volunt,
206 2511 302 2573 quam
316 2490 382 2568 ills,
399 2492 549 2554 Feco‘unt
559 2492 752 2555 Salomonem
767 2492 899 2555 remando
914 2491 1048 2573 Regem:
1064 2509 1169 2571 neque

67 2591 238 2675 quicquam
252 2592 405 2672 efficiunt,
418 2616 512 2677 quam
529 2602 566 2658 ut
582 2595 732 2678 Regnum
742 2594 771 2658 ei
782 2602 854 2658 tum
864 2594 1055 2657 innovatum
1069 2592 1168 2655 fuerit

66 2692 103 2756 in
113 2695 231 2777 Gilgal,
244 2696 329 2778 quod
337 2698 425 2779 prius
433 2697 468 2760 in
477 2698 607 2780 Mispha
617 2697 774 2782 (Domino
783 2698 931 2781 eligente,
942 2696 1059 2779 populo
1069 2694 1170 2758 accla-

67 2796 204 2879 mante)
218 2799 370 2862 collatum
379 2800 409 2863 ei
423 2799 548 2865 fuerat:
564 2801 599 2864 in
609 2823 681 2885 quo,
698 2800 1006 2885 acceptandipopulo
1020 2820 1088 2862 non
1102 2798 1170 2861 tam

63 2899 127 2982 jus,
138 2921 234 2983 quam
243 2902 423 2980 necessitas,
433 2903 540 2985 (quem
549 2925 664 2987 nempe
673 2905 825 2967 Dominus
833 2900 1170 2986 elegerat:)rejiciendi

68 3023 142 3065 vero
161 3003 216 3086 jus
237 3003 372 3067 nullum.
419 3006 526 3071 Quare
542 3013 575 3070 et
594 3014 669 3070 ante
688 3007 896 3089 posteriorem
912 3005 998 3069 hunc
1013 3004 1048 3067 in
1064 3003 1171 3086 Gilgal

68 3112 272 3183 conventum,
289 3115 322 3170 et
337 3108 479 3170 adiment
494 3129 562 3170 cum
577 3128 611 3170 eo
626 3118 780 3190 tanquam
796 3107 940 3188 legitimo
955 3127 1013 3169 suo
1028 3105 1170 3188 principe

66 3208 138 3284 viri,
163 3229 290 3289 quorem
314 3210 399 3271 Deus
423 3211 518 3272 cordo
543 3212 721 3291 tettperats,
748 3218 780 3273 et
800 3209 897 3292 Regis
923 3208 1033 3270 munia
1059 3207 1170 3271 obibat

100 3417 111 3439 ¹¹
128 3408 154 3474 [⁴⁴
167 3409 221 3467 Quo
235 3411 343 3459 exsecto
355 3414 426 3460 tenta
435 3410 534 3470 seditio,
544 3413 596 3461 imo
640 3417 736 3473 centur,
747 3417 773 3462 et
788 3412 824 3462 sit
840 3411 965 3462 ordinatio
978 3410 1049 3473 juste
1065 3413 1091 3458 et
1111 3409 1171 3471 legi-

67 3488 125 3523 vero
133 3479 204 3523 tento
210 3474 277 3523 belis
283 3481 367 3524 coorta
373 3479 440 3536 sunt,
446 3476 596 3526 alterutrum
640 3478 710 3539 timo,
720 3493 777 3541 quse
786 3477 901 3527 omnium
909 3474 1027 3536 suffragio
1040 3482 1066 3523 et
1073 3473 1170 3536 judicio

67 3537 259 3589 defendentibus
276 3540 383 3602 populis,
399 3544 428 3589 ut
442 3540 597 3604 replerentur
640 3543 716 3591 luerit
742 3543 896 3592 examinate.
912 3540 1075 3602 ...Propter
1101 3538 1168 3601 quod

67 3601 177 3653 humano
193 3605 315 3666 sanguine
332 3605 473 3654 orationum
490 3606 598 3655 loes.''—
640 3606 814 3670 diligenterde
826 3605 963 3655 traditione
973 3603 1060 3653 divine
1071 3606 1171 3666 etApo

67 3664 159 3716 Ruffin.
172 3667 240 3716 Hist.
256 3667 323 3717 Eecl.
341 3668 385 3718 lib.
395 3670 422 3717 ii.
437 3670 477 3731 (sl.
486 3671 530 3732 xi.)
542 3686 595 3734 esp.
640 3672 729 3721 stoliee
745 3672 916 3721 observatione
932 3668 1082 3718 servendum
1093 3674 1169 3718 estet

69 3734 106 3780 10.
118 3748 141 3796 p.
154 3732 222 3795 260]
400 3779 411 3801 ⁸
641 3736 786 3795 tenendum,
801 3735 868 3798 quod
886 3734 952 3797 apud
970 3749 1015 3783 uos
1031 3747 1129 3795 quoque
1143 3737 1169 3781 et

101 3797 196 3862 ο[Περὶ
207 3800 249 3846 τοῦ
259 3797 292 3857 μὴ
304 3801 355 3847 τοῖς
366 3796 451 3859 ὄχλοις
463 3802 596 3862 ἐπιτρέπειν
639 3801 689 3850 sere
736 3799 905 3863 rprovinclas
915 3799 1044 3847 universas
1060 3801 1167 3856 leuetur,

66 3861 111 3910 τὰς
130 3862 237 3922 ἐκλογὰς
252 3865 368 3911 ποιεῖσθαι
391 3864 439 3911 τῶν
456 3866 597 3923 μελλόντων
638 3870 692 3914 uta
719 3863 888 3914 ordinationes
898 3863 947 3913 rite
958 3861 1124 3922 celebrandas,
1137 3861 1169 3910 sd

67 3925 223 3976 καθίστασθαι
251 3926 285 3975 εἰς
316 3926 452 3992 ἱερατιῒονζ]
469 3954 502 3964 -
519 3927 593 3978 Cone.
638 3944 692 3978 esm
705 3929 811 3991 plebem,
819 3929 859 3977 cui
870 3926 1168 3991 praepositusordinetur,

67 3988 167 4039 hoodie.
186 3991 245 4039 Cen.
258 3991 311 4039 xiii.
335 3990 423 4054 [Cone.
440 4000 501 4041 tom.
513 3993 529 4042 i.
546 3995 593 4043 col.
638 3993 755 4056 Episcopi
775 3993 886 4056 ejusdem
904 3992 1041 4055 provinciae
1058 3992 1168 4053 proximi

67 4053 139 4104 149⁷.
152 4054 194 4117 lt]
638 4059 730 4120 quique
743 4056 901 4115 convenient,
912 4061 939 4107 et
956 4056 1095 4119 Episcopus
1109 4055 1171 4103 deli·

99 4127 110 4157 Ρ
129 4118 158 4181 [“
170 4119 260 4167 (loram
281 4120 350 4168 omni
373 4134 466 4182 synago
519 4121 594 4183 jubet
636 4127 711 4184 gutur
721 4122 793 4185 plebe
804 4127 934 4184 praescute,
944 4137 1000 4184 ques
1011 4120 1168 4181 singulorum

67 4182 135 4231 Deus
145 4184 264 4232 constitui
274 4184 436 4244 sacerdotem,
453 4136 500 4233 ida
495 4192 541 4244 est,
558 4187 595 4235 in·
638 4187 717 4235 vitem
736 4187 881 4249 plenissime
901 4187 982 4245 novit,
1004 4188 1031 4234 et
1054 4184 1168 4232 uniuscu-

66 4247 143 4295 utruit
161 4252 187 4295 et
205 4247 315 4297 ostendit
332 4247 504 4305 ordinationes
520 4265 596 4300 socer·
633 4249 725 4314 jusque
747 4256 832 4300 ectum
855 4251 886 4300 de
907 4251 960 4312 ejus
982 4250 1168 4298 couversatione

66 4311 162 4359 dotsles
176 4326 226 4359 non
237 4313 287 4359 nisi
298 4313 344 4361 sub
359 4314 445 4376 populi
456 4315 596 4363 assistentis
638 4315 845 4378 perspexit.”-S.
863 4315 937 4377 Cypr.
959 4313 1006 4376 Ep·
1024 4313 1096 4361 lxvii·
1126 4313 1167 4371 (⁸l·

66 4375 220 4424 conscientie
245 4376 300 4424 fieri
322 4386 442 4440 oportere,
472 4384 501 4427 ut
522 4379 594 4442 plebe
639 4380 730 4442 lxviii.)
744 4380 784 4442 (ci.
804 4380 850 4429 lib.
867 4381 884 4428 i.
908 4379 999 4443 Epi.)
1019 4377 1050 4426 ed
1068 4377 1169 4426 Fratres

67 4445 190 4502 presente
217 4440 256 4489 vel
287 4441 437 4503 detegentur
470 4443 594 4493 melorum
638 4442 773 4507 Hispanos
785 4443 952 4507 Op.,p.172.]

66 4504 182 4563 crimine,
200 4505 239 4553 vel
259 4505 381 4555 bonorum
398 4507 490 4557 merite
506 4508 595 4571 praedi-
670 4515 682 4546 ‘¹
701 4509 724 4572 [l
735 4507 798 4572 Reg.
810 4524 836 4557 1.
848 4507 898 4571 26]

111 4600 355 4637 sensnum-nese.
853 4607 873 4653 q
893 4606 914 4653 q
