2910 4926
269 253 289 314 2
586 267 628 314 111
651 264 841 314 1111111111
864 265 1061 313 1111111111

270 425 378 487 Parae
393 423 539 486 simultas
554 423 672 487 extitit.
715 423 899 486 Paaetioaia
917 421 1014 505 hujus
1036 422 1135 502 dolor,
1152 443 1248 506 quem
1271 421 1371 485 sensit

268 528 318 591 vel
351 539 545 608 peraequata,
582 527 668 604 feeit,
698 535 736 590 ut
767 547 934 609 personam
971 533 1112 589 exueret.
1159 524 1371 588 Bacchanalia

269 631 356 694 enim
375 632 444 714 jam
467 652 532 693 uon
554 651 634 707 esse,
654 628 831 712 (inquibus
849 630 882 691 S.
900 628 1197 692 R.E.Cardinales
1220 650 1370 691 nonnun-

270 735 397 816 quamzl
430 734 513 797 serio
535 754 603 796 rem
621 732 684 816 agi,
699 752 760 795 nec
776 733 846 816 jam
861 731 1019 815 expedire,
1035 739 1072 794 ut
1088 733 1229 794 laruatus
1242 731 1371 795 incedat
1419 819 1421 825 .

269 839 415 921 amplius.

314 939 438 1017 Prodiit
460 960 536 1021 ergo
558 938 701 1016 tandem,
718 937 774 1000 sed
790 937 845 1015 sic,
861 943 899 1000 ut
914 937 1006 1000 amici
1023 938 1093 1021 ejus
1108 936 1255 1000 futurum
1271 935 1369 998 fuisse

270 1049 387 1126 putent
410 1042 512 1125 magis
535 1042 728 1118 consultum,
744 1040 771 1104 si
786 1024 953 1123 resumpta
967 1042 1058 1103 larva
1073 1040 1171 1103 etiam
1186 1060 1275 1102 nuuc
1291 1061 1368 1121 quo-

272 1168 334 1229 que
362 1145 519 1208 latuisset.
565 1145 719 1208 Poterant
749 1144 884 1207 'Portum
915 1142 1027 1206 decere
1057 1143 1170 1220 multa,
1197 1142 1370 1206 obscurum

272 1248 446 1326 hominem,
478 1268 549 1330 quae
579 1246 812 1310 Bellarminum
842 1268 909 1310 non
938 1245 1062 1309 decent.
1110 1246 1187 1309 Plus
1218 1245 1322 1308 multo
1351 1266 1371 1307 a

272 1351 463 1435 Presbytero
476 1349 656 1428 cardinale,
669 1371 765 1432 quam
778 1371 797 1412 a
812 1349 1004 1432 Presbytero
1022 1348 1189 1413 Sacellano
1205 1349 1369 1432 quaeritur.

272 1455 403 1518 Nomen
439 1454 543 1536 ipsum
574 1452 764 1518 Bellarmini
799 1452 1030 1535 praescriptum,
1062 1451 1170 1516 nescio
1200 1451 1369 1535 quomodo,

273 1577 424 1639 magnam
440 1555 579 1637 aliquam
594 1553 634 1617 de
650 1554 768 1635 scripto
784 1554 1038 1637 expectationem
1054 1556 1214 1619 concitat:
1248 1554 1371 1618 Bellar·

270 1659 352 1721 mini
378 1658 548 1740 (inquam),
572 1678 667 1739 quem
691 1656 747 1719 diu
767 1658 837 1740 jam
862 1657 991 1720 ruinam
1011 1657 1166 1721 minitans
1185 1679 1281 1721 causa
1304 1658 1369 1720 Ro·

271 1785 368 1827 mana
383 1763 549 1827 Atlantem
565 1761 689 1825 babuit.

110 1872 259 1939 [languidus
315 1869 362 1930 At
385 1866 438 1929 hic
462 1864 555 1929 nobis
580 1864 620 1927 ab
645 1864 701 1928 illo
726 1865 807 1927 liber
833 1864 973 1927 multum
997 1865 1147 1929 omnibus
1170 1865 1255 1929 infra
1280 1888 1370 1949 spem

108 1943 232 2067 iffi&
273 1969 431 2034 subsistit.
478 1968 584 2046 Quod,
608 1967 669 2031 nisi
692 1968 837 2031 Titulum
860 1967 1010 2031 suumin
1033 1968 1140 2032 fronte
1164 1977 1317 2048 notasset,
1337 1978 1371 2032 ct

271 2094 340 2136 esse
364 2073 432 2140 haec
456 2094 475 2135 a
498 2071 631 2134 Roberto
651 2071 818 2133 Cordiacle
840 2072 1033 2133 Bellormiao
1045 2097 1055 2143 ,·
1079 2072 1132 2133 vix
1149 2071 1266 2154 (credo)
1285 2072 1371 2154 quis·

272 2195 368 2258 quam
384 2182 451 2238 tam
467 2173 506 2238 de
522 2195 559 2237 eo
575 2174 727 2236 sensisset
742 2174 876 2257 abjecte,
889 2181 926 2237 ut
942 2173 1011 2237 haeo
1026 2173 1066 2237 ab
1081 2174 1136 2237 illo
1150 2180 1290 2257 putaret,
1303 2183 1370 2238 11111

272 2279 389 2355 effoeta,
406 2285 473 2339 tam
488 2276 641 2358 languida
655 2277 811 2358 proficisci
826 2298 968 2359 unquam
984 2277 1135 2359 potuisse.
1180 2278 1267 2341 Vere
1283 2277 1370 2340 enim

271 2378 391 2462 ubique
410 2380 498 2463 jacet
522 2386 592 2442 toto
615 2378 708 2456 libro,
730 2387 762 2442 11
785 2400 818 2441 11
834 2379 885 2441 vix
907 2401 1043 2461 usquam
1066 2366 1203 2455 attollit3
1228 2381 1316 2463 quin,
1333 2389 1371 2443 ut

265 2503 399 2564 peccare
422 2483 466 2544 od
485 2488 664 2559 extremum,
680 2487 711 2544 et
730 2482 787 2543 ilia
794 2483 866 2562 jam
881 2483 1012 2545 duceree
1028 2503 1112 2560 eum,
1129 2483 1246 2548 Lector
1261 2483 1370 2548 eorda-

272 2593 325 2648 tus
340 2585 432 2649 facile
447 2585 575 2669 sentiat.

316 2687 497 2770 Languoris
512 2687 609 2771 hujus
626 2709 696 2770 quac
711 2708 817 2766 eausa,
832 2688 936 2752 varias
958 2710 996 2752 11
1018 2690 1147 2773 quidem
1171 2689 1210 2754 de
1229 2711 1264 2754 re
1279 2690 1371 2755 video
1439 2718 1441 2722 ·

272 2789 440 2854 hominum
466 2791 652 2854 sententias,
708 2795 737 2856 1.
770 2795 819 2855 Ac
843 2792 923 2856 mihi
948 2792 1088 2876 quidem,
1111 2794 1285 2876 contigisse
1309 2794 1371 2859 hoc

272 2893 386 2971 visum,
398 2916 464 2958 non
480 2903 547 2957 tam
562 2893 663 2977 ipsius
678 2894 761 2959 forte
776 2895 862 2973 vitio,
880 2918 976 2978 quam
992 2897 1145 2980 temporis
1159 2896 1369 2980 intemperie:

273 2996 436 3080 scripsisse
451 2998 539 3060 enim
554 2998 622 3062 haec
638 3020 695 3061 sua
710 2998 769 3062 sub
786 3000 884 3078 Cane,
897 3000 988 3083 cujus
1004 3000 1064 3064 sub
1079 3008 1161 3062 aestu
1174 3000 1286 3063 Romae
1302 3021 1371 3063 om-

272 3099 327 3162 nia
342 3100 447 3163 solent
469 3121 539 3164 esse
561 3100 772 3183 languidiora.
818 3105 849 3165 2.
874 3103 946 3166 Nec
963 3103 1080 3166 desunt
1095 3111 1215 3180 tamen,
1233 3103 1287 3186 qui
1303 3105 1371 3168 haec

272 3201 320 3264 illi
335 3209 404 3264 tam
418 3202 627 3284 indiligenter
642 3205 762 3287 scripta
774 3205 925 3282 sentiant,
939 3205 1028 3288 quasi
1044 3205 1290 3287 intelligentiam
1302 3208 1371 3290 jam

272 3313 371 3387 ponat
381 3304 561 3369 Cardinalis
577 3307 611 3368 in
627 3306 788 3371 scribendi
800 3308 945 3385 lastidi03
963 3309 1064 3391 quasi,
1076 3309 1235 3391 quaslibet
1249 3308 1372 3373 cerebri

273 3408 322 3470 sui
345 3407 528 3487 cruditates,
547 3409 647 3491 quasi,
663 3410 813 3492 quicquid
838 3411 866 3474 ei
889 3411 1014 3474 illinere
1037 3411 1072 3473 in
1094 3412 1221 3474 chartas
1241 3412 1370 3476 libitum

272 3517 331 3587 est,
347 3517 477 3573 1111111
492 3518 599 3592 putet;
616 3519 663 3590 ut,
677 3512 731 3593 qui
743 3513 934 3576 auctoritate
946 3513 1025 3596 jam,
1038 3534 1104 3575 non
1117 3512 1287 3576 sedulitate
1301 3535 1370 3577 rem

272 3619 373 3694 gerat.
418 3614 449 3675 3.
467 3613 641 3695 Plerosque
656 3622 766 3677 tamen
782 3614 817 3677 in
832 3635 870 3678 ea
885 3616 1048 3678 sententia
1062 3617 1255 3680 constitutos
1267 3617 1369 3695 video,

272 3719 309 3775 ut
330 3714 418 3776 aetati
441 3713 502 3777 hoc
518 3715 660 3777 dandum
677 3723 839 3794 censeant,
855 3717 1017 3781 fatiscenti
1028 3719 1107 3802 jam,
1124 3727 1217 3783 utne
1233 3720 1259 3783 si
1274 3720 1370 3784 vellet

273 3814 401 3896 quidem
417 3825 525 3898 posset
539 3818 666 3880 melius.
713 3820 734 3881 J
736 3819 911 3883 amdudum
928 3823 1014 3884 enim
1030 3843 1107 3900 esse,
1125 3845 1143 3885 1
1158 3845 1254 3887 eausa
1268 3846 1371 3907 usque

272 3918 410 3996 Veneta,
427 3941 501 3983 cum
518 3921 753 3985 Bellarminum
770 3933 918 4005 quaerunt
935 3926 1087 3989 Lectores
1102 3928 1137 4011 in
1155 3927 1352 3991 Bellarmino
1360 3954 1370 4005 3

271 4020 327 4098 ita,
344 4021 412 4085 sine
434 4023 549 4101 nervis,
566 4023 704 4103 lacertis,
727 4025 856 4105 lumbis,
881 4028 928 4090 ita
950 4029 1055 4091 soluta
1074 4031 1282 4113 compagibus
1301 4032 1371 4115 ejus

267 4124 338 4205 jam
353 4126 470 4188 omnia.
511 4127 618 4192 Quare
632 4128 764 4191 miseret
780 4150 833 4192 eos
844 4130 913 4213 jam
929 4130 1117 4211 Cardinalis,
1130 4141 1162 4204 11
1178 4154 1372 4217 magnopere

272 4233 418 4291 auctores
434 4237 510 4292 sunt
526 4230 684 4308 Pontifici,
698 4252 771 4295 eum
784 4234 995 4296 Belicrmiaus
1006 4237 1095 4299 Bello
1110 4244 1143 4299 11
1159 4239 1256 4300 armis
1270 4240 1373 4303 minas

266 4331 335 4413 jam
359 4332 400 4395 sit
421 4332 566 4412 idoneus,
591 4355 632 4397 ne
656 4335 824 4417 protrudat
848 4359 921 4400 eum
946 4338 979 4401 in
1005 4340 1114 4421 praelia
1139 4342 1298 4427 deinceps,
1314 4343 1373 4408 ubi

677 4471 687 4493 ⁸
709 4462 784 4526 [Hor.
799 4463 873 4527 Epi.
887 4468 908 4513 l.
922 4465 957 4528 9.]
