2910 4926
455 293 637 342 immomu
659 293 839 342 nnsrousro.
1132 283 1195 344 457

98 457 208 513 tamen
240 451 392 515 Sacerdos
419 453 605 536 Cypriano',
637 454 800 515 Romanus
828 472 896 514 non
925 458 983 529 est,
1014 471 1109 534 quem
1137 471 1198 515 nec

100 552 278 634 Cyprianus
287 563 305 590 W
320 553 387 637 ipse
403 575 527 637 semper
541 554 672 644 uudivit,
688 575 747 617 nec
761 553 996 616 Firmilianus&
1043 553 1107 617 Sed
1121 554 1198 638 Epi-

98 677 210 738 scopus
224 657 260 720 in
274 678 370 740 grege
385 680 443 720 suo
458 659 599 741 quisque,
616 658 738 721 Christi
752 657 820 721 vice
835 657 957 720 ludex:
980 678 1084 740 quem,
1102 658 1199 721 bene·

98 757 202 835 faciet,
230 759 285 842 qui
313 760 380 842 (ubi
403 769 492 823 mota
516 761 556 823 lis
579 762 639 842 cst)
666 769 698 823 et
722 760 857 824 subinde
881 760 1034 839 consulet,
1058 768 1091 824 et
1116 760 1198 824 benc

99 869 284 925 monentem
299 883 365 925 non
380 863 487 946 segnis
502 863 619 926 audiet.
1128 854 1129 858 ¹

132 995 214 1062 Nemo
224 1050 230 1062 .
244 1050 249 1061 .
262 1013 376 1076 polliceri
386 1017 511 1077 potestne
521 1028 609 1063 rerum
620 1014 739 1078 spiritum
751 1013 799 1063 Dei
810 1013 910 1074 habero,
917 1017 961 1063 sut
969 1028 1055 1064 rerum
1065 1015 1197 1066 scientiam

62 1114 68 1127 ·
162 1092 282 1157 adeptum
291 1109 351 1144 csso.
367 1094 497 1158 Scriptura
505 1095 630 1159 siquidem
641 1095 673 1145 de
682 1096 808 1145 Ecclesia.
818 1131 824 1144 .
836 1099 951 1156 testatur,
959 1095 1025 1159 quod
1037 1096 1071 1145 sit
1081 1096 1199 1147 columns

162 1178 188 1223 et
202 1175 390 1225 firmamentum
408 1176 638 1241 veritatis-[Bell.
649 1177 723 1240 Apol.
736 1191 781 1240 pro
792 1175 878 1240 Resp]
894 1191 919 1240 p.
933 1176 987 1229 187.
1000 1176 1066 1241 [Op.,
1078 1181 1140 1228 tom.
1152 1178 1198 1227 rii.

162 1256 208 1305 col.
218 1259 272 1306 809.
287 1255 325 1320 0.]
919 1285 923 1292 -

140 1358 187 1419 At
207 1376 276 1438 ego,
291 1338 329 1418 ut
343 1355 383 1419 de
399 1357 522 1437 Spiritu
529 1359 658 1437 privato
679 1356 833 1419 assentior
849 1355 1021 1435 Cardinali,
1038 1365 1071 1419 et
1091 1355 1196 1438 Scrip·
1211 1375 1332 1440 [Ecclesia

98 1466 242 1520 turinum
269 1455 335 1545 ἰδίᾳ
360 1457 534 1536 irritasti,
559 1459 599 1522 dc
622 1460 753 1522 edentia
775 1467 886 1522 tamen
908 1481 975 1522 non
999 1458 1091 1522 dubo.
1136 1441 1310 1554 Wlfflin

98 1560 184 1623 enirn
215 1562 255 1624 ad
280 1563 441 1624 scientium
470 1563 648 1644 pervenisse
678 1582 711 1626 se
737 1561 854 1624 sentiet
877 1562 957 1644 quis,
982 1561 1031 1625 vel
1057 1563 1306 1642 wintonensis]

98 1665 202 1728 adhuc
226 1666 398 1744 fluctuare5
431 1673 478 1742 ut,
506 1666 555 1728 vel
583 1664 696 1727 dubios
725 1665 824 1727 animi
854 1686 977 1748 semper
1000 1686 1128 1729 necesse
1157 1667 1199 1729 sit

98 1768 244 1849 pendere,
261 1768 310 1831 vel
327 1769 417 1846 scire,
438 1789 504 1850 qcae
527 1789 546 1829 α
568 1768 635 1830 Deo
659 1768 774 1830 donula
796 1774 868 1830 sunl
886 1769 1003 1831 uobis¹.
1048 1770 1199 1834 Ecclesioe

99 1893 206 1934 vocem
230 1872 310 1935 nulli
332 1872 503 1955 rejicimus,
521 1872 587 1934 imo
601 1892 789 1934 veneramur
808 1891 927 1935 omnes.
976 1872 1039 1936 Sed
1056 1874 1198 1937 Ecclesia

97 1976 189 2038 nobis
218 1997 285 2039 non
310 1983 358 2038 est
388 1975 549 2055 Pontiseoe,
576 1979 642 2036 non'
671 1975 766 2036 Curio
792 1976 943 2053 Romano,
967 1998 1038 2059 quae
1064 1977 1126 2039 nisi
1152 1977 1199 2041 ita

97 2079 204 2142 animo
216 2078 389 2160 anticipata
403 2078 478 2155 sint,
489 2098 556 2140 non
571 2077 710 2139 multum
721 2076 810 2139 vobis
824 2078 1039 2142 commodabit
1049 2080 1198 2143 Ecclesiae

97 2182 219 2245 titulus.
254 2183 400 2244 Columna
415 2202 453 2244 ea
466 2181 637 2257 veritalis&
648 2180 693 2243 sic
708 2189 756 2242 est
764 2204 774 2254 3
798 2202 865 2243 non
879 2182 932 2244 cui
946 2184 1062 2245 veritos
1076 2183 1196 2261 innixa,

96 2284 151 2346 sed
166 2306 236 2367 quae
251 2285 319 2367 ipsa
333 2286 469 2347 veritali.
519 2283 583 2347 Sed
601 2284 748 2346 Columna
763 2282 832 2346 haec
846 2284 881 2345 in
896 2305 968 2347 aere
982 2306 1049 2348 non
1063 2284 1182 2367 pendet
1186 2311 1196 2363 ;

96 2387 198 2450 basim
219 2387 325 2465 habet,
341 2394 374 2450 et
396 2387 610 2470 crepidinem3
633 2385 788 2465 obirem,
804 2385 916 2449 nisiin
933 2387 1028 2451 verbo
1049 2388 1132 2451 Dei?
1157 2388 1197 2451 Id

96 2489 151 2552 ubi
166 2490 314 2572 proponit
328 2489 431 2567 nohis,
446 2489 528 2553 bene
542 2489 711 2552 fundatam
732 2489 857 2568 scimus,
874 2496 945 2552 tuto
960 2489 990 2553 ei
1004 2496 1037 2553 et
1059 2489 1197 2555 libenter

95 2594 275 2660 innitimur.

128 2732 214 2782 Putrcs
224 2733 252 2781 in
261 2733 377 2795 legitimo
388 2732 494 2782 concilio
503 2733 648 2795 congregati
656 2746 712 2782 rere
721 2735 746 2780 et
756 2734 812 2781 tuto
824 2729 920 2791 dicunt,
930 2730 1033 2780 ‘Visum
1041 2735 1080 2780 est
1088 2731 1196 2796 Spiritui

160 2813 252 2863 Sancto
268 2818 294 2864 et
304 2815 392 2864 nobis'
421 2814 517 2864 Privati
529 2814 652 2873 homiues,
663 2815 713 2863 nini
724 2818 826 2874 temero,
838 2814 885 2863 hoc
902 2813 985 2864 dicero
996 2828 1047 2863 non
1059 2815 1195 2864 audebunt

160 2932 166 2944 .
181 2934 187 2945 .
203 2932 209 2944 .
220 2896 399 2959 Apostolorum
416 2896 525 2959 principi
541 2896 639 2945 dictum
655 2899 694 2945 est
704 2910 719 2944 a
731 2894 849 2953 Domino,
860 2895 969 2957 ‘Rogavi
981 2908 1027 2957 pro
1037 2900 1071 2957 te,
1082 2900 1138 2945 etc!
1150 2932 1157 2946 .
1169 2931 1176 2946 .
1190 2933 1196 2945 .

160 2976 198 3026 Do
210 2977 317 3040 privatis
333 2976 480 3026 hominibus
494 2976 559 3026 nihil
570 2977 621 3026 tale
636 2975 851 3039 legitur-[Bell.
864 2975 939 3039 Apol.
951 2990 996 3039 pro
1008 2975 1093 3040 Resp]
1102 2991 1126 3042 p.
1141 2978 1195 3030 187.

160 3058 230 3123 [Op.,
241 3062 302 3108 tom.
313 3059 357 3108 vii.
375 3058 421 3108 col.
432 3061 487 3109 809.
500 3057 526 3108 0.
539 3057 583 3122 Ι).]

138 3157 187 3219 De
203 3156 354 3220 Conciliis
367 3155 681 3238 magnificentissime
696 3155 860 3231 sentimus,
876 3153 933 3218 ubi
948 3154 1069 3233 dicrmt‚
1089 3157 1194 3221 Visum
1208 3176 1300 3290 prum

95 3260 230 3340 Spiritui
254 3260 371 3321 Sancto
400 3265 430 3322 el
455 3259 561 3321 nodo:
597 3279 664 3322 non
688 3258 820 3340 perinde
845 3265 964 3336 tamen,
987 3258 1043 3321 ubi
1067 3258 1194 3338 dicitur,
1207 3244 1359 3362 affl&

102 3364 206 3424 Visum
224 3363 320 3441 nodis,
336 3368 367 3425 et
390 3362 525 3444 Spiritui
548 3363 675 3426 Sancto.
722 3364 871 3445 Spectare
894 3371 1001 3425 sutem
1024 3362 1063 3425 ad
1086 3364 1196 3426 Ponti-
1207 3373 1313 3438 cerunt]
1342 3397 1346 3406 ·

87 3465 167 3544 fices
183 3465 360 3529 orationem
376 3465 497 3529 Christi
516 3465 614 3544 illum,
630 3485 668 3527 ne
686 3471 799 3528 temere
822 3465 929 3527 credat
950 3464 1030 3547 quis.
1074 3465 1195 3548 Ropaoi

91 3590 151 3649 pro
166 3575 205 3647 le,
222 3568 427 3634 Marcellineb
436 3594 446 3646 ;
462 3590 525 3650 pro
540 3575 580 3648 te,
598 3568 741 3632 Honori⁰
750 3594 759 3646 ς
776 3589 839 3649 pro
855 3573 894 3646 le,
910 3567 1058 3646 Liberi⁶;
1075 3590 1138 3649 pro
1154 3575 1193 3647 le,

126 3771 179 3836 '[“
187 3770 275 3834 Neque
297 3773 366 3821 enim
393 3771 495 3822 alicnde
516 3770 623 3820 haereses
665 3775 704 3819 trs
715 3767 1192 3833 EpistolsmStcphsni.—Epistlxxv.

94 3836 189 3885 obortae
202 3840 268 3896 sunt,
279 3840 324 3886 cut
335 3840 394 3886 nots
408 3839 468 3885 sunt
479 3835 621 3894 schismata,
664 3835 731 3899 opud
743 3835 768 3883 S.
782 3834 901 3898 Cypriani
913 3833 968 3897 Op,
979 3848 1003 3897 p.
1015 3834 1082 3899 212]

94 3915 170 3963 quam
193 3900 253 3950 indo
272 3901 339 3964 qnod
358 3899 480 3950 sacerdoti
501 3901 549 3949 Dei
571 3915 622 3949 non
697 3908 707 3938 ⁷
737 3899 847 3948 creti.
860 3902 898 3948 20.

93 3967 287 4029 obtemperatur,
298 3980 344 4014 nec
354 3980 420 4014 unus
431 3967 458 4014 in
470 3964 622 4014 Ecclesicsd
697 3971 705 3993 ¹
736 3963 855 4013 leonii.
868 3964 906 4012 12.

95 4035 194 4092 tempus
211 4030 330 4088 sacerdos,
342 4034 368 4079 ct
384 4029 415 4079 od
431 4035 529 4092 tempus
542 4028 622 4092 judex
698 4036 708 4058 ¹
737 4028 827 4077 irim.
840 4029 877 4077 iii.
890 4027 940 4091 ili]

95 4095 147 4142 vice
160 4094 254 4144 Christi
271 4094 474 4156 cogitatur.’'-S.
487 4094 559 4156 cypr.
573 4093 619 4157 Ep.
698 4090 709 4123 Β
742 4092 804 4141 Vide
816 4091 890 4141 Conc.
903 4093 1040 4142 Sinuem—
1046 4092 1121 4142 Cone.
1131 4098 1191 4142 tom.

93 4159 137 4205 iix.
156 4159 196 4217 (si.
209 4159 252 4218 lv.)
270 4159 310 4221 (sl.
324 4159 367 4208 lib.
381 4159 398 4207 i.
416 4159 461 4222 Ep.
474 4161 497 4207 3.
509 4163 538 4206 ut
549 4159 618 4207 citat.
663 4158 679 4206 i.
698 4173 725 4206 co
738 4196 743 4206 .
756 4160 810 4206 938.
822 4157 938 4207 B.-943.
952 4155 990 4218 li]

94 4222 193 4285 uBell.)
213 4223 268 4287 Op,
280 4239 302 4286 p.
316 4222 382 4287 mu]
695 4229 705 4252 ‘
735 4221 800 4270 Vide
811 4236 894 4284 supra,
906 4237 930 4285 p.
943 4223 997 4270 215.
1009 4225 1061 4270 not
1073 4220 1103 4297 ¹.]

126 4294 141 4316 '¹
159 4287 236 4351 [Vidc
258 4288 283 4337 S.
296 4288 413 4351 cyprian.
431 4287 511 4351 Epist.
523 4287 620 4336 lxxi-
696 4285 706 4316 θ
739 4286 801 4335 Vide
818 4285 842 4334 S.
857 4286 950 4334 Athon.
969 4284 1037 4333 Hist.
1055 4285 1143 4334 Arrun.
1160 4286 1192 4335 ad

94 4352 171 4399 lxxiv.
185 4353 240 4414 Op,
251 4367 293 4415 pp.
308 4351 454 4413 los-216]
665 4350 807 4400 iionschos.
826 4354 837 4412 ἱ
857 4353 895 4399 42.
914 4355 969 4414 Op,
987 4355 1046 4399 tour.
1064 4351 1081 4399 i.
1100 4365 1122 4413 p.
1137 4355 1191 4400 368.

125 4424 136 4445 ¹
154 4416 231 4479 [l'idc
261 4417 402 4465 Firmilisni
428 4416 546 4479 Episcopi
571 4416 620 4465 Cro·
666 4416 695 4464 i).
711 4415 750 4478 ii]

93 4496 169 4529 sarcio
182 4482 345 4545 Cappadocus
356 4482 388 4532 od
400 4481 555 4545 Cyprianum
566 4496 621 4531 con-
