2910 4926
263 274 328 336 184
575 290 617 338 m
639 287 831 341 csmmmrs
851 291 1051 341 nummatus

263 465 326 528 que
345 444 440 508 VII.r
485 444 662 509 Decretum
683 467 758 511 vero
779 447 852 526 hoc,
872 447 956 531 juris
977 446 1095 511 veteris
1115 446 1167 511 vel
1189 444 1365 520 ratitutic,

262 547 313 610 vel
329 546 538 627 continuatio,
553 569 620 612 non
636 550 798 615 concessio
812 551 897 635 novi.
1270 571 1273 575 ·

297 718 325 768 Si
338 717 457 767 Pontifex
475 717 554 768 donat
565 717 683 770 Carolum
701 721 797 784 Regem
812 720 939 784 dignitate
957 720 1115 781 Patriclatua,
1127 734 1185 785 quas
1197 722 1236 770 est
1252 718 1366 783 dignitas

329 798 508 862 temporalis..
526 835 557 851 ..
575 816 634 864 argo
654 836 661 850 .
678 837 685 851 .
702 803 766 866 ‚jus
777 802 939 865 magnumin
950 802 1058 865 imperio
1069 800 1204 865 temporali
1215 799 1367 851 habebat-

330 880 407 946 [Bell.
415 881 491 947 Apol.
501 896 546 946 pro
558 881 647 948 Resp]
661 898 685 948 p.
696 886 735 935 59.
755 884 824 948 [Op.,
835 887 897 933 tom
907 883 951 933 vii
964 883 1011 933 col.
1019 882 1075 935 tat.
1084 881 1128 946 D.]

115 1015 218 1067 Carolus
308 1007 428 1071 Civitas
448 1008 595 1072 Romana
612 1007 765 1072 carolum
786 1007 905 1071 donare
928 1008 1032 1072 Roma
1055 1011 1190 1090 poterat,
1207 1010 1241 1069 et
1256 1006 1366 1068 Patri-

104 1095 243 1196 pffi'ffl,
266 1109 369 1172 cicius
391 1110 513 1190 ordine,
538 1111 593 1193 qui
613 1111 649 1172 in
668 1110 782 1175 Galliis
803 1118 910 1189 natus,
934 1130 994 1173 nec
1011 1110 1174 1172 Patricius
1195 1116 1288 1186 esset,
1304 1128 1366 1172 nec

103 1208 233 1274 dmm]
267 1213 353 1277 aivis.
409 1213 482 1277 Nee
511 1213 573 1276 hoc
599 1213 770 1296 quicquam
795 1212 836 1276 ad
865 1214 1029 1293 impastam
1058 1212 1163 1296 ipsum
1187 1211 1366 1291 tenparclc.

266 1315 461 1379 Patriciatus
476 1316 573 1393 enim,
590 1316 732 1399 Imperio
750 1315 888 1379 accessio
909 1337 977 1379 non
999 1323 1067 1380 est:
1096 1314 1245 1379 solatium
1259 1313 1367 1398 potius

267 1416 363 1498 Papae
387 1422 420 1479 ct
443 1415 598 1479 Romanis
622 1416 698 1495 suis,
722 1437 785 1499 quo
809 1416 864 1494 ita,
888 1417 993 1479 nesii
1015 1416 1201 1498 Imperator,
1224 1415 1288 1478 nisi
1311 1414 1368 1499 qui

267 1518 365 1581 simul
382 1518 466 1581 Civis
488 1519 541 1597 sit,
559 1526 592 1582 et
606 1520 770 1583 Patricius
785 1520 960 1583 Romanus.
1010 1520 1190 1582 Cardiaalis
1204 1517 1367 1582 Diaconus

267 1620 303 1683 in
323 1622 445 1704 Papam
468 1621 599 1700 electus,
621 1622 791 1703 Presbyter
809 1622 913 1704 primo
932 1622 979 1700 fit,
1002 1641 1064 1686 nec
1086 1630 1198 1685 tamen
1220 1627 1366 1704 augetur,

271 1723 389 1807 (credo)
408 1724 459 1788 vel
473 1731 608 1788 ornatur
621 1725 772 1804 multum,
788 1726 930 1809 Papatus
939 1725 1172 1807 presbyteratu.

300 1892 329 1943 Si
345 1892 463 1943 Pontifex
475 1893 551 1957 jubet
569 1907 618 1954 eos,
635 1893 679 1956 qui
695 1897 783 1943 contra
800 1893 936 1943 Decretum
958 1894 1038 1957 ipsius
1057 1898 1138 1957 agunt
1159 1893 1292 1960 [agerent],
1313 1908 1367 1944 uon

332 1974 414 2024 solum
430 1973 598 2024 anathematis
612 1974 714 2024 vinculo
730 1975 839 2037 alligari,
856 1974 992 2024 sedetiam
1009 1975 1075 2025 bona
1090 1977 1203 2039 ipsorum
1219 1977 1369 2039 temporalia

332 2055 462 2118 publicari,
471 2054 515 2117 jus
526 2055 607 2117 igitur
618 2089 625 2104 .
642 2090 649 2103 .
666 2090 673 2103 .
685 2054 763 2105 habet
772 2069 823 2104 non
834 2056 966 2119 spirituale
976 2056 1066 2116 solum,
1078 2056 1122 2105 scd
1133 2058 1211 2106 etiam
1222 2057 1369 2120 temporale.

333 2135 445 2201 -[Bcll.
458 2135 534 2200 Apol.
545 2151 591 2201 pro
602 2135 687 2201 Resp]
699 2151 724 2200 p.
733 2140 772 2187 69.
786 2137 856 2201 [ορ.,
866 2141 928 2187 torn.
940 2138 983 2186 vii.
996 2138 1043 2187 col.
1051 2141 1106 2190 738.
1120 2138 1166 2203 Α.]
1202 2194 1209 2208 ,

106 2268 223 2334 [laeuos
311 2260 358 2324 At
381 2261 479 2324 etiam
495 2262 656 2343 publicari
669 2262 762 2344 jabet
786 2263 864 2325 baaa
887 2284 950 2326 raca
969 2264 1161 2343 parentiam,
1187 2285 1249 2327 aaa
1269 2266 1369 2327 solam

105 2340 232 2449 ffifflo,
268 2384 321 2427 eos
336 2365 544 2427 anathematis
562 2365 684 2428 vincalo
706 2366 863 2429 innodari.
906 2367 966 2429 Jus
980 2368 1079 2448 ipitar
1093 2368 1184 2430 habet
1200 2369 1368 2447 temporale

100 2460 249 2577 {tflgmffi
269 2465 429 2547 Paralifea.
474 2466 535 2550 [1.]
558 2467 682 2533 Quidni
696 2468 732 2530 in
747 2468 935 2533 Romanos?
956 2469 992 2531 in
1007 2490 1060 2533 eos
1076 2469 1192 2552 quibus
1208 2469 1369 2533 Dominus

104 2542 243 2657 Pogpssxf]
268 2574 318 2631 est
332 2567 526 2650 temporalis,
543 2569 598 2650 qui
612 2568 700 2631 intra
715 2569 853 2632 ditiones
869 2576 944 2632 sunt
959 2591 1043 2648 suas,
1060 2578 1093 2633 et
1110 2569 1230 2654 Synodi
1246 2590 1322 2645 suae,
1339 2570 1368 2632 si

268 2670 415 2733 Decretis
444 2670 543 2752 ipsius
576 2670 797 2754 obtemperare
825 2672 941 2734 nolint.
987 2672 1120 2749 Verum,
1151 2672 1211 2734 etsi
1240 2673 1276 2734 in
1306 2673 1365 2736 hos

267 2772 394 2850 habeat,
406 2773 442 2835 in
457 2772 535 2836 alios
550 2795 617 2836 non
633 2774 740 2852 habet,
755 2774 809 2857 qui
822 2782 912 2837 extra
927 2774 1063 2838 ditiones
1079 2776 1108 2838 ci
1123 2783 1219 2838 sunt:
1243 2776 1367 2859 Populo

267 2875 354 2938 enim
369 2876 526 2954 Romano,
542 2885 575 2939 et
596 2877 671 2938 Urbi
687 2877 863 2940 Decretum
878 2877 948 2955 hoc,
964 2899 1029 2940 non
1044 2879 1121 2940 Orbi
1135 2878 1290 2960 seriptum
1306 2886 1365 2941 est.

266 2980 298 3041 2.
322 2979 405 3041 Tum
425 2978 593 3061 (praesente
614 2978 661 3041 ibi
685 2985 718 3041 et
742 3000 908 3043 assensum
934 2979 1057 3044 adhoc
1082 3001 1175 3043 suum
1201 2980 1367 3063 praebcnte

267 3080 467 3163 Imperatore
482 3082 607 3164 Carolo)
627 3088 754 3164 poterat
773 3082 870 3145 etiam
891 3082 990 3145 indici
1010 3103 1068 3166 pro
1089 3104 1185 3165 poena
1206 3082 1366 3146 bonorum

265 3183 450 3265 publicatio,
466 3207 582 3268 nempe
596 3186 631 3247 in
646 3207 710 3265 eos,
727 3185 792 3268 qui,
809 3185 894 3268 quod
917 3187 972 3270 jus
993 3186 1200 3269 Imperatoris
1222 3192 1316 3264 essct,
1332 3185 1367 3248 id

266 3292 378 3369 postca
392 3287 568 3352 violarent:
596 3296 633 3351 ut
656 3289 702 3352 ita
723 3309 790 3352 uon
809 3288 943 3351 Gaaacis
963 3288 1069 3365 modo,
1086 3288 1141 3351 sed
1157 3288 1253 3371 Legis
1268 3288 1367 3351 etiam

265 3388 331 3451 vim
344 3389 487 3454 haberet.

297 3546 440 3599 Historiam
452 3549 493 3614 (do
504 3551 645 3614 privilegiis
656 3551 745 3601 Oarolo
756 3551 887 3614 concessis)
896 3550 1028 3601 confictam
1035 3549 1128 3599 s‘idcri:
1141 3564 1201 3599 nam
1211 3548 1366 3612 sigebertus,

329 3631 374 3693 qui
391 3632 488 3695 primus
503 3631 574 3681 illam
591 3631 723 3682 mandavit
739 3631 828 3692 literis,
845 3632 965 3680 trecentis
981 3631 1082 3680 circiter
1098 3631 1171 3680 annis
1183 3630 1307 3692 posterior
1317 3630 1367 3679 init

331 3712 551 3777 Garoias-[Bell.
562 3713 637 3777 Apol.
649 3727 696 3776 pro
708 3711 793 3776 Resp]
807 3727 831 3776 p.
839 3715 878 3763 60.
896 3712 967 3777 [Op.,
983 3716 1045 3763 tom.
1057 3713 1100 3761 vii.
1112 3712 1159 3762 col.
1172 3712 1226 3763 738.
1238 3710 1282 3775 Α.]

102 3852 176 3919 [Hm
187 3852 219 3906 <10
308 3835 401 3898 Nihil
416 3856 455 3898 cx
469 3835 603 3898 veritate
618 3834 709 3914 lucri,
727 3836 849 3899 Itomae.
891 3836 1015 3913 Restat,
1032 3857 1099 3899 non
1114 3843 1152 3898 ut
1166 3856 1241 3899 vera
1254 3855 1297 3898 ne
1313 3836 1364 3914 sit,

103 3920 184 3970 Μ·
194 3984 252 4035 Hi*
265 3936 322 4000 sed
335 3944 373 4000 ut
388 3936 531 4018 conficta,
547 3959 607 4000 aaa
629 3958 704 3999 vera
725 3938 879 4015 videatur,
896 3944 992 4020 atque
1014 3938 1067 4001 hic
1082 3939 1200 4001 iterum
1216 3939 1365 4020 caeparia-

100 4048 227 4099 torianon
264 4047 317 4104 tar
341 4040 520 4104 Cardinalis
551 4046 560 4076 ‘
571 4041 692 4104 aidert’
722 4061 791 4104 suo.
837 4041 1017 4123 Sipebertas
1045 4042 1082 4103 ia
1102 4041 1241 4121 priarrrm
1264 4041 1366 4102 literis

100 4114 226 4179 mm]
263 4144 434 4207 mandavit.
478 4143 513 4206 Is
534 4150 637 4207 autem
663 4144 810 4206 trecentis
832 4145 923 4205 aaa&
942 4144 1052 4206 Coreto
1072 4145 1240 4223 posterior.
1285 4143 1365 4206 Non

296 4374 306 4398 ¹
338 4365 403 4415 Vide
422 4365 486 4415 Plat.
508 4365 536 4414 in
556 4364 610 4415 vit
632 4365 705 4429 Grcg.
720 4365 790 4425 vll,
866 4365 974 4429 ·[Vide
998 4364 1060 4414 Bell.
1084 4366 1193 4427 Rccogn.
1219 4380 1260 4428 pp.
1282 4368 1306 4414 2.
1327 4365 1364 4424 li,

262 4428 292 4479 lu
327 4431 373 4480 itis
384 4430 457 4480 Pont.
474 4445 498 4494 p.
512 4430 580 4493 lte]
834 4434 856 4480 5.
868 4430 936 4493 lto,
949 4433 986 4479 ll.
997 4430 1065 4489 F.G.,
1078 4430 1109 4479 ad
1122 4431 1178 4479 init
1192 4430 1248 4494 Op,
1260 4434 1320 4479 tom.
1330 4431 1363 4493 i]
