2910 4926
271 270 338 334 854
591 284 635 334 au
656 283 849 334 marmana
869 283 1070 335 amamur

271 441 419 509 diaeta
432 442 491 506 tua
505 461 526 506 a
543 442 743 526 Presbyter-ia
761 442 911 507 Ireaoeiss:
937 462 1017 527 quoa
1031 462 1107 507 eum
1119 439 1294 506 traditione
1307 458 1378 518 aua,

273 544 416 629 explodit
431 543 528 609 Pater
542 541 701 629 viegah:
723 549 762 608 ut
781 542 945 609 debellata
962 542 1110 608 nondum
1133 540 1270 627 quaetio
1287 539 1377 615 hae3

275 648 332 714 aed
346 655 381 714 et
394 652 471 712 suaa
482 647 586 713 labori
599 653 711 713 noane
724 646 777 713 hie
791 647 891 712 loeus.

308 783 478 836 Ballarminua
494 820 501 834 .
517 819 524 833 .
542 819 549 834 .
564 797 688 848 numnam
705 783 774 833 dixit
790 819 797 835 .
814 820 821 834 .
837 819 846 834 .
862 782 1011 834 Paradisum
1027 783 1056 833 tn
1073 797 1131 833 aare
1147 776 1381 847 pendere-[Beli.

340 867 417 933 Apol.
426 881 473 931 pro
483 865 572 931 Respa]
583 882 609 931 p.
621 868 678 918 lta.
688 864 755 932 [Op.‚
767 869 828 916 tom.
839 866 884 916 rii.
895 866 942 916 eol.
953 866 1009 920 786·
1021 864 1062 931 0.]

322 973 459 1041 Sudabit
468 995 545 1039 vero
555 971 757 1052 cirdinalie,
770 973 798 1038 ai
808 973 987 1037 Perediam
1001 975 1088 1037 lonis
1101 972 1224 1056 quidem
1237 971 1382 1035 sublenis

276 1079 330 1157 ait,
345 1083 379 1142 et
396 1076 492 1161 aequae
513 1078 558 1141 ud
573 1077 699 1160 plebum
713 1079 792 1140 lune
807 1079 981 1160 pertiapat,
1000 1076 1029 1140 si
1048 1082 1135 1140 terra
1156 1082 1265 1138 metm
1281 1074 1381 1138 audii-

277 1183 366 1260 mior,
383 1181 409 1245 si
424 1182 509 1246 zoae
523 1181 597 1245 coelo
613 1182 789 1263 praeimus,
805 1181 833 1244 si
847 1181 893 1244 ad
905 1182 974 1245 eea
996 1181 1138 1264 confinia,
1154 1179 1232 1248 siin
1247 1177 1384 1242 editiore

275 1287 376 1371 plebe,
392 1284 420 1348 ai
433 1285 487 1348 udi
502 1285 633 1348 tenebre
654 1286 755 1363 nulle,
772 1284 800 1348 si
815 1291 936 1348 eentum
950 1285 1034 1371 mille
1049 1285 1162 1348 abdiae
1181 1283 1383 1362 milliaribus,

278 1393 373 1457 utin
402 1410 484 1469 aere,
507 1390 574 1454 imo
601 1410 697 1473 super
725 1410 831 1454 aerem
856 1390 1043 1468 investiatur,
1070 1387 1273 1472 (inveniatur,
1296 1387 1383 1467 dieo,

248 1562 251 1567 ,
279 1515 347 1559 non
362 1494 523 1576 pendeat:
544 1514 606 1558 nee
627 1492 715 1557 enim
730 1493 870 1575 pendeat
891 1494 926 1556 in
945 1513 1018 1556 aare
1038 1513 1158 1571 omnes,
1176 1491 1231 1575 qui
1251 1491 1285 1554 ia
1307 1511 1383 1554 uere

279 1597 511 1680 imminuere)
538 1596 676 1661 Sudabit
694 1595 850 1680 (inquam)
867 1604 906 1659 ut
924 1617 987 1680 quo
1005 1595 1076 1661 loeo
1090 1596 1133 1660 sit
1148 1600 1282 1658 statuat.
1302 1595 1384 1659 Non

281 1700 428 1786 quodibi
443 1699 633 1764 Paradisum
648 1705 772 1764 statuat
787 1699 978 1779 cardinalia,
996 1699 1068 1783 (nee
1081 1698 1116 1763 id
1131 1700 1201 1763 Rex
1215 1697 1308 1782 dixit)
1324 1698 1384 1762 aed

281 1803 369 1889 quod
382 1803 597 1888 perquirendo
610 1803 710 1882 audet,
721 1823 764 1866 an
771 1823 835 1885 per
848 1808 946 1866 totum
961 1809 1079 1866 terrum
1090 1800 1232 1884 diffusus,
1243 1822 1287 1865 an
1295 1802 1385 1865 υἱίνα

281 1927 429 1972 oceanum
447 1908 536 1986 sitae,
552 1929 595 1971 an
615 1928 691 1972 vero
712 1909 746 1970 ia
768 1908 834 1971 loeo
856 1907 901 1970 ad
918 1907 1042 1990 plebum
1063 1907 1160 1969 Litnoe
1178 1907 1385 1989 pertiapenta

283 2010 432 2094 denique,
449 2031 492 2073 aa
509 2012 645 2093 supersit
658 2011 741 2093 jum,
756 2032 798 2074 an
813 2032 888 2075 vero
902 2010 1014 2074 dienati
1027 2012 1118 2093 apriis
1130 2008 1293 2092 perierit&
1337 2011 1385 2074 Et

283 2114 423 2197 quidem,
437 2113 492 2198 qui
506 2134 546 2178 eo
556 2114 621 2178 situ
634 2120 771 2198 ponunt,
782 2115 855 2179 ideo
865 2119 1002 2199 ponunt,
1013 2121 1086 2177 tum
1099 2120 1137 2177 ut
1152 2113 1273 2177 evitent
1284 2134 1387 2197 aqims

282 2217 396 2293 diluvii
414 2218 517 2302 (aquae
538 2218 626 2282 enim
646 2219 754 2282 eoelum
767 2238 835 2282 non
855 2218 992 2300 intrant)
1010 2225 1092 2296 tum,
1107 2223 1146 2280 ut
1163 2216 1249 2281 bona
1263 2216 1304 2280 sit
1320 2216 1387 2280 loci

282 2320 449 2401 habitudo,
460 2341 503 2385 ne
517 2340 648 2386 neeesse
663 2321 704 2384 ait
719 2321 854 2385 Enouho
864 2319 915 2384 vel
929 2321 1010 2385 Eliae
1023 2320 1188 2384 interdum
1202 2319 1315 2385 morbo
1330 2319 1388 2384 de-

282 2424 444 2489 cumbere.
488 2424 629 2489 Videtm·
653 2431 773 2503 autem,
800 2423 841 2487 ad
864 2423 1044 2488 cardinalis
1068 2423 1279 2508 propositum,
1302 2423 1389 2487 situs

282 2528 344 2593 iste
358 2549 459 2611 prope
478 2529 593 2606 lunum,
607 2528 704 2611 longe
722 2527 1013 2593 commodissimus.
1059 2527 1113 2591 Sic
1132 2528 1229 2606 euim,
1246 2527 1387 2592 salubria

283 2632 344 2696 erit
358 2632 457 2709 iocus,
476 2630 545 2713 (ubi
560 2630 697 2694 salubria
714 2637 841 2708 aerest,
857 2653 923 2695 non
937 2630 1097 2711 turbidus,
1112 2652 1187 2695 cum
1201 2653 1332 2715 vapores
1348 2653 1389 2696 eo

283 2756 350 2799 non
365 2733 551 2812 ascendant,
566 2754 657 2797 nece
672 2734 746 2798 solis
761 2734 858 2797 radiis
873 2734 999 2798 reflexis
1013 2734 1219 2818 intemperies
1234 2735 1313 2818 ulla)
1329 2735 1388 2799 aed

284 2837 421 2903 cessabit
437 2838 521 2901 aetio
534 2837 640 2902 omnis
655 2838 903 2902 contrarietatis.
937 2840 991 2902 Sic
1006 2846 1038 2902 et
1054 2861 1203 2903 securas:
1224 2839 1388 2903 Immunis

285 2944 372 3007 enim
387 2942 432 3007 sic
447 2943 509 3007 erit
524 2965 543 3007 a
557 2943 678 3008 diluvio
692 2943 866 3026 paradisus,
879 2964 899 3006 a
914 2964 977 3026 quo
992 2944 1110 3027 alioqui
1121 2944 1213 3008 valde
1226 2944 1389 3028 periclita-

285 3054 358 3112 tur:
380 3047 474 3125 ium,
489 3045 629 3130 paradisi
652 3047 822 3109 amoenitaa
839 3046 943 3110 omnis
964 3067 1007 3110 ne
1021 3046 1269 3111 exterminetur:
1292 3048 1388 3127 ium,

284 3148 351 3212 vita
365 3149 463 3213 etiam
483 3149 631 3233 salusque
645 3149 772 3213 anochi
793 3171 835 3213 ne
857 3150 948 3233 aquus
968 3149 1174 3233 praefoeetur:
1197 3151 1290 3230 inm,
1306 3172 1390 3214 rom-

280 3254 366 3334 phea
388 3274 515 3337 quoque
540 3254 631 3335 ipraea
652 3275 695 3316 ne
719 3253 937 3336 extinguatur.
981 3254 1132 3332 Tantum,
1155 3275 1198 3318 ne
1219 3254 1254 3317 in
1275 3260 1391 3319 monte

284 3357 352 3421 ullo
374 3365 505 3436 statuat,
521 3378 563 3421 ne
586 3357 742 3421 altissimo
762 3357 903 3440 quidem.
952 3358 1133 3430 Quindecim
1154 3360 1241 3422 enim
1264 3359 1390 3438 auidis,

284 3462 454 3540 minimum,
480 3462 580 3543 operti
603 3468 668 3524 tum
697 3467 769 3524 aaut
793 3461 883 3543 aquis
908 3480 1012 3524 omnes
1040 3468 1166 3540 montes,
1193 3462 1393 3543 quammnvia

286 3566 410 3643 eecelsi,
420 3565 476 3628 aab
490 3566 635 3629 aniverso
645 3567 731 3628 coelo.
763 3566 810 3629 Ut
824 3570 956 3648 praestet
970 3564 1065 3644 forte,
1072 3567 1243 3647 pendulum
1256 3567 1291 3628 ia
1305 3586 1391 3644 aere,

287 3689 383 3751 quam
396 3669 566 3732 demersum
577 3668 612 3731 ia
624 3669 713 3750 aquis
725 3688 865 3752 quaerere
878 3668 1077 3733 Paradisum.
1108 3669 1207 3748 Nam,
1217 3675 1255 3732 ut
1267 3673 1394 3734 ‘omnes

285 3777 404 3833 montes
421 3772 522 3852 operti
536 3771 626 3833 auat'
643 3771 874 3854 interpretetur
894 3771 942 3834 ita
962 3772 1044 3854 quis,
1059 3793 1122 3835 non
1143 3793 1247 3835 omnes
1259 3778 1392 3855 nentes,

285 3872 465 3937 violentum
479 3873 514 3937 id
527 3873 624 3938 nimis
639 3874 775 3938 videtur.
822 3875 918 3940 Quod
939 3875 1026 3939 enim
1044 3875 1177 3959 opponit
1199 3875 1391 3957 cardinalis,

289 3976 563 4059 (Omaesdomines
575 3982 712 4040 mortum
728 3978 803 4060 tum)
819 3976 876 4041 ubi
893 3979 1094 4063 Scripturam
1111 3987 1219 4043 tamen
1232 3979 1393 4045 habemus

289 4080 489 4161 (translatum
510 4100 575 4144 esse
596 4101 690 4144 unum
711 4079 888 4161 hominem,
904 4082 1255 4165 uaticinantium)
1285 4090 1319 4146 at
1336 4083 1394 4148 iile

319 4278 331 4310 ί
362 4267 426 4319 Vide
437 4282 520 4332 supra,
537 4282 562 4331 p.
574 4268 629 4318 348.
647 4270 700 4318 not.
712 4267 740 4333 ².]
859 4268 1017 4384 miniageap.
1026 4269 1064 4319 xii
1084 4268 1139 4333 Op,
1147 4269 1249 4320 tamir.
1261 4269 1393 4336 pp.11.G.

319 4333 331 4365 ¹
365 4333 429 4384 Bias.
446 4333 478 4384 de
490 4332 563 4396 Vieg.
576 4333 605 4383 in
618 4333 697 4395 Apus.
716 4348 769 4399 esp.
779 4333 813 4383 xi.
858 4336 931 4384 -1a
967 4334 986 4398 .]

288 4399 429 4451 Commeat.
442 4402 464 4449 5.
476 4403 569 4448 sectr.
581 4399 684 4463 pita]
891 4398 902 4431 '¹
921 4398 996 4464 [Bell.
1018 4398 1049 4450 de
1072 4399 1142 4451 (irat.
1167 4399 1245 4464 primi
1262 4397 1394 4457 Homiuia

319 4463 326 4497 ¹
343 4464 422 4530 [Vide
439 4462 513 4527 Bali]
533 4463 572 4515 De
589 4462 659 4514 (irat.
671 4463 747 4528 primi
765 4461 815 4513 Ha
858 4479 912 4528 etp.
924 4465 975 4515 xiv.
989 4465 1044 4530 Op,
1056 4465 1162 4516 tamir.
1175 4480 1199 4530 p.
1213 4467 1251 4516 13.
1263 4462 1310 4531 Δ.]
