2910 4926
116 1356 171 1469 qu

279 274 345 336 430
592 287 634 334 ιιι
655 285 846 336 craummrs
868 285 1067 334 armanum

219 496 221 499 .
280 442 430 507 contulit.
477 442 641 525 Quicquid
661 441 708 504 illi
732 442 909 525 potestatis,
927 441 1112 507 immediate
1135 440 1176 505 ab
1199 442 1275 524 Ipso
1300 441 1385 505 Deo.

173 572 175 576 ¹
280 548 359 611 Non
374 547 461 610 enim
471 547 561 610 Deus
576 545 743 610 collectivo
759 545 888 609 Israelis
904 545 1028 628 corpori
1043 550 1235 628 potestatem
1250 544 1386 624 indidit,

281 672 388 733 quam,
412 650 448 712 in
470 649 590 713 Mosen
612 655 694 731 post,
715 647 818 713 Israel
840 648 1016 712 transtulit.
1062 648 1152 712 Deus
1171 647 1239 731 ipse
1263 649 1387 712 Mosen

280 753 388 837 elegit,
419 751 522 816 electo
551 759 745 835 potestatem
771 751 870 830 dedit,
895 772 992 834 quam
1023 750 1134 815 Moses
1160 751 1267 815 losuae
1299 760 1384 835 post,

283 855 526 938 iudicibusque,
542 855 674 921 demum
691 854 834 919 Samueli
846 854 1035 921 transmisit.

312 990 347 1040 at
359 989 462 1054 quidem
473 990 579 1039 cadente
590 994 656 1040 sorte
665 1004 740 1053 super
755 989 864 1049 Saulem,
876 990 952 1038 multi
963 987 994 1039 de
1006 988 1099 1053 populo
1110 988 1290 1049 clamaverunt,
1304 988 1385 1040 Vivat

346 1071 408 1131 Rex,
420 1071 484 1135 (sad)
496 1071 573 1120 multi
589 1072 666 1121 etiam
684 1074 830 1120 recusarunt
847 1071 988 1120 consentire
1003 1071 1032 1119 in
1047 1084 1103 1121 scm
1114 1070 1384 1136 electionum-[Bell.

345 1154 420 1218 Apol
433 1168 479 1218 pro
490 1153 574 1218 Resp]
586 1170 610 1218 p.
623 1153 679 1206 175.
696 1153 763 1218 [Op.‚
775 1156 837 1202 tom.
847 1154 892 1203 rii.
904 1153 949 1203 col.
961 1155 1017 1204 803.
1028 1151 1072 1216 Δ.]

159 1248 222 1311 311
324 1253 432 1318 Nimis
442 1275 518 1318 vero
533 1253 685 1320 audacter
697 1253 787 1332 illud,
801 1253 938 1317 Came
950 1259 1034 1317 sorte
1043 1254 1281 1335 supersectam,
1291 1257 1386 1318 malti

143 1422 152 1470 i
153 1359 249 1484 vg?
281 1358 320 1421 de
336 1359 453 1440 populo
468 1359 689 1435 clamaverunt,
711 1358 803 1420 Wuat
814 1358 893 1436 Rea,
909 1359 966 1421 sed
978 1359 1069 1420 multi
1083 1359 1177 1421 etiam
1197 1367 1385 1422 recesserunt

280 1463 453 1526 consectae
466 1463 501 1524 ia
515 1482 583 1525 eom
597 1462 782 1524 electionem·
829 1462 929 1528 Quasi
944 1461 1043 1525 dubia
1063 1467 1135 1524 tum
1150 1461 1305 1545 penderet
1320 1484 1384 1541 res,

225 1638 252 1645 ..
279 1572 314 1629 et
327 1566 417 1649 paria
429 1565 583 1648 utrinque
605 1564 764 1647 suffragia.
810 1565 857 1629 At
878 1565 999 1648 inspice
1021 1565 1120 1629 etiam
1139 1564 1246 1629 locum
1261 1565 1383 1631 denuo.

279 1669 415 1734 Videbis
432 1669 527 1752 longe
549 1689 639 1733 secus
660 1688 695 1731 se
715 1667 835 1732 habere
856 1689 933 1732 rem
982 1668 1035 1732 Sic
1055 1668 1143 1733 enim
1157 1668 1285 1752 legitur,
1306 1670 1385 1733 Cum

280 1773 411 1836 divisset
426 1773 554 1836 Samuel
572 1772 616 1834 ad
634 1791 752 1834 amaon
763 1773 921 1852 populum,
941 1772 1031 1834 Certe
1049 1771 1170 1849 videtis,
1186 1791 1275 1852 quem
1290 1774 1384 1855 clepit

280 1878 442 1954 Dominus,
467 1883 497 1939 et
517 1877 721 1939 cmciamaoit
746 1877 845 1938 amuis
867 1877 1011 1957 populus,
1039 1882 1070 1938 et
1095 1877 1151 1953 ait,
1172 1876 1264 1938 Wcat
1278 1877 1383 1941 Reae

284 1981 392 2043 Omnis
400 1981 544 2062 papatus,
565 1980 644 2063 (ait)
663 2001 731 2043 non
746 1981 846 2043 malti.
896 1980 1016 2058 Omnes,
1041 1979 1085 2061 (id
1101 1979 1171 2061 est)
1191 2001 1252 2042 noa
1267 2001 1382 2059 omues,

279 2085 336 2146 sed
359 2084 458 2161 multi,
486 2082 532 2146 ait
555 2082 745 2148 cardinalis.
790 2083 928 2164 Nempe,
953 2087 992 2144 ιιι
1016 2081 1056 2144 de
1079 2082 1186 2146 Calice
1209 2082 1244 2145 in
1267 2083 1382 2163 Coeua,

280 2189 385 2251 Bidite
406 2209 445 2251 eu
463 2209 497 2251 co
517 2208 629 2266 omues,
653 2187 762 2265 idest,
779 2185 883 2248 Bidite
904 2206 944 2248 eu
965 2206 1000 2249 eo
1023 2187 1160 2268 aliquot:
1184 2207 1245 2248 aon
1267 2207 1382 2266 omues,

280 2292 449 2355 nonenim
465 2291 564 2356 Laici.
612 2290 799 2355 Sacerdotes
820 2289 926 2367 multi,
951 2311 993 2353 an
1016 2290 1119 2374 pauci,
1146 2311 1189 2353 an
1212 2290 1262 2354 vel
1284 2313 1381 2368 unus,

280 2395 384 2458 Bibite
399 2415 520 2468 omaes;
544 2393 634 2457 Laici
648 2415 733 2471 vero,
749 2393 854 2457 Bibite
868 2394 956 2455 ualli.
1005 2395 1113 2456 Omnis
1126 2414 1201 2457 vero
1216 2394 1270 2457 bic
1278 2415 1381 2475 popu-

279 2500 327 2560 las
342 2500 554 2575 conclamauit,
570 2520 635 2560 non
650 2498 739 2559 multi
754 2498 791 2559 de
806 2497 930 2579 populo.
977 2497 1030 2559 Illi
1045 2518 1120 2560 vero
1134 2498 1169 2559 in
1184 2497 1297 2579 Capite
1313 2499 1379 2576 illo,

284 2604 350 2684 (aee
365 2604 454 2665 aautti
468 2603 503 2663 in
522 2606 674 2664 contextu
689 2601 768 2682 ipso,
785 2621 840 2662 nec
855 2602 963 2680 paam,
980 2600 1036 2663 sed
1051 2600 1231 2682 quicunque
1245 2601 1380 2664 tandem

279 2704 328 2766 vel
358 2704 571 2785 quotcunque)
596 2702 661 2782 filii
684 2704 790 2764 Belial
818 2710 920 2781 erant,
952 2704 1007 2786 qui
1030 2703 1190 2781 dixerunt,
1217 2705 1383 2786 Numquid

278 2809 401 2869 salvare
416 2827 471 2868 uos
480 2807 599 2887 poterit
614 2804 715 2867 ureb?
741 2805 796 2868 sed
811 2805 895 2887 quod
910 2807 1085 2868 recurrerint
1099 2808 1239 2868 electioni
1255 2827 1381 2870 cousen-

280 2911 349 2987 tire,
380 2910 414 2972 id
441 2930 479 2971 ex
502 2910 609 2990 yiossa
642 2908 822 2971 cardinalis
852 2915 911 2986 est,
941 2930 1001 2972 nec
1030 2910 1168 2973 babetur
1201 2910 1236 2972 in
1270 2911 1380 2974 Testa.

280 3013 473 3094 Quanquam
485 3011 561 3094 quid
577 3011 674 3075 refert
689 3011 737 3072 illi
752 3011 830 3093 quid
844 3013 989 3090 fecerint,
1007 3012 1072 3094 (qui
1081 3012 1146 3093 filii
1157 3014 1263 3074 Belial
1276 3021 1380 3092 erant,

278 3123 312 3179 et
334 3118 378 3178 ad
395 3117 514 3197 Capitis
528 3137 653 3197 prauam
665 3121 739 3196 post
762 3117 904 3197 quesiti)
930 3138 1002 3178 cum
1023 3118 1121 3178 omnis
1138 3119 1273 3198 popalus
1290 3118 1381 3180 Saul'

278 3222 490 3298 acclamasset,
512 3221 605 3282 Vivat
626 3220 723 3281 Rea?
771 3220 868 3282 Cassa
890 3241 967 3303 ergo
987 3222 1033 3303 (ut
1054 3220 1189 3302 videtur)
1216 3221 1380 3285 Cardinuli

278 3323 392 3388 electio
407 3324 470 3387 Dei
493 3323 532 3385 de
555 3324 659 3400 Saule,
677 3344 715 3385 cr
740 3322 867 3386 defectu
888 3325 1043 3386 unanimis
1066 3345 1229 3386 consumis
1248 3327 1281 3386 ia
1296 3325 1381 3387 Mis·

272 3427 340 3505 plra
352 3453 362 3497 ;
386 3425 531 3488 necuim
553 3447 644 3487 suam
664 3425 752 3506 prius
776 3435 928 3503 assecuta,
945 3447 1039 3508 quam
1063 3427 1196 3508 populus
1217 3428 1250 3488 in
1272 3428 1380 3511 Gilgal

279 3529 432 3610 suffragio
461 3550 517 3590 suo
548 3528 689 3593 divinam
723 3529 911 3591 electionem
942 3537 1046 3592 ratam
1076 3530 1251 3593 habuisset.
1309 3531 1380 3595 lmo

278 3639 405 3713 peracta
416 3633 483 3714 jam
501 3632 599 3694 semel
614 3632 769 3695 electione
783 3632 936 3715 legitima,
950 3634 1050 3696 altera
1065 3633 1147 3696 nihil
1163 3655 1250 3716 opus.
1299 3635 1380 3700 Quae

277 3756 351 3797 vero
366 3743 438 3816 post
453 3735 488 3796 in
506 3735 613 3817 Gilgal
624 3735 697 3813 suit,
714 3735 918 3819 inauguratio
934 3737 1083 3815 solennis,
1100 3739 1256 3799 inpetratio
1273 3738 1379 3820 Regni

277 3836 339 3898 fuit
359 3837 812 3922 (utloquituribiSamuc10),
829 3862 885 3904 seu
905 3842 952 3922 (ut
967 3842 1037 3921 nos)
1058 3841 1239 3904 declaratio.
1286 3842 1380 3904 Nihil

277 3939 323 4003 ibi
338 3941 379 4003 ad
399 3941 514 4005 Tribus
535 3941 681 4019 relatum,
698 3943 822 4005 nullum
838 3945 1046 4027 suffragium
1072 3945 1227 4008 Obtrudit
1250 3945 1380 4008 Lectori

278 4044 333 4107 illa
348 4065 415 4121 sua,
431 4047 571 4106 unanimi
586 4067 733 4108 consensu
748 4049 861 4110 electris
877 4055 932 4126 est,
948 4048 1011 4111 fide
1027 4071 1092 4112 non
1109 4047 1202 4111 bona.

311 4163 360 4212 Sed
380 4165 455 4227 paulo
472 4170 529 4227 post
543 4200 549 4213 .
563 4201 586 4213 ..
605 4167 719 4214 unanimi
737 4182 857 4216 consensu
875 4168 969 4218 electus
989 4168 1045 4227 suit,
1062 4171 1091 4216 ut
1108 4167 1221 4217 habetur.
1244 4169 1256 4215 1
1271 4168 1332 4231 Reg.
1346 4171 1379 4218 xi.

344 4248 349 4268 ¹
360 4244 486 4292 Perrexit.
499 4280 504 4291 .
518 4280 523 4291 .
537 4244 619 4292 omnis
630 4245 744 4307 populus,
753 4251 778 4295 et
789 4247 901 4296 fecerunt
913 4248 949 4296 ibi
960 4247 1054 4309 Regem
1064 4246 1123 4295 Saul
1135 4262 1218 4296 coram
1227 4248 1341 4297 Domino
1354 4249 1381 4297 in

661 4363 988 4373 -.r-—.---—-.-.--—

310 4432 320 4452 ¹
340 4427 349 4472 l
364 4423 430 4471 Sam.
444 4424 489 4486 [al.
502 4422 573 4486 Rea]
586 4438 609 4471 x.
623 4424 661 4471 24.
884 4436 892 4456 ²
913 4429 938 4489 [1
953 4427 1020 4478 Sam.
1035 4429 1075 4490 (al.
1089 4429 1159 4493 Reg.)
1174 4431 1208 4478 xi.
1223 4431 1277 4493 lt]

310 4486 321 4517 ι
340 4487 430 4551 [Ibid]
444 4502 496 4551 cap.
508 4503 532 4535 x.
545 4503 594 4537 ver.
605 4488 642 4538 17.
657 4488 714 4551 [leg.
728 4489 778 4550 ιι]
