2910 4926
459 289 640 339 anonoouu
662 290 842 340 umacusro.
965 293 967 296 ’
1141 280 1202 341 401

104 443 214 526 possit,
241 449 357 526 praeter
386 464 479 506 usum
508 444 543 507 in
573 464 610 509 eo
638 445 789 528 loquitur,
813 465 910 529 penes
939 466 1033 528 quem
1063 448 1206 529 loquendi

105 556 242 610 norma&
289 545 399 610 Habet
409 548 530 631 justam
546 548 782 612 venerationem
797 547 947 632 quicquid
962 549 1096 614 excellit.
1142 551 1205 615 Sed

104 649 270 713 eccuinam
284 650 467 713 mortalium
483 650 652 714 adhibetur
662 651 730 736 jam
744 651 899 714 odorandi
913 672 982 730 vox,
994 659 1205 736 praeterquam

105 751 253 833 Pontifici
268 753 350 817 soli?
372 753 562 835 Aaffltatoae,
574 754 624 817 vel
641 754 718 836 Reae
732 754 890 837 cuiquam,
903 754 958 836 qui
972 753 1082 818 vicarii
1095 763 1206 819 tamen

105 854 168 918 Dei
182 855 281 918 sunt?
328 854 392 919 Sed
406 855 544 919 ulliusne
558 855 697 920 hominis
710 856 815 921 honor
831 878 869 921 ea
883 877 959 921 voce
978 857 1205 942 intelligendus

105 957 216 1021 venit?
240 957 334 1021 Solus
345 958 432 1040 Papa
443 958 605 1037 adoratur,
618 958 703 1022 solus
714 960 908 1023 adorationis
920 967 952 1022 et
963 960 1062 1039 cultu,
1075 967 1108 1024 et
1119 981 1204 1038 voce,

104 1080 200 1141 supra
220 1060 404 1124 mortalium
428 1068 546 1125 sortem
570 1062 720 1139 effertur;
744 1062 859 1145 quibus
880 1061 1107 1147 (praeterquam
1130 1062 1205 1126 huie

104 1161 174 1244 soli)
197 1169 332 1246 augusta
353 1164 450 1227 nimis
471 1164 626 1227 adorandi
648 1164 730 1228 Vox.
776 1163 899 1232 Quodsi
919 1164 953 1227 id
973 1172 1102 1227 tautum
1121 1164 1205 1228 face·

103 1263 191 1343 retis,
212 1266 307 1349 (quod
329 1266 446 1330 dicitur
468 1269 637 1350 veneram),
661 1267 689 1330 si
707 1268 915 1330 venerationis
931 1288 993 1331 vox
1012 1267 1101 1332 vobis
1123 1267 1205 1332 foret

104 1367 190 1446 satis,
207 1389 245 1432 ea
259 1370 412 1447 contenti,
428 1391 494 1433 non
508 1370 606 1448 illam,
623 1391 693 1453 quaa
707 1372 767 1434 soli
787 1371 855 1454 jam
870 1371 937 1433 Deo
952 1370 1102 1453 loquendi
1116 1391 1204 1434 more

103 1470 209 1534 dicata
224 1479 281 1549 est,
296 1472 331 1535 in
345 1473 480 1555 gratiam
497 1474 662 1537 Pontifieis
676 1474 781 1552 vestri,
795 1474 842 1538 ita
857 1473 945 1537 avide
959 1472 1160 1538 invaderetis.

136 1609 165 1658 Si
175 1610 287 1659 ostendit
297 1609 351 1676 [leq.
364 1609 490 1675 ostendet]
505 1610 559 1660 Rex
574 1610 724 1660 sacrificium
742 1610 862 1660 Pontifici
878 1647 883 1659 .
896 1646 902 1659 .
914 1647 920 1660 .
934 1611 1070 1674 aliquando
1083 1611 1204 1670 oblatum,

167 1694 213 1741 aut
223 1706 278 1741 aras
288 1695 383 1741 erectas
392 1695 437 1742 aut
447 1692 543 1756 templa
552 1691 694 1758 [dc]dicata,
703 1691 757 1756 [aut
768 1691 913 1742 Sacerdotes
923 1691 1067 1755 institutos]
1077 1727 1084 1741 .
1096 1728 1102 1742 .
1114 1728 1121 1741 .
1132 1696 1204 1741 .tum

169 1807 175 1820 .
187 1809 193 1821 .
206 1808 212 1821 .
224 1772 384 1823 concedimus
402 1772 456 1838 [leq.
469 1772 642 1836 concedamus]
654 1807 661 1821 .
674 1809 681 1822 .
692 1809 698 1822 .
710 1773 809 1823 adorari
820 1777 849 1822 ut
860 1772 1061 1837 Deum-[Bell.
1073 1773 1148 1838 Apol.
1159 1789 1205 1836 pro

169 1852 258 1916 Resu]
271 1867 295 1916 p.
309 1855 364 1902 160.
380 1852 447 1918 [Op.,
458 1857 521 1904 tom.
530 1853 575 1903 rii.
592 1853 638 1903 coi
650 1853 707 1906 794.
719 1853 745 1903 C.
758 1853 804 1918 Ι).]

148 1951 230 2029 Quae
254 1974 329 2017 vero
350 1952 417 2016 lata
440 1952 518 2017 adeo
540 1960 588 2017 est
614 1954 768 2032 odwatio,
791 1961 829 2016 ut
852 1955 975 2036 Papum
997 1954 1139 2037 recipiat,
1164 1952 1204 2016 ad
1217 1972 1266 2037 [oc
1276 1972 1359 2023 adora

104 2055 204 2117 Deum
223 2055 292 2140 jam
315 2063 404 2120 areta
427 2062 485 2134 est,
506 2056 558 2119 eui
577 2056 629 2119 vix
652 2057 718 2120 ulla
737 2063 888 2141 superest,
908 2064 1024 2153 praeter
1048 2039 1365 2164 samfldidddiificu]

103 2157 186 2221 forte
201 2157 364 2236 honorem,
380 2165 414 2222 et
428 2179 499 2242 quae
518 2157 559 2221 ad
575 2159 772 2223 Sacrificium
791 2159 1014 2242 requiruntur:
1038 2166 1075 2222 ut
1089 2164 1204 2242 praeter

102 2258 188 2323 istud
207 2261 275 2323 Deo
299 2266 332 2324 et
351 2262 449 2343 Papa
469 2261 651 2326 communia
671 2261 736 2325 sint
757 2261 874 2326 omnia.
929 2263 1027 2344 Papa
1049 2282 1120 2325 vero
1143 2283 1205 2324 aon
1258 2267 1323 2330 290

103 2361 323 2444 saenficatar:
351 2385 393 2427 ne
419 2365 512 2428 Cruci
535 2363 674 2448 quidem,
698 2364 750 2429 cui
772 2372 883 2428 tamen
907 2364 1027 2427 Latrioe
1049 2364 1204 2428 honorem

104 2464 253 2530 desertius
259 2490 269 2544 ς
295 2465 351 2530 sed
372 2487 476 2550 neque
489 2467 710 2546 Eucharistiae,
726 2468 779 2532 cui
799 2468 904 2530 Missa
925 2488 995 2543 non*
1014 2467 1052 2530 fit
1076 2467 1130 2551 (ne
1153 2465 1203 2530 bis

103 2568 185 2650 fiat),
214 2576 252 2632 ut
281 2590 353 2653 quae
378 2590 435 2653 per
459 2571 594 2633 Missam
618 2571 684 2634 fiat.
741 2570 933 2653 Quanquam
962 2570 1125 2635 restrinxit
1149 2569 1203 2633 hic

103 2670 241 2735 nimium
256 2671 442 2736 cardinalis.
474 2672 620 2736 Adorare
630 2673 718 2737 enim
731 2673 890 2757 contingit
904 2672 1017 2755 absque
1030 2673 1203 2755 aamflcio:

102 2780 140 2836 ut
155 2772 320 2837 Abraham
341 2780 406 2838 tres
426 2775 563 2858 Aayeloa
582 2776 764 2840 adorauitss:
797 2775 991 2859 Magdalena
1015 2775 1172 2838 Christum
1180 2773 1204 2852 ¹¹,

105 2877 327 2961 (neutrobique
346 2877 454 2942 oblata
468 2879 596 2964 hostia)
613 2887 646 2944 et
661 2879 683 2943 J
684 2900 806 2944 oannes
820 2879 972 2961 Amyclam
992 2876 1152 2942 αιῖοναυὶίἰ
1172 2885 1206 2941 et

102 2999 141 3042 ue
155 2980 304 3046 adoraret
317 2982 430 3045 vetitus
444 2988 500 3061 eet,
516 3003 590 3047 cum
602 2981 791 3064 sacraficium
805 2989 915 3045 tamen
929 2982 1054 3045 nullum
1070 2981 1099 3045 ei
1114 2982 1205 3045 ador-

103 3090 205 3147 naret.
250 3084 378 3167 Quique
400 3084 485 3169 apud
503 3107 558 3149 vos
578 3084 730 3169 quotidie,
747 3105 880 3167 quaeque
899 3090 1115 3147 consecratam
1135 3085 1205 3145 Isos-
1323 3106 1330 3115 ·

102 3187 183 3247 uam
198 3186 342 3266 odorant,
358 3187 385 3250 si
404 3208 514 3251 omnes
533 3186 715 3269 saenflcant
732 3187 772 3266 ei,
787 3207 839 3250 nae
861 3187 1064 3249 Sacerdotem
1082 3185 1204 3249 affatim

105 3287 189 3371 apud
202 3310 258 3352 vos
272 3295 329 3368 est.
376 3289 440 3353 Sed
454 3311 558 3373 neque
573 3289 613 3353 ad
624 3290 837 3352 adorationem
851 3298 1014 3352 externam
1028 3288 1204 3353 necessario

103 3389 310 3471 requiruntur
328 3390 414 3456 hoee:
438 3397 471 3454 et
490 3392 576 3455 Deua
593 3392 644 3455 vel
667 3391 736 3455 sine
758 3391 809 3455 his
825 3390 974 3455 omnibus
993 3390 1155 3468 adoratur,
1172 3401 1205 3453 et

105 3491 253 3574 Pontifee
274 3514 348 3557 cum
373 3495 421 3577 (ut
437 3495 664 3560 Caeremonialc
685 3493 839 3578 loquitur)
861 3493 971 3558 sedere
992 3514 1067 3561 eum
1081 3493 1204 3557 faciunt

104 3615 199 3678 super
216 3596 338 3675 Altare,
361 3604 398 3660 ut
421 3598 570 3661 oderent.-
594 3605 627 3661 et
648 3597 777 3682 quidem
797 3596 846 3661 bis
869 3596 987 3676 sedere,
1002 3597 1038 3660 in
1059 3597 1204 3659 conclavi

104 3696 231 3777 semelk,
240 3699 358 3763 iterum
368 3700 403 3763 in
412 3700 556 3765 Ecclesia
569 3702 603 3765 S.
614 3699 728 3781 Petro,
737 3722 851 3785 parum
862 3699 952 3764 abest
967 3699 1007 3764 ab
1022 3701 1205 3763 adoratione

104 3801 175 3879 Dei,
190 3822 303 3885 parurn
324 3802 363 3867 ab
378 3804 514 3885 Hostia
524 3826 595 3887 quae
609 3805 659 3869 vel
675 3805 710 3868 in
725 3805 805 3884 Ara,
821 3788 872 3868 vel
888 3825 1046 3887 nusquam
1069 3804 1222 3867 adoran-'

104 3910 166 3967 tur.
211 3906 283 3969 Nec
302 3907 408 3971 minor
421 3915 470 3970 est
484 3908 569 3986 Arae,
584 3909 633 3972 vel
652 3909 768 3990 Terapli
785 3907 964 3986 nooessitaq
979 3928 1075 3990 quam
1096 3908 1203 3987 Sacri-
1313 3950 1359 3965 ...

96 4006 178 4085 ficii.
223 4007 294 4070 Etsi
314 4015 421 4071 autem
440 4008 500 4093 ipsi
524 4011 594 4074 Ara
613 4031 680 4075 non
700 3996 931 4088 constituatur3
954 4009 1118 4073 tamenin
1132 4011 1203 4071 Ara

104 4106 171 4190 ipsc
185 4109 401 4191 constituitur,
418 4132 488 4194 quae
503 4113 574 4176 Deo
592 4113 652 4196 (uti
666 4112 737 4195 scit)
755 4113 930 4176 constituta
944 4119 1001 4175 est.

120 4327 121 4330 ,
138 4275 148 4297 ’
164 4275 265 4403 {Horat
276 4278 355 4341 Epist.
367 4280 400 4330 ad
413 4280 461 4329 Pis.
473 4280 518 4329 lin.
532 4281 582 4344 ta]
710 4280 717 4313 ¹
737 4281 760 4330 A
827 4282 880 4332 xix.
893 4284 932 4330 10.

138 4338 146 4369 ‘
178 4340 242 4391 Vide
253 4358 335 4405 supra,
351 4359 376 4407 p.
388 4346 442 4394 282.
460 4354 512 4394 not.
524 4345 553 4409 u]
708 4345 720 4377 ¹
737 4350 746 4410 [
796 4361 879 4396 rarum
887 4345 1025 4396 caeremon.
1034 4345 1078 4394 lib.
1087 4344 1102 4392 i.
1115 4322 1200 4393 necea

138 4413 149 4443 ⁸
167 4405 228 4453 Gen.
238 4407 308 4455 xviii.
321 4409 343 4456 2.
676 4411 717 4460 sol.
728 4413 765 4460 11.
776 4410 801 4461 b.
819 4410 909 4460 Venet
923 4409 1005 4473 1582]
1105 4457 1108 4463 ,
1131 4456 1135 4467 ,

138 4467 148 4498 ·
165 4468 250 4532 [uate
262 4471 351 4521 xxviii.
363 4472 397 4536 a]
589 4486 593 4494 ¹
709 4474 715 4505 ¹
738 4474 812 4540 [ibid.
824 4475 866 4524 ror.
879 4477 917 4524 ra.
928 4473 962 4537 ι]
1156 4469 1161 4478 ’

148 4564 391 4602 annuntias-arar.
877 4573 899 4619 1)
921 4573 943 4619 n
