2910 4926
447 300 628 350 rrouoonn
651 277 848 348 nmrousm?
1125 282 1190 346 369

91 462 164 537 post
193 453 338 533 Cantica,
369 462 402 518 et
433 455 632 540 Symbolum,
664 455 854 519 Orationem
890 450 1093 516 Dominioem
1129 472 1190 515 coc

88 561 201 639 teneat
215 556 344 640 quidem
360 559 492 637 omnine,
509 558 565 621 scd
587 558 631 621 ad
650 556 884 620 similitudinem
903 555 1065 618 Orationis
1080 554 1188 617 Domi-

88 659 166 721 nicae
194 660 293 722 eliam
327 660 394 741 ipse
430 660 627 723 Demimcom
665 659 733 741 (sed
770 659 901 724 alterius
938 678 1043 735 sexus,
1072 677 1189 741 nempe

88 760 239 841 Domine,
269 783 336 826 non
365 763 504 845 Domini)
536 768 708 845 componet,
743 761 869 826 nihilne
903 760 1078 845 peccaret?
1125 759 1190 824 Sed

87 864 218 928 tametsi
236 865 288 929 vix
307 866 424 949 (credo)
442 866 558 930 dixerit
581 866 772 945 Cerdinalia,
797 865 895 945 unde,
910 865 961 930 vel
983 864 1042 944 illi,
1057 864 1109 928 vel
1130 864 1189 929 ulli

86 974 230 1051 potestas
245 968 394 1034 Psalterii
407 969 483 1033 novi
498 968 657 1033 condendi
665 995 675 1048 3
697 977 807 1033 tamen
822 989 935 1032 novum
955 969 1018 1034 hoc
1039 988 1106 1031 non
1128 975 1188 1045 est,

88 1070 145 1134 ced
175 1071 318 1155 quisquis
346 1071 428 1136 illud
457 1078 581 1136 attente
605 1071 731 1154 legerit,
758 1077 809 1135 tot
838 1071 884 1136 ibi
907 1091 1020 1136 versus
1045 1070 1188 1154 integros

86 1182 282 1257 reperturus,
307 1175 440 1238 Domino
465 1181 596 1238 tantum
618 1175 654 1238 in
675 1175 843 1238 Dominam
871 1175 985 1239 leviter
1006 1173 1189 1252 immutato,

86 1281 216 1340 utnon
240 1283 309 1340 tam
336 1297 446 1341 necem
467 1276 645 1354 conditum,
673 1299 769 1361 quam
795 1284 889 1341 vetus
915 1285 1115 1360 corruptum,
1139 1275 1189 1340 vel

85 1378 190 1462 prima
217 1378 299 1443 facie
328 1380 497 1462 agniturus
526 1379 578 1444 sit.
624 1379 690 1443 Sed
713 1400 822 1443 mcum
845 1388 925 1459 esto,
950 1378 1191 1462 eblasphemia

87 1481 228 1564 quidem.
273 1482 482 1567 Blasphemia
501 1482 588 1546 enim
609 1481 656 1546 ibi
678 1483 868 1559 menifesta3
892 1504 977 1559 cum,
996 1481 1084 1565 quod
1102 1488 1190 1545 cetus

84 1585 140 1649 ille
164 1586 231 1649 Deo
256 1586 402 1651 Creatori
429 1585 552 1651 dictum
580 1587 692 1666 voluit,
718 1607 815 1649 nemer
844 1586 907 1649 iste
931 1585 1036 1650 Devid
1061 1597 1186 1648 accoma

85 1688 205 1767 modet,
235 1709 304 1753 non
332 1690 408 1752 Dec
440 1688 608 1773 (concedet
638 1688 843 1772 Cardinalis),
873 1709 984 1752 verum
1017 1687 1185 1765 creature,

84 1791 192 1855 Beate
207 1791 255 1855 illi
270 1792 400 1875 quidem
416 1799 449 1856 et
460 1793 570 1876 pretio
578 1794 690 1874 pierre,
703 1792 760 1856 aed
774 1799 884 1856 tamen
898 1791 1065 1854 creature.
1090 1790 1186 1856 Quod

85 1896 146 1959 nisi
159 1896 272 1960 fuisset
286 1895 370 1960 forte
384 1896 426 1960 de
440 1897 575 1978 callepio
586 1895 812 1974 cardinalium,
828 1895 884 1979 qui
899 1894 985 1973 fecit,
1001 1893 1186 1957 defensione

86 1998 201 2063 dehoc
216 1998 301 2063 facto
317 2019 376 2063 suo
392 2005 461 2063 erat
475 1999 646 2063 cariturus.

116 2135 153 2183 At
163 2149 288 2198 nusquam
298 2135 413 2184 inveniet
424 2133 479 2185 Rex
491 2133 647 2198 Scripturec.
666 2171 672 2184 .
689 2135 825 2185 lectionem
842 2134 915 2185 luicis
932 2139 977 2185 aut
993 2134 1092 2185 clericis
1111 2134 1186 2184 inisse

149 2215 311 2278 prohibitam.
344 2215 379 2266 Et
389 2215 462 2266 mide
471 2216 617 2266 mirandum
628 2220 675 2275 est,
686 2215 753 2280 quod
764 2215 819 2266 Rex
830 2215 910 2275 cddit,
927 2215 959 2266 ed
975 2216 1106 2266 silentium
1119 2215 1186 2265 dam·

149 2299 222 2346 nator
232 2310 286 2347 ease
296 2296 376 2348 libres
386 2311 476 2356 sacros,
487 2301 517 2345 ut
532 2311 578 2360 pro
594 2297 714 2347 heretico
723 2298 920 2356 combureretur,
931 2298 976 2361 qni
990 2312 1033 2347 eor
1050 2297 1078 2346 in
1095 2310 1186 2347 manus

147 2391 245 2428 sumere
261 2377 365 2428 cuderet
381 2381 426 2428 aut
442 2378 574 2443 inspicere.
608 2377 670 2436 Quee
681 2392 794 2442 unquam
805 2377 912 2428 historia
922 2377 970 2428 hoc
981 2377 1113 2441 prodidit!
1128 2378 1186 2443 quic

146 2461 234 2508 cnctor
243 2457 365 2508 tradiditi
381 2472 413 2507 ne
424 2457 509 2508 dicem
525 2456 583 2520 quis
593 2457 660 2507 vidit
675 2462 721 2507 cut
736 2455 838 2507 audivit
854 2472 900 2520 pro
918 2455 1047 2507 Heeretico
1061 2457 1184 2517 comburi,

146 2539 190 2601 qui
200 2539 343 2603 Scripturas
353 2539 492 2602 attingeret
498 2537 615 2602 l-[Bell
628 2537 702 2602 Apol.
714 2553 760 2604 pro
772 2537 858 2602 Resp]
870 2554 894 2602 p.
907 2539 963 2590 148.
981 2537 1050 2603 [Op.,
1066 2542 1128 2587 tom.
1140 2537 1183 2587 vii.

146 2619 359 2685 mmmm

126 2717 213 2783 Quid
227 2738 302 2782 vero
323 2718 413 2783 brevi
432 2719 501 2803 jam
520 2718 685 2784 Cardinali
704 2720 771 2798 fiet,
788 2719 844 2803 qui
866 2725 964 2803 negat
985 2738 1182 2800 suppressam
1197 2735 1249 2799 [De
1260 2737 1306 2789 lee-

82 2841 102 2882 a
125 2820 281 2885 Pontifice
312 2821 519 2902 Scriptorum,
548 2825 713 2887 velitamur
742 2822 829 2887 illius
859 2823 1050 2886 lectionem?
1102 2822 1182 2885 Non
1194 2802 1331 2931 ἔξω,

85 2923 215 2986 Ckrieie
235 2921 376 3006 quidem,
392 2923 508 3006 quibus
526 2926 728 2989 interdictum
748 2925 886 3005 nullum,
901 2925 1082 3008 ipnoreniic
1097 2943 1181 3007 saepe
1193 2946 1250 2981 rum
1262 2933 1333 2983 laicis

80 3046 187 3091 crasse
209 3027 245 3090 in
270 3027 459 3107 consciuit,
483 3049 526 3093 ne
548 3037 681 3111 possent
703 3030 819 3111 legere.
864 3031 910 3092 At
932 3048 1042 3092 nonne
1065 3001 1301 3090 loieietn‘m]

82 3129 189 3194 Quam
213 3150 266 3193 me
291 3129 434 3194 hominis
458 3130 570 3213 pudet,
596 3131 652 3214 qui
674 3131 735 3194 scit
755 3130 963 3213 obsignatum
989 3138 1061 3193 tum
1084 3129 1182 3193 fuisse

80 3230 199 3295 librum
222 3231 325 3310 illum,
346 3239 384 3295 ut
409 3233 507 3296 Sacra
529 3233 610 3315 ipsa,
637 3233 750 3316 lingua
772 3233 885 3315 ignota
910 3232 1013 3313 (luicis
1037 3231 1179 3314 quidem)

80 3339 285 3415 cautumque,
300 3354 342 3397 ne
365 3335 402 3397 in
424 3332 569 3417 linguam
593 3335 709 3418 cuique
731 3343 914 3398 maternam
933 3341 967 3398 et
991 3354 1083 3397 suam
1106 3354 1181 3397 con-

79 3434 161 3498 verti
189 3443 331 3519 possent.
376 3437 420 3501 Et
449 3438 521 3520 quis
550 3437 617 3502 fere
649 3437 793 3521 Scriptor
822 3444 871 3502 est
902 3437 942 3501 de
971 3435 1095 3514 vestris,
1125 3438 1181 3520 qui

79 3536 255 3602 identidem
279 3560 346 3602 non
371 3546 490 3603 tractet
514 3539 553 3603 de
575 3539 691 3604 Bibliie
714 3541 749 3603 in
773 3541 932 3623 culparem
958 3541 1095 3621 linpucm
1120 3561 1182 3603 noc

80 3640 334 3722 tramsmmdie?
378 3642 421 3705 Et
436 3643 560 3726 quoties
575 3642 720 3707 Tridenti
736 3642 962 3726 supplicatum,
976 3640 1011 3705 id
1025 3648 1063 3705 ut
1077 3642 1179 3721 fieret,

78 3747 198 3829 rejecta
212 3754 323 3810 tamen
338 3744 474 3810 subinde
489 3747 578 3810 omni
593 3767 668 3810 eum
679 3746 714 3810 in
726 3746 825 3810 finem
837 3745 993 3829 petitione
1002 3745 1029 3808 ‘i
1055 3745 1178 3813 Quam-

79 3848 137 3911 diu
151 3870 225 3913 vero
239 3848 293 3913 hic
307 3849 456 3913 restitum
479 3848 564 3932 epud
586 3869 656 3928 nos,
673 3870 769 3932 quam
790 3849 916 3928 ecriter,
932 3854 1011 3931 quot
1027 3849 1129 3928 annis,
1145 3848 1179 3912 id

79 3971 121 4014 nc
136 3952 237 4027 fieret,
253 3972 327 4016 cum
341 3950 438 4015 vestri
451 3950 505 4015 hic
518 3972 627 4015 rerum
642 3951 728 4034 apud
742 3971 801 4015 nos
815 3950 1022 4034 potirentur?
1055 3951 1177 4015 Annon

77 4054 140 4118 hoc
165 4063 225 4133 est,
248 4054 290 4117 ad
310 4055 468 4118 cumdium
491 4054 650 4133 domuere,
675 4054 774 4139 (quod
798 4054 960 4119 damnetis
987 4054 1056 4119 fieri
1082 4055 1175 4138 solet)

79 4158 202 4221 includi
226 4160 317 4242 quasi
341 4160 428 4223 intre
451 4179 593 4224 carceres
615 4159 736 4243 ignote
756 4157 843 4242 plebi
863 4158 994 4242 linguae,
1015 4164 1112 4241 etque
1134 4178 1177 4222 ne

78 4258 155 4322 inde
175 4261 283 4344 egredi
304 4262 409 4340 liceat,
425 4262 573 4327 Decretis
595 4261 671 4342 suia,
686 4260 771 4327 bene
793 4267 828 4325 et
850 4261 987 4327 firmiter
1009 4259 1175 4326 obserari?

79 4362 173 4440 Tum,
197 4371 231 4426 et
255 4363 289 4427 id
311 4363 413 4429 calide
435 4363 543 4442 nimir,
566 4370 599 4427 et
622 4363 775 4429 audacter
800 4371 908 4447 negat,
929 4360 1018 4448 qued
1041 4363 1178 4445 emitote

122 4470 1376 4640 ‘mentemmentdm-enarratum

122 4581 364 4633 irruunt-'ma
854 4616 859 4639 ι
898 4580 902 4591 ’
