<?xml version="1.0" encoding="UTF-8"?>
<!DOCTYPE html PUBLIC "-//W3C//DTD XHTML 1.0 Transitional//EN"
    "http://www.w3.org/TR/xhtml1/DTD/xhtml1-transitional.dtd">
<html xmlns="http://www.w3.org/1999/xhtml" xml:lang="en" lang="en">
 <head>
  <title>
</title>
<meta http-equiv="Content-Type" content="text/html;charset=utf-8" />
  <meta name='ocr-system' content='tesseract 3.04.00' />
  <meta name='ocr-capabilities' content='ocr_page ocr_carea ocr_par ocr_line ocrx_word'/>
</head>
<body>
  <div class='ocr_page' id='page_1' title='image "./responsioadapol00andrgoog_0061.png"; bbox 0 0 2910 4926; ppageno 0'>
   <div class='ocr_carea' id='block_1_1' title="bbox 273 260 1061 326">
    <p class='ocr_par' dir='ltr' id='par_1_1' title="bbox 273 260 1061 326">
     <span class='ocr_line' id='line_1_1' title="bbox 273 260 1061 326; baseline 0.004 -5"><span class='ocrx_word' id='word_1_1' title='bbox 273 260 315 321; x_wconf 88' lang='lat'><strong>18</strong></span> <span class='ocrx_word' id='word_1_2' title='bbox 585 279 627 325; x_wconf 77' lang='lat' dir='ltr'><strong>aa</strong></span> <span class='ocrx_word' id='word_1_3' title='bbox 650 278 840 326; x_wconf 68' lang='lat' dir='ltr'><strong>canonius</strong></span> <span class='ocrx_word' id='word_1_4' title='bbox 862 278 1061 326; x_wconf 74' lang='lat' dir='ltr'><strong>oscannum</strong></span> 
     </span>
    </p>
   </div>
   <div class='ocr_carea' id='block_1_2' title="bbox 109 433 1395 3941">
    <p class='ocr_par' dir='ltr' id='par_1_2' title="bbox 275 433 1374 517">
     <span class='ocr_line' id='line_1_2' title="bbox 275 433 1374 517; baseline 0.001 -23"><span class='ocrx_word' id='word_1_5' title='bbox 275 433 416 495; x_wconf 70' lang='lat' dir='ltr'><strong>carata</strong></span> <span class='ocrx_word' id='word_1_6' title='bbox 432 434 537 511; x_wconf 83' lang='lat' dir='ltr'><strong>Petro,</strong></span> <span class='ocrx_word' id='word_1_7' title='bbox 564 436 661 498; x_wconf 89' lang='lat' dir='ltr'><strong>Mott.</strong></span> <span class='ocrx_word' id='word_1_8' title='bbox 678 439 741 500; x_wconf 71' lang='lat' dir='ltr'><strong>out.</strong></span> <span class='ocrx_word' id='word_1_9' title='bbox 773 437 840 499; x_wconf 82' lang='lat' dir='ltr'><strong>Tibi</strong></span> <span class='ocrx_word' id='word_1_10' title='bbox 865 438 944 499; x_wconf 80' lang='lat' dir='ltr'><strong>(labo</strong></span> <span class='ocrx_word' id='word_1_11' title='bbox 967 438 1068 499; x_wconf 71' lang='lat' dir='ltr'><strong>clava</strong></span> <span class='ocrx_word' id='word_1_12' title='bbox 1094 437 1193 517; x_wconf 68' lang='lat' dir='ltr'><strong>Kaprai</strong></span> <span class='ocrx_word' id='word_1_13' title='bbox 1220 437 1374 511; x_wconf 69' lang='lat' dir='ltr'><strong>calonna,</strong></span> 
     </span>
    </p>

    <p class='ocr_par' dir='ltr' id='par_1_3' title="bbox 265 538 1374 1040">
     <span class='ocr_line' id='line_1_3' title="bbox 271 538 1374 623; baseline 0 -24"><span class='ocrx_word' id='word_1_14' title='bbox 271 542 302 599; x_wconf 89' lang='lat' dir='ltr'><strong>et</strong></span> <span class='ocrx_word' id='word_1_15' title='bbox 326 558 386 600; x_wconf 81' lang='lat' dir='ltr'><strong>oon</strong></span> <span class='ocrx_word' id='word_1_16' title='bbox 410 538 515 620; x_wconf 81' lang='lat' dir='ltr'>Regni</span> <span class='ocrx_word' id='word_1_17' title='bbox 531 538 643 603; x_wconf 91' lang='lat' dir='ltr'><strong>mundi</strong></span> <span class='ocrx_word' id='word_1_18' title='bbox 660 540 778 623; x_wconf 87' lang='lat' dir='ltr'>hujus:</span> <span class='ocrx_word' id='word_1_19' title='bbox 803 541 848 603; x_wconf 85' lang='lat' dir='ltr'><strong>Et</strong></span> <span class='ocrx_word' id='word_1_20' title='bbox 870 541 1064 621; x_wconf 70' lang='lat' dir='ltr'><strong>spiritualem</strong></span> <span class='ocrx_word' id='word_1_21' title='bbox 1090 541 1187 603; x_wconf 81' lang='lat' dir='ltr'><strong>cibran</strong></span> <span class='ocrx_word' id='word_1_22' title='bbox 1214 541 1374 602; x_wconf 68' lang='lat' dir='ltr'><strong>attenderit</strong></span> 
     </span>
     <span class='ocr_line' id='line_1_4' title="bbox 272 641 1373 725; baseline 0.003 -23"><span class='ocrx_word' id='word_1_23' title='bbox 272 641 417 718; x_wconf 64' lang='lat' dir='ltr'><strong>(landriaco,</strong></span> <span class='ocrx_word' id='word_1_24' title='bbox 440 642 490 704; x_wconf 90' lang='lat' dir='ltr'><strong>Jo.</strong></span> <span class='ocrx_word' id='word_1_25' title='bbox 514 644 632 721; x_wconf 84' lang='lat' dir='ltr'><strong>altimo,</strong></span> <span class='ocrx_word' id='word_1_26' title='bbox 654 644 756 706; x_wconf 81' lang='lat' dir='ltr'><strong>Posce</strong></span> <span class='ocrx_word' id='word_1_27' title='bbox 779 664 857 707; x_wconf 80' lang='lat' dir='ltr'><strong>ovea.</strong></span> <span class='ocrx_word' id='word_1_28' title='bbox 905 644 981 720; x_wconf 91' lang='lat' dir='ltr'>Ubi,</span> <span class='ocrx_word' id='word_1_29' title='bbox 1011 652 1140 708; x_wconf 88' lang='lat' dir='ltr'><strong>tantum</strong></span> <span class='ocrx_word' id='word_1_30' title='bbox 1167 645 1257 708; x_wconf 92' lang='lat' dir='ltr'><strong>abest</strong></span> <span class='ocrx_word' id='word_1_31' title='bbox 1280 645 1373 725; x_wconf 86' lang='lat' dir='ltr'><strong>Caje-</strong></span> 
     </span>
     <span class='ocr_line' id='line_1_5' title="bbox 272 747 1374 833; baseline 0.002 -26"><span class='ocrx_word' id='word_1_32' title='bbox 272 754 395 824; x_wconf 71' lang='lat' dir='ltr'><strong>tanus0,</strong></span> <span class='ocrx_word' id='word_1_33' title='bbox 411 753 447 809; x_wconf 89' lang='lat' dir='ltr'><strong>ut</strong></span> <span class='ocrx_word' id='word_1_34' title='bbox 463 747 497 809; x_wconf 91' lang='lat' dir='ltr'><strong>iu</strong></span> <span class='ocrx_word' id='word_1_35' title='bbox 514 747 646 811; x_wconf 86' lang='lat' dir='ltr'><strong>alierum</strong></span> <span class='ocrx_word' id='word_1_36' title='bbox 664 748 853 833; x_wconf 84' lang='lat' dir='ltr'><strong>temporalia</strong></span> <span class='ocrx_word' id='word_1_37' title='bbox 868 749 1104 831; x_wconf 81' lang='lat' dir='ltr'>plenitudinem</span> <span class='ocrx_word' id='word_1_38' title='bbox 1125 750 1292 832; x_wconf 90' lang='lat' dir='ltr'><strong>potestatis</strong></span> <span class='ocrx_word' id='word_1_39' title='bbox 1316 748 1374 810; x_wconf 92' lang='lat' dir='ltr'><strong>tri·</strong></span> 
     </span>
     <span class='ocr_line' id='line_1_6' title="bbox 272 851 1374 936; baseline 0.002 -24"><span class='ocrx_word' id='word_1_40' title='bbox 272 851 360 928; x_wconf 89' lang='lat' dir='ltr'><strong>bunt,</strong></span> <span class='ocrx_word' id='word_1_41' title='bbox 377 856 414 913; x_wconf 93' lang='lat' dir='ltr'><strong>ut</strong></span> <span class='ocrx_word' id='word_1_42' title='bbox 429 872 484 914; x_wconf 85' lang='lat' dir='ltr'><strong>nee</strong></span> <span class='ocrx_word' id='word_1_43' title='bbox 500 852 537 914; x_wconf 84' lang='lat' dir='ltr'><strong>de</strong></span> <span class='ocrx_word' id='word_1_44' title='bbox 551 854 617 915; x_wconf 75' lang='lat' dir='ltr'><strong>nois</strong></span> <span class='ocrx_word' id='word_1_45' title='bbox 631 853 771 936; x_wconf 88' lang='lat' dir='ltr'><strong>quidem,</strong></span> <span class='ocrx_word' id='word_1_46' title='bbox 794 859 849 915; x_wconf 84' lang='lat' dir='ltr'><strong>aut</strong></span> <span class='ocrx_word' id='word_1_47' title='bbox 863 854 1013 916; x_wconf 73' lang='lat' dir='ltr'><strong>Ecclesia·</strong></span> <span class='ocrx_word' id='word_1_48' title='bbox 1027 855 1174 917; x_wconf 67' lang='lat' dir='ltr'><strong>Romanae</strong></span> <span class='ocrx_word' id='word_1_49' title='bbox 1195 855 1285 915; x_wconf 81' lang='lat' dir='ltr'>rebus</span> <span class='ocrx_word' id='word_1_50' title='bbox 1301 860 1374 916; x_wconf 80' lang='lat' dir='ltr'><strong>tem-</strong></span> 
     </span>
     <span class='ocr_line' id='line_1_7' title="bbox 265 954 1374 1040; baseline 0.003 -26"><span class='ocrx_word' id='word_1_51' title='bbox 265 954 429 1034; x_wconf 78' lang='lat' dir='ltr'><strong>poralibus</strong></span> <span class='ocrx_word' id='word_1_52' title='bbox 438 956 645 1036; x_wconf 72' lang='lat' dir='ltr'><strong>dimoowodis,</strong></span> <span class='ocrx_word' id='word_1_53' title='bbox 655 965 848 1040; x_wconf 89' lang='lat' dir='ltr'><strong>potestatem</strong></span> <span class='ocrx_word' id='word_1_54' title='bbox 858 957 1008 1021; x_wconf 88' lang='lat' dir='ltr'><strong>Pontifici</strong></span> <span class='ocrx_word' id='word_1_55' title='bbox 1024 958 1208 1040; x_wconf 80' lang='lat' dir='ltr'><strong>permittere</strong></span> <span class='ocrx_word' id='word_1_56' title='bbox 1219 958 1374 1020; x_wconf 80' lang='lat' dir='ltr'><strong>videatur.</strong></span> 
     </span>
    </p>

    <p class='ocr_par' dir='ltr' id='par_1_4' title="bbox 109 1058 1376 2284">
     <span class='ocr_line' id='line_1_8' title="bbox 110 1058 1376 1143; baseline -0.006 -16"><span class='ocrx_word' id='word_1_57' title='bbox 110 1063 151 1128; x_wconf 75' lang='lat'><strong>[⁸¹</strong></span> <span class='ocrx_word' id='word_1_58' title='bbox 162 1078 260 1127; x_wconf 78' lang='lat' dir='ltr'><strong>pmeen-</strong></span> <span class='ocrx_word' id='word_1_59' title='bbox 318 1058 418 1122; x_wconf 82' lang='lat' dir='ltr'><strong>Recte</strong></span> <span class='ocrx_word' id='word_1_60' title='bbox 436 1059 534 1141; x_wconf 80' lang='lat' dir='ltr'><strong>igitur</strong></span> <span class='ocrx_word' id='word_1_61' title='bbox 550 1061 630 1139; x_wconf 85' lang='lat' dir='ltr'><strong>Rex,</strong></span> <span class='ocrx_word' id='word_1_62' title='bbox 647 1061 823 1138; x_wconf 83' lang='lat' dir='ltr'>Christum,</span> <span class='ocrx_word' id='word_1_63' title='bbox 840 1082 914 1124; x_wconf 88' lang='lat' dir='ltr'><strong>curn</strong></span> <span class='ocrx_word' id='word_1_64' title='bbox 930 1062 1028 1125; x_wconf 86' lang='lat' dir='ltr'><strong>Petro</strong></span> <span class='ocrx_word' id='word_1_65' title='bbox 1044 1062 1147 1125; x_wconf 88' lang='lat' dir='ltr'><strong>claves</strong></span> <span class='ocrx_word' id='word_1_66' title='bbox 1164 1062 1254 1124; x_wconf 83' lang='lat' dir='ltr'><strong>daret</strong></span> <span class='ocrx_word' id='word_1_67' title='bbox 1271 1058 1376 1143; x_wconf 86' lang='lat' dir='ltr'>Regni</span> 
     </span>
     <span class='ocr_line' id='line_1_9' title="bbox 109 1129 1375 1245; baseline 0 -23"><span class='ocrx_word' id='word_1_68' title='bbox 109 1129 437 1245; x_wconf 53' lang='lat' dir='ltr'><strong>ffiffieoelorum,</strong></span> <span class='ocrx_word' id='word_1_69' title='bbox 465 1161 498 1223; x_wconf 88' lang='lat' dir='ltr'><strong>id</strong></span> <span class='ocrx_word' id='word_1_70' title='bbox 521 1162 665 1240; x_wconf 86' lang='lat' dir='ltr'>voluisse,</span> <span class='ocrx_word' id='word_1_71' title='bbox 685 1170 722 1226; x_wconf 88' lang='lat' dir='ltr'><strong>ut</strong></span> <span class='ocrx_word' id='word_1_72' title='bbox 745 1163 785 1226; x_wconf 90' lang='lat' dir='ltr'><strong>iis</strong></span> <span class='ocrx_word' id='word_1_73' title='bbox 805 1163 946 1227; x_wconf 82' lang='lat' dir='ltr'>clavibus</span> <span class='ocrx_word' id='word_1_74' title='bbox 963 1171 1133 1227; x_wconf 88' lang='lat' dir='ltr'><strong>contentus</strong></span> <span class='ocrx_word' id='word_1_75' title='bbox 1155 1171 1248 1240; x_wconf 90' lang='lat' dir='ltr'><strong>esset,</strong></span> <span class='ocrx_word' id='word_1_76' title='bbox 1272 1163 1375 1225; x_wconf 86' lang='lat' dir='ltr'><strong>claves</strong></span> 
     </span>
     <span class='ocr_line' id='line_1_10' title="bbox 109 1258 1376 1346; baseline 0.002 -23"><span class='ocrx_word' id='word_1_77' title='bbox 109 1258 193 1323; x_wconf 66' lang='lat' dir='ltr'><strong>dum]</strong></span> <span class='ocrx_word' id='word_1_78' title='bbox 274 1262 380 1346; x_wconf 80' lang='lat' dir='ltr'>Regni</span> <span class='ocrx_word' id='word_1_79' title='bbox 395 1272 552 1327; x_wconf 85' lang='lat' dir='ltr'><strong>terrarum</strong></span> <span class='ocrx_word' id='word_1_80' title='bbox 568 1286 609 1328; x_wconf 87' lang='lat' dir='ltr'><strong>ne</strong></span> <span class='ocrx_word' id='word_1_81' title='bbox 626 1273 828 1329; x_wconf 78' lang='lat' dir='ltr'><strong>attrectaret:</strong></span> <span class='ocrx_word' id='word_1_82' title='bbox 846 1267 929 1330; x_wconf 87' lang='lat' dir='ltr'><strong>Cum</strong></span> <span class='ocrx_word' id='word_1_83' title='bbox 945 1287 998 1329; x_wconf 86' lang='lat' dir='ltr'><strong>eas</strong></span> <span class='ocrx_word' id='word_1_84' title='bbox 1014 1267 1210 1331; x_wconf 69' lang='lat' dir='ltr'><strong>aedificandae</strong></span> <span class='ocrx_word' id='word_1_85' title='bbox 1225 1265 1376 1329; x_wconf 75' lang='lat' dir='ltr'><strong>Ecclesia</strong></span> 
     </span>
     <span class='ocr_line' id='line_1_11' title="bbox 274 1366 1375 1450; baseline 0.003 -22"><span class='ocrx_word' id='word_1_86' title='bbox 274 1366 375 1445; x_wconf 89' lang='lat' dir='ltr'><strong>daret,</strong></span> <span class='ocrx_word' id='word_1_87' title='bbox 398 1390 469 1431; x_wconf 89' lang='lat' dir='ltr'><strong>eam</strong></span> <span class='ocrx_word' id='word_1_88' title='bbox 496 1369 625 1433; x_wconf 87' lang='lat' dir='ltr'><strong>Christo</strong></span> <span class='ocrx_word' id='word_1_89' title='bbox 651 1377 793 1433; x_wconf 87' lang='lat' dir='ltr'><strong>mentem</strong></span> <span class='ocrx_word' id='word_1_90' title='bbox 813 1392 879 1433; x_wconf 91' lang='lat' dir='ltr'><strong>non</strong></span> <span class='ocrx_word' id='word_1_91' title='bbox 894 1369 1003 1450; x_wconf 84' lang='lat' dir='ltr'>fuisso,</span> <span class='ocrx_word' id='word_1_92' title='bbox 1024 1380 1062 1434; x_wconf 93' lang='lat' dir='ltr'><strong>ut</strong></span> <span class='ocrx_word' id='word_1_93' title='bbox 1084 1372 1124 1435; x_wconf 91' lang='lat' dir='ltr'><strong>ad</strong></span> <span class='ocrx_word' id='word_1_94' title='bbox 1148 1370 1375 1435; x_wconf 88' lang='lat' dir='ltr'><strong>destruendam</strong></span> 
     </span>
     <span class='ocr_line' id='line_1_12' title="bbox 276 1472 1376 1555; baseline 0.001 -21"><span class='ocrx_word' id='word_1_95' title='bbox 276 1472 447 1555; x_wconf 88' lang='lat' dir='ltr'><strong>Rernpubl.</strong></span> <span class='ocrx_word' id='word_1_96' title='bbox 473 1473 588 1535; x_wconf 88' lang='lat' dir='ltr'><strong>Petrus</strong></span> <span class='ocrx_word' id='word_1_97' title='bbox 619 1473 664 1535; x_wconf 92' lang='lat' dir='ltr'>eis</span> <span class='ocrx_word' id='word_1_98' title='bbox 695 1481 858 1537; x_wconf 89' lang='lat' dir='ltr'><strong>uteretur:</strong></span> <span class='ocrx_word' id='word_1_99' title='bbox 883 1495 943 1537; x_wconf 89' lang='lat' dir='ltr'><strong>nee</strong></span> <span class='ocrx_word' id='word_1_100' title='bbox 962 1474 1133 1539; x_wconf 87' lang='lat' dir='ltr'><strong>aedificaret</strong></span> <span class='ocrx_word' id='word_1_101' title='bbox 1149 1475 1326 1538; x_wconf 78' lang='lat' dir='ltr'><strong>Ecclesiam</strong></span> <span class='ocrx_word' id='word_1_102' title='bbox 1341 1474 1376 1535; x_wconf 93' lang='lat' dir='ltr'><strong>in</strong></span> 
     </span>
     <span class='ocr_line' id='line_1_13' title="bbox 273 1575 1375 1662; baseline 0.001 -24"><span class='ocrx_word' id='word_1_103' title='bbox 273 1575 376 1639; x_wconf 87' lang='lat' dir='ltr'><strong>ruinis</strong></span> <span class='ocrx_word' id='word_1_104' title='bbox 392 1576 597 1660; x_wconf 71' lang='lat' dir='ltr'><strong>Reipublicae.</strong></span> <span class='ocrx_word' id='word_1_105' title='bbox 630 1577 701 1640; x_wconf 87' lang='lat' dir='ltr'><strong>Nee</strong></span> <span class='ocrx_word' id='word_1_106' title='bbox 716 1577 812 1654; x_wconf 91' lang='lat' dir='ltr'><strong>enim,</strong></span> <span class='ocrx_word' id='word_1_107' title='bbox 826 1599 898 1640; x_wconf 93' lang='lat' dir='ltr'><strong>eum</strong></span> <span class='ocrx_word' id='word_1_108' title='bbox 908 1599 1039 1659; x_wconf 80' lang='lat' dir='ltr'><strong>poscere</strong></span> <span class='ocrx_word' id='word_1_109' title='bbox 1050 1578 1181 1662; x_wconf 87' lang='lat' dir='ltr'><strong>juberet</strong></span> <span class='ocrx_word' id='word_1_110' title='bbox 1201 1579 1278 1641; x_wconf 82' lang='lat' dir='ltr'>Oves</span> <span class='ocrx_word' id='word_1_111' title='bbox 1292 1598 1375 1654; x_wconf 76' lang='lat' dir='ltr'>suos,</span> 
     </span>
     <span class='ocr_line' id='line_1_14' title="bbox 274 1679 1376 1764; baseline 0 -22"><span class='ocrx_word' id='word_1_112' title='bbox 274 1681 417 1743; x_wconf 91' lang='lat' dir='ltr'><strong>animum</strong></span> <span class='ocrx_word' id='word_1_113' title='bbox 444 1680 604 1758; x_wconf 87' lang='lat' dir='ltr'>habuisse,</span> <span class='ocrx_word' id='word_1_114' title='bbox 629 1690 666 1743; x_wconf 95' lang='lat' dir='ltr'><strong>ut</strong></span> <span class='ocrx_word' id='word_1_115' title='bbox 691 1681 751 1745; x_wconf 92' lang='lat' dir='ltr'>sub</span> <span class='ocrx_word' id='word_1_116' title='bbox 782 1682 927 1745; x_wconf 75' lang='lat' dir='ltr'><strong>Pastoris</strong></span> <span class='ocrx_word' id='word_1_117' title='bbox 951 1682 1047 1745; x_wconf 87' lang='lat' dir='ltr'><strong>titula</strong></span> <span class='ocrx_word' id='word_1_118' title='bbox 1063 1679 1171 1764; x_wconf 78' lang='lat' dir='ltr'><strong>furem</strong></span> <span class='ocrx_word' id='word_1_119' title='bbox 1190 1689 1310 1764; x_wconf 83' lang='lat' dir='ltr'><strong>ageret,</strong></span> <span class='ocrx_word' id='word_1_120' title='bbox 1326 1681 1376 1743; x_wconf 82' lang='lat' dir='ltr'><strong>vel</strong></span> 
     </span>
     <span class='ocr_line' id='line_1_15' title="bbox 274 1785 1375 1869; baseline 0.001 -24"><span class='ocrx_word' id='word_1_121' title='bbox 274 1785 400 1865; x_wconf 74' lang='lat' dir='ltr'><strong>luponi:</strong></span> <span class='ocrx_word' id='word_1_122' title='bbox 417 1785 537 1864; x_wconf 77' lang='lat' dir='ltr'><strong>Furem,</strong></span> <span class='ocrx_word' id='word_1_123' title='bbox 549 1787 601 1867; x_wconf 83' lang='lat' dir='ltr'><strong>qui</strong></span> <span class='ocrx_word' id='word_1_124' title='bbox 616 1806 676 1848; x_wconf 86' lang='lat' dir='ltr'><strong>noa</strong></span> <span class='ocrx_word' id='word_1_125' title='bbox 691 1787 782 1862; x_wconf 83' lang='lat' dir='ltr'><strong>venit,</strong></span> <span class='ocrx_word' id='word_1_126' title='bbox 795 1787 856 1848; x_wconf 81' lang='lat' dir='ltr'><strong>nisi</strong></span> <span class='ocrx_word' id='word_1_127' title='bbox 870 1792 906 1848; x_wconf 84' lang='lat' dir='ltr'><strong>ot</strong></span> <span class='ocrx_word' id='word_1_128' title='bbox 921 1791 1053 1859; x_wconf 79' lang='lat' dir='ltr'><strong>onoetet;</strong></span> <span class='ocrx_word' id='word_1_129' title='bbox 1079 1787 1169 1869; x_wconf 89' lang='lat' dir='ltr'><strong>(puta</strong></span> <span class='ocrx_word' id='word_1_130' title='bbox 1180 1785 1343 1868; x_wconf 83' lang='lat' dir='ltr'>Principes</span> <span class='ocrx_word' id='word_1_131' title='bbox 1354 1786 1375 1861; x_wconf 81' lang='lat' dir='ltr'><strong>z)</strong></span> 
     </span>
     <span class='ocr_line' id='line_1_16' title="bbox 273 1887 1376 1972; baseline 0.002 -24"><span class='ocrx_word' id='word_1_132' title='bbox 273 1888 403 1969; x_wconf 81' lang='lat' dir='ltr'><strong>Lupum,</strong></span> <span class='ocrx_word' id='word_1_133' title='bbox 419 1890 472 1970; x_wconf 84' lang='lat' dir='ltr'><strong>qai</strong></span> <span class='ocrx_word' id='word_1_134' title='bbox 487 1910 547 1951; x_wconf 83' lang='lat' dir='ltr'><strong>non</strong></span> <span class='ocrx_word' id='word_1_135' title='bbox 560 1890 653 1966; x_wconf 81' lang='lat' dir='ltr'><strong>venit,</strong></span> <span class='ocrx_word' id='word_1_136' title='bbox 669 1890 730 1951; x_wconf 74' lang='lat' dir='ltr'><strong>nisi</strong></span> <span class='ocrx_word' id='word_1_137' title='bbox 744 1895 779 1951; x_wconf 85' lang='lat' dir='ltr'><strong>ut</strong></span> <span class='ocrx_word' id='word_1_138' title='bbox 794 1887 986 1972; x_wconf 60' lang='lat' dir='ltr'><strong>disperpatb</strong></span> <span class='ocrx_word' id='word_1_139' title='bbox 1012 1892 1101 1972; x_wconf 87' lang='lat' dir='ltr'><strong>(puta</strong></span> <span class='ocrx_word' id='word_1_140' title='bbox 1118 1887 1285 1970; x_wconf 84' lang='lat' dir='ltr'><strong>subditos.)</strong></span> <span class='ocrx_word' id='word_1_141' title='bbox 1314 1888 1376 1950; x_wconf 82' lang='lat' dir='ltr'><strong>Vix</strong></span> 
     </span>
     <span class='ocr_line' id='line_1_17' title="bbox 273 1994 1376 2078; baseline 0 -22"><span class='ocrx_word' id='word_1_142' title='bbox 273 2015 369 2057; x_wconf 91' lang='lat' dir='ltr'>sanus</span> <span class='ocrx_word' id='word_1_143' title='bbox 398 2003 483 2058; x_wconf 91' lang='lat' dir='ltr'><strong>certe</strong></span> <span class='ocrx_word' id='word_1_144' title='bbox 507 1994 558 2071; x_wconf 92' lang='lat' dir='ltr'><strong>sit,</strong></span> <span class='ocrx_word' id='word_1_145' title='bbox 589 1994 703 2078; x_wconf 93' lang='lat' dir='ltr'><strong>quiin</strong></span> <span class='ocrx_word' id='word_1_146' title='bbox 723 1995 877 2075; x_wconf 82' lang='lat' dir='ltr'><strong>poscendi</strong></span> <span class='ocrx_word' id='word_1_147' title='bbox 899 2016 976 2058; x_wconf 84' lang='lat' dir='ltr'><strong>voce</strong></span> <span class='ocrx_word' id='word_1_148' title='bbox 1000 1995 1158 2058; x_wconf 65' lang='lat' dir='ltr'><strong>attentandi</strong></span> <span class='ocrx_word' id='word_1_149' title='bbox 1184 2002 1376 2076; x_wconf 89' lang='lat' dir='ltr'><strong>potestatem</strong></span> 
     </span>
     <span class='ocr_line' id='line_1_18' title="bbox 273 2097 1376 2181; baseline -0.001 -21"><span class='ocrx_word' id='word_1_150' title='bbox 273 2107 405 2179; x_wconf 78' lang='lat' dir='ltr'><strong>qureret,</strong></span> <span class='ocrx_word' id='word_1_151' title='bbox 421 2119 492 2181; x_wconf 76' lang='lat' dir='ltr'><strong>quae</strong></span> <span class='ocrx_word' id='word_1_152' title='bbox 513 2098 609 2160; x_wconf 84' lang='lat' dir='ltr'><strong>Louii</strong></span> <span class='ocrx_word' id='word_1_153' title='bbox 631 2105 690 2176; x_wconf 87' lang='lat' dir='ltr'><strong>est,</strong></span> <span class='ocrx_word' id='word_1_154' title='bbox 711 2119 778 2161; x_wconf 90' lang='lat' dir='ltr'><strong>non</strong></span> <span class='ocrx_word' id='word_1_155' title='bbox 799 2099 965 2162; x_wconf 74' lang='lat' dir='ltr'><strong>Pastoris:</strong></span> <span class='ocrx_word' id='word_1_156' title='bbox 988 2098 1040 2161; x_wconf 85' lang='lat' dir='ltr'><strong>vix</strong></span> <span class='ocrx_word' id='word_1_157' title='bbox 1065 2098 1198 2175; x_wconf 90' lang='lat' dir='ltr'>sobrius,</span> <span class='ocrx_word' id='word_1_158' title='bbox 1223 2097 1277 2180; x_wconf 90' lang='lat' dir='ltr'><strong>qui</strong></span> <span class='ocrx_word' id='word_1_159' title='bbox 1301 2118 1376 2161; x_wconf 88' lang='lat' dir='ltr'><strong>eum</strong></span> 
     </span>
     <span class='ocr_line' id='line_1_19' title="bbox 271 2201 1376 2284; baseline 0.001 -24"><span class='ocrx_word' id='word_1_160' title='bbox 271 2201 410 2263; x_wconf 75' lang='lat' dir='ltr'><strong>nrbditoa</strong></span> <span class='ocrx_word' id='word_1_161' title='bbox 433 2203 602 2283; x_wconf 71' lang='lat' dir='ltr'><strong>disperqot,</strong></span> <span class='ocrx_word' id='word_1_162' title='bbox 619 2209 661 2277; x_wconf 91' lang='lat' dir='ltr'><strong>et,</strong></span> <span class='ocrx_word' id='word_1_163' title='bbox 679 2223 750 2284; x_wconf 84' lang='lat' dir='ltr'><strong>quae</strong></span> <span class='ocrx_word' id='word_1_164' title='bbox 769 2202 852 2284; x_wconf 75' lang='lat' dir='ltr'><strong>quri</strong></span> <span class='ocrx_word' id='word_1_165' title='bbox 872 2210 950 2266; x_wconf 92' lang='lat' dir='ltr'><strong>sunt</strong></span> <span class='ocrx_word' id='word_1_166' title='bbox 975 2208 1058 2284; x_wconf 88' lang='lat' dir='ltr'><strong>agat,</strong></span> <span class='ocrx_word' id='word_1_167' title='bbox 1080 2202 1244 2264; x_wconf 74' lang='lat' dir='ltr'><strong>Pastorem</strong></span> <span class='ocrx_word' id='word_1_168' title='bbox 1265 2209 1376 2262; x_wconf 88' lang='lat' dir='ltr'><strong>tamen</strong></span> 
     </span>
    </p>

    <p class='ocr_par' dir='ltr' id='par_1_5' title="bbox 174 2304 1376 2488">
     <span class='ocr_line' id='line_1_20' title="bbox 174 2304 1376 2389; baseline -0.001 -22"><span class='ocrx_word' id='word_1_169' title='bbox 174 2313 190 2367; x_wconf 75' lang='grc' dir='ltr'><em>ἵ</em></span> <span class='ocrx_word' id='word_1_170' title='bbox 273 2326 307 2367; x_wconf 89' lang='lat' dir='ltr'><strong>sc</strong></span> <span class='ocrx_word' id='word_1_171' title='bbox 330 2305 492 2388; x_wconf 72' lang='lat' dir='ltr'><strong>praedicet,</strong></span> <span class='ocrx_word' id='word_1_172' title='bbox 519 2313 552 2369; x_wconf 90' lang='lat' dir='ltr'><strong>et</strong></span> <span class='ocrx_word' id='word_1_173' title='bbox 577 2306 744 2368; x_wconf 72' lang='lat' dir='ltr'><strong>Pastorum</strong></span> <span class='ocrx_word' id='word_1_174' title='bbox 770 2306 921 2389; x_wconf 89' lang='lat' dir='ltr'><strong>primum.</strong></span> <span class='ocrx_word' id='word_1_175' title='bbox 967 2305 1080 2369; x_wconf 84' lang='lat' dir='ltr'><strong>Lando</strong></span> <span class='ocrx_word' id='word_1_176' title='bbox 1103 2305 1289 2382; x_wconf 88' lang='lat' dir='ltr'><strong>Baronium,</strong></span> <span class='ocrx_word' id='word_1_177' title='bbox 1312 2304 1376 2387; x_wconf 90' lang='lat' dir='ltr'><strong>qui,</strong></span> 
     </span>
     <span class='ocr_line' id='line_1_21' title="bbox 273 2408 1376 2488; baseline -0.001 -18"><span class='ocrx_word' id='word_1_178' title='bbox 273 2429 346 2471; x_wconf 91' lang='lat' dir='ltr'><strong>eum</strong></span> <span class='ocrx_word' id='word_1_179' title='bbox 361 2409 395 2471; x_wconf 94' lang='lat' dir='ltr'><strong>in</strong></span> <span class='ocrx_word' id='word_1_180' title='bbox 412 2408 556 2472; x_wconf 85' lang='lat' dir='ltr'><strong>Venetos</strong></span> <span class='ocrx_word' id='word_1_181' title='bbox 573 2408 741 2473; x_wconf 87' lang='lat' dir='ltr'><strong>classicum</strong></span> <span class='ocrx_word' id='word_1_182' title='bbox 758 2418 887 2474; x_wconf 78' lang='lat' dir='ltr'><strong>caneret</strong></span> <span class='ocrx_word' id='word_1_183' title='bbox 903 2408 1062 2488; x_wconf 81' lang='lat' dir='ltr'>Pontifex,</span> <span class='ocrx_word' id='word_1_184' title='bbox 1081 2409 1177 2472; x_wconf 91' lang='lat' dir='ltr'><strong>nimis</strong></span> <span class='ocrx_word' id='word_1_185' title='bbox 1199 2408 1376 2472; x_wconf 87' lang='lat' dir='ltr'><strong>violentum</strong></span> 
     </span>
    </p>

    <p class='ocr_par' dir='ltr' id='par_1_6' title="bbox 267 2511 1377 2804">
     <span class='ocr_line' id='line_1_22' title="bbox 272 2511 1376 2596; baseline -0.001 -23"><span class='ocrx_word' id='word_1_186' title='bbox 272 2512 352 2574; x_wconf 82' lang='lat' dir='ltr'><strong>vidit</strong></span> <span class='ocrx_word' id='word_1_187' title='bbox 368 2533 446 2589; x_wconf 87' lang='lat' dir='ltr'>esse,</span> <span class='ocrx_word' id='word_1_188' title='bbox 469 2511 655 2594; x_wconf 85' lang='lat' dir='ltr'><strong>pertrahere</strong></span> <span class='ocrx_word' id='word_1_189' title='bbox 676 2534 714 2577; x_wconf 92' lang='lat' dir='ltr'><strong>eo</strong></span> <span class='ocrx_word' id='word_1_190' title='bbox 728 2515 880 2595; x_wconf 81' lang='lat' dir='ltr'><strong>poscendi</strong></span> <span class='ocrx_word' id='word_1_191' title='bbox 904 2520 1108 2596; x_wconf 70' lang='lat' dir='ltr'><strong>praeceptum.</strong></span> <span class='ocrx_word' id='word_1_192' title='bbox 1156 2513 1274 2575; x_wconf 88' lang='lat' dir='ltr'><strong>Puram</strong></span> <span class='ocrx_word' id='word_1_193' title='bbox 1289 2511 1376 2574; x_wconf 88' lang='lat' dir='ltr'><strong>enirn</strong></span> 
     </span>
     <span class='ocr_line' id='line_1_23' title="bbox 267 2614 1377 2701; baseline -0.002 -23"><span class='ocrx_word' id='word_1_194' title='bbox 267 2617 417 2697; x_wconf 76' lang='lat' dir='ltr'><strong>pascendi</strong></span> <span class='ocrx_word' id='word_1_195' title='bbox 432 2638 541 2680; x_wconf 85' lang='lat' dir='ltr'><strong>vocem</strong></span> <span class='ocrx_word' id='word_1_196' title='bbox 551 2617 631 2681; x_wconf 85' lang='lat' dir='ltr'><strong>vidit</strong></span> <span class='ocrx_word' id='word_1_197' title='bbox 644 2619 810 2682; x_wconf 86' lang='lat' dir='ltr'><strong>Pontifieis</strong></span> <span class='ocrx_word' id='word_1_198' title='bbox 825 2626 896 2682; x_wconf 92' lang='lat' dir='ltr'><strong>tum</strong></span> <span class='ocrx_word' id='word_1_199' title='bbox 910 2619 1061 2682; x_wconf 89' lang='lat' dir='ltr'><strong>instituto</strong></span> <span class='ocrx_word' id='word_1_200' title='bbox 1073 2617 1246 2701; x_wconf 86' lang='lat' dir='ltr'><strong>quadrare;</strong></span> <span class='ocrx_word' id='word_1_201' title='bbox 1264 2614 1377 2678; x_wconf 89' lang='lat' dir='ltr'><strong>maluit</strong></span> 
     </span>
     <span class='ocr_line' id='line_1_24' title="bbox 273 2719 1377 2804; baseline -0.002 -22"><span class='ocrx_word' id='word_1_202' title='bbox 273 2721 411 2784; x_wconf 83' lang='lat' dir='ltr'><strong>alterum</strong></span> <span class='ocrx_word' id='word_1_203' title='bbox 425 2720 516 2799; x_wconf 90' lang='lat' dir='ltr'><strong>illud,</strong></span> <span class='ocrx_word' id='word_1_204' title='bbox 534 2722 634 2803; x_wconf 71' lang='lat' dir='ltr'><strong>Scope</strong></span> <span class='ocrx_word' id='word_1_205' title='bbox 649 2723 753 2800; x_wconf 80' lang='lat' dir='ltr'><strong>Petro,</strong></span> <span class='ocrx_word' id='word_1_206' title='bbox 770 2730 900 2786; x_wconf 55' lang='lat' dir='ltr'><strong>mactat</strong></span> <span class='ocrx_word' id='word_1_207' title='bbox 945 2724 1054 2804; x_wconf 83' lang='lat' dir='ltr'><strong>Atque</strong></span> <span class='ocrx_word' id='word_1_208' title='bbox 1072 2721 1128 2798; x_wconf 89' lang='lat' dir='ltr'><strong>ita,</strong></span> <span class='ocrx_word' id='word_1_209' title='bbox 1144 2719 1228 2803; x_wconf 87' lang='lat' dir='ltr'><strong>qued</strong></span> <span class='ocrx_word' id='word_1_210' title='bbox 1244 2719 1377 2802; x_wconf 82' lang='lat' dir='ltr'>simplex</span> 
     </span>
    </p>

    <p class='ocr_par' dir='ltr' id='par_1_7' title="bbox 272 2823 1377 3113">
     <span class='ocr_line' id='line_1_25' title="bbox 274 2823 1377 2908; baseline -0.001 -24"><span class='ocrx_word' id='word_1_211' title='bbox 274 2823 307 2885; x_wconf 91' lang='lat' dir='ltr'><strong>in</strong></span> <span class='ocrx_word' id='word_1_212' title='bbox 335 2824 464 2888; x_wconf 88' lang='lat' dir='ltr'><strong>Christo</strong></span> <span class='ocrx_word' id='word_1_213' title='bbox 493 2826 599 2890; x_wconf 84' lang='lat' dir='ltr'><strong>fuerat</strong></span> <span class='ocrx_word' id='word_1_214' title='bbox 627 2827 777 2908; x_wconf 79' lang='lat' dir='ltr'><strong>poscendi</strong></span> <span class='ocrx_word' id='word_1_215' title='bbox 801 2848 929 2903; x_wconf 92' lang='lat' dir='ltr'>munus,</span> <span class='ocrx_word' id='word_1_216' title='bbox 956 2832 989 2888; x_wconf 89' lang='lat' dir='ltr'><strong>et</strong></span> <span class='ocrx_word' id='word_1_217' title='bbox 1013 2824 1143 2889; x_wconf 83' lang='lat' dir='ltr'><strong>Christo</strong></span> <span class='ocrx_word' id='word_1_218' title='bbox 1170 2823 1257 2901; x_wconf 90' lang='lat' dir='ltr'><strong>satis,</strong></span> <span class='ocrx_word' id='word_1_219' title='bbox 1281 2824 1377 2885; x_wconf 89' lang='lat' dir='ltr'><strong>Petro</strong></span> 
     </span>
     <span class='ocr_line' id='line_1_26' title="bbox 273 2928 1377 3012; baseline -0.001 -24"><span class='ocrx_word' id='word_1_220' title='bbox 273 2950 385 3009; x_wconf 84' lang='lat' dir='ltr'><strong>pamm</strong></span> <span class='ocrx_word' id='word_1_221' title='bbox 415 2929 552 3012; x_wconf 67' lang='lat' dir='ltr'><strong>putarit,</strong></span> <span class='ocrx_word' id='word_1_222' title='bbox 586 2931 794 2993; x_wconf 72' lang='lat' dir='ltr'><strong>obierulomius</strong></span> <span class='ocrx_word' id='word_1_223' title='bbox 824 2930 936 2993; x_wconf 66' lang='lat' dir='ltr'><strong>trebete</strong></span> <span class='ocrx_word' id='word_1_224' title='bbox 971 2929 1083 3005; x_wconf 88' lang='lat' dir='ltr'><strong>voluit,</strong></span> <span class='ocrx_word' id='word_1_225' title='bbox 1116 2928 1231 3011; x_wconf 82' lang='lat' dir='ltr'><strong>duplex</strong></span> <span class='ocrx_word' id='word_1_226' title='bbox 1261 2947 1377 3008; x_wconf 87' lang='lat' dir='ltr'><strong>nempe</strong></span> 
     </span>
     <span class='ocr_line' id='line_1_27' title="bbox 272 3030 1376 3113; baseline -0.001 -21"><span class='ocrx_word' id='word_1_227' title='bbox 272 3031 422 3109; x_wconf 87' lang='lat' dir='ltr'><strong>officium,</strong></span> <span class='ocrx_word' id='word_1_228' title='bbox 433 3033 594 3113; x_wconf 66' lang='lat' dir='ltr'><strong>poscenti,</strong></span> <span class='ocrx_word' id='word_1_229' title='bbox 610 3041 643 3096; x_wconf 89' lang='lat' dir='ltr'><strong>et</strong></span> <span class='ocrx_word' id='word_1_230' title='bbox 658 3034 839 3105; x_wconf 81' lang='lat' dir='ltr'><strong>ocoideadi‚·</strong></span> <span class='ocrx_word' id='word_1_231' title='bbox 863 3041 899 3097; x_wconf 89' lang='lat' dir='ltr'><strong>ut</strong></span> <span class='ocrx_word' id='word_1_232' title='bbox 910 3035 1077 3096; x_wconf 80' lang='lat' dir='ltr'><strong>Pastorem</strong></span> <span class='ocrx_word' id='word_1_233' title='bbox 1090 3030 1249 3106; x_wconf 82' lang='lat' dir='ltr'><strong>Pontifex,</strong></span> <span class='ocrx_word' id='word_1_234' title='bbox 1266 3050 1376 3111; x_wconf 89' lang='lat' dir='ltr'><strong>quam·</strong></span> 
     </span>
    </p>

    <p class='ocr_par' dir='ltr' id='par_1_8' title="bbox 272 3131 1377 3324">
     <span class='ocr_line' id='line_1_28' title="bbox 273 3131 1376 3218; baseline -0.002 -23"><span class='ocrx_word' id='word_1_235' title='bbox 273 3134 329 3196; x_wconf 86' lang='lat' dir='ltr'><strong>din</strong></span> <span class='ocrx_word' id='word_1_236' title='bbox 345 3135 438 3211; x_wconf 89' lang='lat' dir='ltr'><strong>volet,</strong></span> <span class='ocrx_word' id='word_1_237' title='bbox 455 3157 528 3199; x_wconf 91' lang='lat' dir='ltr'><strong>cum</strong></span> <span class='ocrx_word' id='word_1_238' title='bbox 544 3136 629 3200; x_wconf 85' lang='lat' dir='ltr'><strong>volet</strong></span> <span class='ocrx_word' id='word_1_239' title='bbox 651 3145 770 3215; x_wconf 90' lang='lat' dir='ltr'><strong>autem,</strong></span> <span class='ocrx_word' id='word_1_240' title='bbox 789 3136 955 3201; x_wconf 80' lang='lat' dir='ltr'><strong>Ovieidam</strong></span> <span class='ocrx_word' id='word_1_241' title='bbox 979 3143 1064 3218; x_wconf 83' lang='lat' dir='ltr'><strong>agat.</strong></span> <span class='ocrx_word' id='word_1_242' title='bbox 1111 3136 1227 3217; x_wconf 92' lang='lat' dir='ltr'><strong>Inepte</strong></span> <span class='ocrx_word' id='word_1_243' title='bbox 1253 3132 1286 3195; x_wconf 93' lang='lat' dir='ltr'><strong>id</strong></span> <span class='ocrx_word' id='word_1_244' title='bbox 1306 3131 1376 3214; x_wconf 89' lang='lat' dir='ltr'><strong>qui-</strong></span> 
     </span>
     <span class='ocr_line' id='line_1_29' title="bbox 272 3236 1377 3324; baseline -0.003 -26"><span class='ocrx_word' id='word_1_245' title='bbox 272 3236 356 3314; x_wconf 88' lang='lat' dir='ltr'><strong>dem,</strong></span> <span class='ocrx_word' id='word_1_246' title='bbox 373 3239 428 3301; x_wconf 89' lang='lat' dir='ltr'>sed</span> <span class='ocrx_word' id='word_1_247' title='bbox 445 3239 521 3322; x_wconf 90' lang='lat' dir='ltr'><strong>quid</strong></span> <span class='ocrx_word' id='word_1_248' title='bbox 537 3241 672 3322; x_wconf 79' lang='lat' dir='ltr'><strong>ageret?</strong></span> <span class='ocrx_word' id='word_1_249' title='bbox 718 3241 810 3304; x_wconf 90' lang='lat' dir='ltr'><strong>Vidit</strong></span> <span class='ocrx_word' id='word_1_250' title='bbox 833 3240 1044 3324; x_wconf 90' lang='lat' dir='ltr'><strong>improprium</strong></span> <span class='ocrx_word' id='word_1_251' title='bbox 1069 3238 1176 3314; x_wconf 91' lang='lat' dir='ltr'><strong>nimis,</strong></span> <span class='ocrx_word' id='word_1_252' title='bbox 1193 3236 1377 3299; x_wconf 69' lang='lat' dir='ltr'><strong>occisionem</strong></span> 
     </span>
    </p>

    <p class='ocr_par' dir='ltr' id='par_1_9' title="bbox 271 3341 1395 3719">
     <span class='ocr_line' id='line_1_30' title="bbox 271 3341 1375 3424; baseline -0.003 -21"><span class='ocrx_word' id='word_1_253' title='bbox 271 3341 305 3403; x_wconf 91' lang='lat' dir='ltr'><strong>in</strong></span> <span class='ocrx_word' id='word_1_254' title='bbox 336 3365 413 3407; x_wconf 87' lang='lat' dir='ltr'><strong>voce</strong></span> <span class='ocrx_word' id='word_1_255' title='bbox 449 3343 636 3424; x_wconf 58' lang='lat' dir='ltr'><strong>educandi,</strong></span> <span class='ocrx_word' id='word_1_256' title='bbox 669 3347 850 3409; x_wconf 83' lang='lat' dir='ltr'><strong>occisionem</strong></span> <span class='ocrx_word' id='word_1_257' title='bbox 875 3345 910 3408; x_wconf 92' lang='lat' dir='ltr'><strong>iu</strong></span> <span class='ocrx_word' id='word_1_258' title='bbox 940 3365 1016 3408; x_wconf 86' lang='lat' dir='ltr'><strong>voee</strong></span> <span class='ocrx_word' id='word_1_259' title='bbox 1041 3343 1195 3424; x_wconf 81' lang='lat' dir='ltr'><strong>poscendi</strong></span> <span class='ocrx_word' id='word_1_260' title='bbox 1224 3361 1375 3424; x_wconf 77' lang='lat' dir='ltr'><strong>quarere.</strong></span> 
     </span>
     <span class='ocr_line' id='line_1_31' title="bbox 271 3444 1376 3531; baseline -0.004 -23"><span class='ocrx_word' id='word_1_261' title='bbox 271 3446 374 3528; x_wconf 88' lang='lat' dir='ltr'><strong>Atqui</strong></span> <span class='ocrx_word' id='word_1_262' title='bbox 396 3447 461 3510; x_wconf 93' lang='lat' dir='ltr'><strong>huc</strong></span> <span class='ocrx_word' id='word_1_263' title='bbox 483 3457 573 3512; x_wconf 89' lang='lat' dir='ltr'><strong>reeta</strong></span> <span class='ocrx_word' id='word_1_264' title='bbox 603 3449 709 3512; x_wconf 91' lang='lat' dir='ltr'><strong>tendit</strong></span> <span class='ocrx_word' id='word_1_265' title='bbox 733 3450 851 3512; x_wconf 87' lang='lat' dir='ltr'><strong>Vester</strong></span> <span class='ocrx_word' id='word_1_266' title='bbox 881 3447 970 3512; x_wconf 87' lang='lat' dir='ltr'><strong>Petri</strong></span> <span class='ocrx_word' id='word_1_267' title='bbox 995 3448 1164 3531; x_wconf 88' lang='lat' dir='ltr'><strong>primatus,</strong></span> <span class='ocrx_word' id='word_1_268' title='bbox 1187 3466 1283 3528; x_wconf 89' lang='lat' dir='ltr'><strong>quem</strong></span> <span class='ocrx_word' id='word_1_269' title='bbox 1307 3444 1376 3505; x_wconf 80' lang='lat' dir='ltr'><strong>Rex</strong></span> 
     </span>
     <span class='ocr_line' id='line_1_32' title="bbox 275 3550 1395 3635; baseline -0.003 -25"><span class='ocrx_word' id='word_1_270' title='bbox 275 3550 418 3613; x_wconf 75' lang='lat' dir='ltr'><strong>Rontonoe</strong></span> <span class='ocrx_word' id='word_1_271' title='bbox 432 3551 507 3616; x_wconf 89' lang='lat' dir='ltr'><strong>fidei</strong></span> <span class='ocrx_word' id='word_1_272' title='bbox 523 3552 693 3615; x_wconf 87' lang='lat' dir='ltr'><strong>articulum</strong></span> <span class='ocrx_word' id='word_1_273' title='bbox 708 3575 775 3616; x_wconf 90' lang='lat' dir='ltr'><strong>non</strong></span> <span class='ocrx_word' id='word_1_274' title='bbox 789 3560 922 3635; x_wconf 85' lang='lat' dir='ltr'><strong>negaret</strong></span> <span class='ocrx_word' id='word_1_275' title='bbox 937 3552 1038 3626; x_wconf 88' lang='lat' dir='ltr'><strong>forte;</strong></span> <span class='ocrx_word' id='word_1_276' title='bbox 1066 3551 1252 3612; x_wconf 68' lang='lat' dir='ltr'><strong>Christiano</strong></span> <span class='ocrx_word' id='word_1_277' title='bbox 1267 3553 1374 3628; x_wconf 83' lang='lat' dir='ltr'><strong>negat.</strong></span> <span class='ocrx_word' id='word_1_278' title='bbox 1392 3584 1395 3591; x_wconf 89' lang='lat'>·</span> 
     </span>
     <span class='ocr_line' id='line_1_33' title="bbox 274 3653 1373 3719; baseline 0.004 -6"><span class='ocrx_word' id='word_1_279' title='bbox 274 3655 484 3719; x_wconf 57' lang='lat' dir='ltr'><strong>(tertationem</strong></span> <span class='ocrx_word' id='word_1_280' title='bbox 500 3655 587 3717; x_wconf 90' lang='lat' dir='ltr'><strong>euim</strong></span> <span class='ocrx_word' id='word_1_281' title='bbox 605 3654 701 3718; x_wconf 84' lang='lat' dir='ltr'><strong>fidem</strong></span> <span class='ocrx_word' id='word_1_282' title='bbox 720 3657 898 3719; x_wconf 73' lang='lat' dir='ltr'><strong>Christiano</strong></span> <span class='ocrx_word' id='word_1_283' title='bbox 914 3655 995 3719; x_wconf 90' lang='lat' dir='ltr'><strong>Orbi</strong></span> <span class='ocrx_word' id='word_1_284' title='bbox 1017 3653 1181 3716; x_wconf 87' lang='lat' dir='ltr'><strong>inimicam</strong></span> <span class='ocrx_word' id='word_1_285' title='bbox 1204 3672 1271 3715; x_wconf 91' lang='lat' dir='ltr'><strong>non</strong></span> <span class='ocrx_word' id='word_1_286' title='bbox 1294 3669 1373 3717; x_wconf 87' lang='lat' dir='ltr'>esse.</span> 
     </span>
    </p>

    <p class='ocr_par' dir='ltr' id='par_1_10' title="bbox 271 3756 641 3820">
     <span class='ocr_line' id='line_1_34' title="bbox 271 3756 641 3820; baseline 0.011 -4"><span class='ocrx_word' id='word_1_287' title='bbox 271 3756 445 3818; x_wconf 82' lang='lat' dir='ltr'><strong>Romanam</strong></span> <span class='ocrx_word' id='word_1_288' title='bbox 459 3756 545 3820; x_wconf 88' lang='lat' dir='ltr'><strong>hanc</strong></span> <span class='ocrx_word' id='word_1_289' title='bbox 561 3776 641 3820; x_wconf 88' lang='lat' dir='ltr'>esse.</span> 
     </span>
    </p>

    <p class='ocr_par' dir='ltr' id='par_1_11' title="bbox 315 3856 1377 3941">
     <span class='ocr_line' id='line_1_35' title="bbox 315 3856 1377 3941; baseline -0.003 -19"><span class='ocrx_word' id='word_1_290' title='bbox 315 3858 453 3923; x_wconf 79' lang='lat' dir='ltr'><strong>Qualem</strong></span> <span class='ocrx_word' id='word_1_291' title='bbox 478 3858 564 3921; x_wconf 92' lang='lat' dir='ltr'><strong>enim</strong></span> <span class='ocrx_word' id='word_1_292' title='bbox 591 3859 688 3922; x_wconf 88' lang='lat' dir='ltr'><strong>Petro</strong></span> <span class='ocrx_word' id='word_1_293' title='bbox 714 3856 888 3941; x_wconf 86' lang='lat' dir='ltr'><strong>primatum</strong></span> <span class='ocrx_word' id='word_1_294' title='bbox 911 3880 978 3921; x_wconf 91' lang='lat' dir='ltr'><strong>non</strong></span> <span class='ocrx_word' id='word_1_295' title='bbox 1001 3865 1133 3941; x_wconf 85' lang='lat' dir='ltr'><strong>negant,</strong></span> <span class='ocrx_word' id='word_1_296' title='bbox 1161 3864 1193 3920; x_wconf 92' lang='lat' dir='ltr'><strong>et</strong></span> <span class='ocrx_word' id='word_1_297' title='bbox 1217 3856 1322 3939; x_wconf 86' lang='lat' dir='ltr'><strong>prisci,</strong></span> <span class='ocrx_word' id='word_1_298' title='bbox 1344 3864 1377 3920; x_wconf 90' lang='lat' dir='ltr'><strong>et</strong></span> 
     </span>
    </p>
   </div>
   <div class='ocr_carea' id='block_1_3' title="bbox 268 3984 1377 4505">
    <p class='ocr_par' dir='ltr' id='par_1_12' title="bbox 268 3984 1377 4505">
     <span class='ocr_line' id='line_1_36' title="bbox 302 3984 1377 4049; baseline -0.004 -14"><span class='ocrx_word' id='word_1_299' title='bbox 302 3992 312 4015; x_wconf 66' lang='lat'><strong>⁶</strong></span> <span class='ocrx_word' id='word_1_300' title='bbox 342 3984 436 4049; x_wconf 80' lang='lat' dir='ltr'><strong>Cajeta</strong></span> <span class='ocrx_word' id='word_1_301' title='bbox 466 3984 612 4049; x_wconf 80' lang='lat' dir='ltr'><strong>[Commeat</strong></span> <span class='ocrx_word' id='word_1_302' title='bbox 643 3987 671 4035; x_wconf 92' lang='lat' dir='ltr'><strong>in</strong></span> <span class='ocrx_word' id='word_1_303' title='bbox 702 3984 798 4034; x_wconf 87' lang='lat' dir='ltr'><strong>Summ.</strong></span> <span class='ocrx_word' id='word_1_304' title='bbox 844 4001 902 4035; x_wconf 87' lang='lat' dir='ltr'><strong>eum</strong></span> <span class='ocrx_word' id='word_1_305' title='bbox 913 3985 1030 4035; x_wconf 86' lang='lat' dir='ltr'><strong>leonibus</strong></span> <span class='ocrx_word' id='word_1_306' title='bbox 1039 3989 1065 4034; x_wconf 89' lang='lat' dir='ltr'><strong>et</strong></span> <span class='ocrx_word' id='word_1_307' title='bbox 1076 3985 1134 4035; x_wconf 88' lang='lat' dir='ltr'><strong>aliis</strong></span> <span class='ocrx_word' id='word_1_308' title='bbox 1144 3984 1203 4034; x_wconf 69' lang='lat' dir='ltr'><strong>feris</strong></span> <span class='ocrx_word' id='word_1_309' title='bbox 1215 3984 1377 4042; x_wconf 81' lang='lat' dir='ltr'><strong>animalibus,</strong></span> 
     </span>
     <span class='ocr_line' id='line_1_37' title="bbox 271 4049 1377 4115; baseline -0.002 -18"><span class='ocrx_word' id='word_1_310' title='bbox 271 4049 356 4098; x_wconf 71' lang='lat' dir='ltr'><strong>Theai.</strong></span> <span class='ocrx_word' id='word_1_311' title='bbox 376 4050 499 4100; x_wconf 58' lang='lat' dir='ltr'><strong>suham.</strong></span> <span class='ocrx_word' id='word_1_312' title='bbox 517 4051 624 4115; x_wconf 82' lang='lat' dir='ltr'><strong>Aquin]</strong></span> <span class='ocrx_word' id='word_1_313' title='bbox 650 4051 704 4101; x_wconf 87' lang='lat' dir='ltr'><strong>See.</strong></span> <span class='ocrx_word' id='word_1_314' title='bbox 722 4050 798 4101; x_wconf 80' lang='lat' dir='ltr'><strong>Seeoe.</strong></span> <span class='ocrx_word' id='word_1_315' title='bbox 844 4050 997 4100; x_wconf 83' lang='lat' dir='ltr'><strong>refractariis</strong></span> <span class='ocrx_word' id='word_1_316' title='bbox 1014 4054 1040 4100; x_wconf 87' lang='lat' dir='ltr'><strong>et</strong></span> <span class='ocrx_word' id='word_1_317' title='bbox 1059 4050 1259 4108; x_wconf 83' lang='lat' dir='ltr'><strong>adversantibus,</strong></span> <span class='ocrx_word' id='word_1_318' title='bbox 1271 4049 1377 4111; x_wconf 85' lang='lat' dir='ltr'><strong>jubetur</strong></span> 
     </span>
     <span class='ocr_line' id='line_1_38' title="bbox 269 4113 1377 4181; baseline -0.002 -20"><span class='ocrx_word' id='word_1_319' title='bbox 269 4113 384 4179; x_wconf 64' lang='lat' dir='ltr'><strong>[Quasi]</strong></span> <span class='ocrx_word' id='word_1_320' title='bbox 397 4116 449 4164; x_wconf 80' lang='lat' dir='ltr'><strong>xlv.</strong></span> <span class='ocrx_word' id='word_1_321' title='bbox 461 4116 519 4180; x_wconf 78' lang='lat' dir='ltr'><strong>[leg.</strong></span> <span class='ocrx_word' id='word_1_322' title='bbox 532 4117 596 4165; x_wconf 85' lang='lat' dir='ltr'><strong>xliii.</strong></span> <span class='ocrx_word' id='word_1_323' title='bbox 610 4116 676 4181; x_wconf 78' lang='lat' dir='ltr'><strong>Art]</strong></span> <span class='ocrx_word' id='word_1_324' title='bbox 691 4118 713 4165; x_wconf 86' lang='lat'><strong>8.</strong></span> <span class='ocrx_word' id='word_1_325' title='bbox 844 4116 933 4166; x_wconf 85' lang='lat' dir='ltr'><strong>Petrus</strong></span> <span class='ocrx_word' id='word_1_326' title='bbox 952 4131 994 4166; x_wconf 85' lang='lat' dir='ltr'><strong>eos</strong></span> <span class='ocrx_word' id='word_1_327' title='bbox 1016 4116 1145 4173; x_wconf 85' lang='lat' dir='ltr'><strong>oecidere;</strong></span> <span class='ocrx_word' id='word_1_328' title='bbox 1173 4115 1294 4165; x_wconf 80' lang='lat' dir='ltr'><strong>obsistere</strong></span> <span class='ocrx_word' id='word_1_329' title='bbox 1312 4114 1377 4162; x_wconf 80' lang='lat' dir='ltr'><strong>seili-</strong></span> 
     </span>
     <span class='ocr_line' id='line_1_39' title="bbox 301 4178 1377 4245; baseline -0.003 -17"><span class='ocrx_word' id='word_1_330' title='bbox 301 4178 313 4210; x_wconf 84' lang='lat'><strong>‘¹</strong></span> <span class='ocrx_word' id='word_1_331' title='bbox 329 4180 386 4228; x_wconf 76' lang='lat' dir='ltr'><strong>ton.</strong></span> <span class='ocrx_word' id='word_1_332' title='bbox 399 4196 425 4229; x_wconf 88' lang='lat' dir='ltr'><strong>x.</strong></span> <span class='ocrx_word' id='word_1_333' title='bbox 436 4184 473 4239; x_wconf 85' lang='lat'><strong>10,</strong></span> <span class='ocrx_word' id='word_1_334' title='bbox 483 4184 522 4230; x_wconf 79' lang='lat'><strong>12.</strong></span> <span class='ocrx_word' id='word_1_335' title='bbox 843 4186 890 4239; x_wconf 86' lang='lat' dir='ltr'><strong>eet,</strong></span> <span class='ocrx_word' id='word_1_336' title='bbox 898 4196 1011 4245; x_wconf 79' lang='lat' dir='ltr'><strong>pugnare</strong></span> <span class='ocrx_word' id='word_1_337' title='bbox 1020 4186 1046 4229; x_wconf 88' lang='lat' dir='ltr'><strong>et</strong></span> <span class='ocrx_word' id='word_1_338' title='bbox 1053 4196 1206 4242; x_wconf 68' lang='lat' dir='ltr'><strong>expugnare,</strong></span> <span class='ocrx_word' id='word_1_339' title='bbox 1214 4196 1245 4229; x_wconf 89' lang='lat' dir='ltr'><strong>ne</strong></span> <span class='ocrx_word' id='word_1_340' title='bbox 1254 4180 1317 4228; x_wconf 79' lang='lat' dir='ltr'><strong>talos</strong></span> <span class='ocrx_word' id='word_1_341' title='bbox 1324 4179 1377 4226; x_wconf 82' lang='lat' dir='ltr'><strong>siut</strong></span> 
     </span>
     <span class='ocr_line' id='line_1_40' title="bbox 302 4241 1377 4309; baseline -0.004 -15"><span class='ocrx_word' id='word_1_342' title='bbox 302 4253 313 4277; x_wconf 47' lang='grc' dir='ltr'><strong>θ</strong></span> <span class='ocrx_word' id='word_1_343' title='bbox 331 4245 357 4309; x_wconf 83' lang='grc'><strong>[“</strong></span> <span class='ocrx_word' id='word_1_344' title='bbox 370 4245 470 4309; x_wconf 78' lang='lat' dir='ltr'><strong>Duplex</strong></span> <span class='ocrx_word' id='word_1_345' title='bbox 482 4251 528 4305; x_wconf 85' lang='lat' dir='ltr'><strong>est,</strong></span> <span class='ocrx_word' id='word_1_346' title='bbox 542 4246 618 4296; x_wconf 82' lang='lat' dir='ltr'><strong>Beate</strong></span> <span class='ocrx_word' id='word_1_347' title='bbox 630 4245 713 4304; x_wconf 83' lang='lat' dir='ltr'><strong>Pater,</strong></span> <span class='ocrx_word' id='word_1_348' title='bbox 725 4246 800 4294; x_wconf 87' lang='lat' dir='ltr'><strong>mini·</strong></span> <span class='ocrx_word' id='word_1_349' title='bbox 843 4247 951 4309; x_wconf 88' lang='lat' dir='ltr'><strong>penitus.</strong></span> <span class='ocrx_word' id='word_1_350' title='bbox 966 4283 971 4295; x_wconf 94' lang='lat'><strong><em>.</em></strong></span> <span class='ocrx_word' id='word_1_351' title='bbox 986 4283 991 4294; x_wconf 90' lang='lat'>.</span> <span class='ocrx_word' id='word_1_352' title='bbox 1007 4283 1012 4293; x_wconf 91' lang='lat'><strong>.</strong></span> <span class='ocrx_word' id='word_1_353' title='bbox 1027 4246 1105 4307; x_wconf 80' lang='lat' dir='ltr'><strong>Perge</strong></span> <span class='ocrx_word' id='word_1_354' title='bbox 1117 4247 1204 4307; x_wconf 72' lang='lat' dir='ltr'><strong>igitur,</strong></span> <span class='ocrx_word' id='word_1_355' title='bbox 1224 4244 1314 4293; x_wconf 80' lang='lat' dir='ltr'><strong>Sancte</strong></span> <span class='ocrx_word' id='word_1_356' title='bbox 1333 4241 1377 4291; x_wconf 77' lang='lat' dir='ltr'><strong>ra-</strong></span> 
     </span>
     <span class='ocr_line' id='line_1_41' title="bbox 268 4308 1377 4373; baseline -0.002 -16"><span class='ocrx_word' id='word_1_357' title='bbox 268 4311 376 4359; x_wconf 83' lang='lat' dir='ltr'><strong>sterium</strong></span> <span class='ocrx_word' id='word_1_358' title='bbox 397 4310 475 4372; x_wconf 86' lang='lat' dir='ltr'><strong>Petri,</strong></span> <span class='ocrx_word' id='word_1_359' title='bbox 495 4310 606 4361; x_wconf 73' lang='lat' dir='ltr'><strong>Poscere</strong></span> <span class='ocrx_word' id='word_1_360' title='bbox 625 4318 648 4359; x_wconf 74' lang='lat' dir='ltr'><strong>et</strong></span> <span class='ocrx_word' id='word_1_361' title='bbox 667 4311 780 4361; x_wconf 79' lang='lat' dir='ltr'><strong>occidere</strong></span> <span class='ocrx_word' id='word_1_362' title='bbox 787 4327 799 4369; x_wconf 91' lang='lat'><em>;</em></span> <span class='ocrx_word' id='word_1_363' title='bbox 844 4318 889 4369; x_wconf 88' lang='lat' dir='ltr'><strong>ter,</strong></span> <span class='ocrx_word' id='word_1_364' title='bbox 902 4311 968 4373; x_wconf 86' lang='lat' dir='ltr'><strong>quad</strong></span> <span class='ocrx_word' id='word_1_365' title='bbox 980 4311 1205 4373; x_wconf 77' lang='lat' dir='ltr'><strong>erupisti.&#39;&#39;-Seut</strong></span> <span class='ocrx_word' id='word_1_366' title='bbox 1220 4310 1310 4358; x_wconf 78' lang='lat' dir='ltr'><strong>Baton.</strong></span> <span class='ocrx_word' id='word_1_367' title='bbox 1320 4308 1377 4357; x_wconf 87' lang='lat' dir='ltr'><strong>Car-</strong></span> 
     </span>
     <span class='ocr_line' id='line_1_42' title="bbox 268 4373 1375 4439; baseline -0.002 -17"><span class='ocrx_word' id='word_1_368' title='bbox 268 4374 338 4424; x_wconf 80' lang='lat' dir='ltr'><strong>dixit</strong></span> <span class='ocrx_word' id='word_1_369' title='bbox 355 4375 425 4425; x_wconf 85' lang='lat' dir='ltr'><strong>anim</strong></span> <span class='ocrx_word' id='word_1_370' title='bbox 444 4375 476 4425; x_wconf 81' lang='lat' dir='ltr'>sd</span> <span class='ocrx_word' id='word_1_371' title='bbox 494 4392 552 4426; x_wconf 88' lang='lat' dir='ltr'><strong>eum</strong></span> <span class='ocrx_word' id='word_1_372' title='bbox 567 4375 699 4431; x_wconf 87' lang='lat' dir='ltr'><strong>Dominus,</strong></span> <span class='ocrx_word' id='word_1_373' title='bbox 717 4375 800 4426; x_wconf 71' lang='lat' dir='ltr'><strong>Pasce</strong></span> <span class='ocrx_word' id='word_1_374' title='bbox 844 4376 896 4425; x_wconf 72' lang='lat' dir='ltr'><strong>(lin.</strong></span> <span class='ocrx_word' id='word_1_375' title='bbox 916 4390 991 4439; x_wconf 86' lang='lat' dir='ltr'><strong>super</strong></span> <span class='ocrx_word' id='word_1_376' title='bbox 1008 4375 1250 4431; x_wconf 73' lang='lat' dir='ltr'><strong>exeomn1.Venet.;</strong></span> <span class='ocrx_word' id='word_1_377' title='bbox 1268 4373 1299 4422; x_wconf 80' lang='lat' dir='ltr'><strong>ad</strong></span> <span class='ocrx_word' id='word_1_378' title='bbox 1316 4373 1375 4422; x_wconf 81' lang='lat' dir='ltr'><strong>eale.</strong></span> 
     </span>
     <span class='ocr_line' id='line_1_43' title="bbox 268 4438 1377 4505; baseline -0.004 -16"><span class='ocrx_word' id='word_1_379' title='bbox 268 4454 325 4490; x_wconf 76' lang='lat' dir='ltr'><strong>ovea</strong></span> <span class='ocrx_word' id='word_1_380' title='bbox 335 4456 406 4490; x_wconf 74' lang='lat' dir='ltr'><strong>osana</strong></span> <span class='ocrx_word' id='word_1_381' title='bbox 413 4455 426 4500; x_wconf 72' lang='lat'><strong>‚⁴</strong></span> <span class='ocrx_word' id='word_1_382' title='bbox 441 4440 590 4505; x_wconf 83' lang='lat' dir='ltr'><strong>audivitque</strong></span> <span class='ocrx_word' id='word_1_383' title='bbox 604 4457 618 4490; x_wconf 90' lang='lat' dir='ltr'><strong>e</strong></span> <span class='ocrx_word' id='word_1_384' title='bbox 631 4441 694 4490; x_wconf 88' lang='lat' dir='ltr'><strong>eoelo</strong></span> <span class='ocrx_word' id='word_1_385' title='bbox 705 4456 800 4500; x_wconf 77' lang='lat' dir='ltr'><strong>soeem,</strong></span> <span class='ocrx_word' id='word_1_386' title='bbox 845 4441 941 4491; x_wconf 87' lang='lat' dir='ltr'><strong>Puraen.</strong></span> <span class='ocrx_word' id='word_1_387' title='bbox 953 4440 985 4489; x_wconf 73' lang='lat' dir='ltr'><strong>ari</strong></span> <span class='ocrx_word' id='word_1_388' title='bbox 998 4440 1110 4502; x_wconf 82' lang='lat' dir='ltr'><strong>rempub.</strong></span> <span class='ocrx_word' id='word_1_389' title='bbox 1123 4438 1212 4489; x_wconf 84' lang='lat' dir='ltr'><strong>Venet</strong></span> <span class='ocrx_word' id='word_1_390' title='bbox 1226 4454 1251 4503; x_wconf 89' lang='lat' dir='ltr'><strong>p.</strong></span> <span class='ocrx_word' id='word_1_391' title='bbox 1261 4441 1300 4488; x_wconf 75' lang='lat'><strong>82.</strong></span> <span class='ocrx_word' id='word_1_392' title='bbox 1326 4439 1377 4488; x_wconf 79' lang='lat' dir='ltr'><strong>Au-</strong></span> 
     </span>
    </p>
   </div>
   <div class='ocr_carea' id='block_1_4' title="bbox 77 4504 1124 4644">
    <p class='ocr_par' dir='ltr' id='par_1_13' title="bbox 77 4504 1124 4644">
     <span class='ocr_line' id='line_1_44' title="bbox 104 4504 1124 4569; baseline -0.011 -5"><span class='ocrx_word' id='word_1_393' title='bbox 104 4544 107 4549; x_wconf 92' lang='lat'>·</span> <span class='ocrx_word' id='word_1_394' title='bbox 270 4504 360 4555; x_wconf 81' lang='lat' dir='ltr'><strong>Occide</strong></span> <span class='ocrx_word' id='word_1_395' title='bbox 379 4506 556 4555; x_wconf 75' lang='lat' dir='ltr'><strong>otmundum.</strong></span> <span class='ocrx_word' id='word_1_396' title='bbox 591 4507 655 4557; x_wconf 83' lang='lat' dir='ltr'><strong>Cum</strong></span> <span class='ocrx_word' id='word_1_397' title='bbox 674 4521 733 4555; x_wconf 83' lang='lat' dir='ltr'><strong>vero</strong></span> <span class='ocrx_word' id='word_1_398' title='bbox 749 4520 801 4555; x_wconf 90' lang='lat' dir='ltr'><strong>non</strong></span> <span class='ocrx_word' id='word_1_399' title='bbox 844 4512 911 4569; x_wconf 80' lang='lat' dir='ltr'><strong>gust.</strong></span> <span class='ocrx_word' id='word_1_400' title='bbox 924 4504 1124 4567; x_wconf 71' lang='lat' dir='ltr'><strong>vineaticos]</strong></span> 
     </span>
     <span class='ocr_line' id='line_1_45' title="bbox 77 4508 801 4644; baseline -0.01 -18"><span class='ocrx_word' id='word_1_401' title='bbox 77 4508 139 4644; x_wconf 54' lang='grc' dir='ltr'>ι</span> <span class='ocrx_word' id='word_1_402' title='bbox 256 4581 317 4619; x_wconf 80' lang='lat' dir='ltr'><strong>eam</strong></span> <span class='ocrx_word' id='word_1_403' title='bbox 329 4571 423 4621; x_wconf 78' lang='lat' dir='ltr'><strong>oribus</strong></span> <span class='ocrx_word' id='word_1_404' title='bbox 433 4575 461 4623; x_wconf 81' lang='lat' dir='ltr'><strong>et</strong></span> <span class='ocrx_word' id='word_1_405' title='bbox 471 4573 548 4636; x_wconf 79' lang='lat' dir='ltr'><strong>agnis</strong></span> <span class='ocrx_word' id='word_1_406' title='bbox 559 4571 691 4639; x_wconf 82' lang='lat' dir='ltr'><strong>negotium</strong></span> <span class='ocrx_word' id='word_1_407' title='bbox 703 4571 745 4628; x_wconf 88' lang='lat' dir='ltr'><strong>sit,</strong></span> <span class='ocrx_word' id='word_1_408' title='bbox 757 4570 801 4621; x_wconf 82' lang='lat' dir='ltr'>sed</span> 
     </span>
    </p>
   </div>
   <div class='ocr_carea' id='block_1_5' title="bbox 0 0 1460 4926">
    <p class='ocr_par' dir='ltr' id='par_1_14' title="bbox 0 0 1460 4926">
     <span class='ocr_line' id='line_1_46' title="bbox 0 0 1460 4926; baseline 0 1"><span class='ocrx_word' id='word_1_409' title='bbox 0 0 1460 4926; x_wconf 95' lang='lat' dir='ltr'><strong> </strong></span> 
     </span>
    </p>
   </div>
  </div>
 </body>
</html>
