<?xml version="1.0" encoding="UTF-8"?>
<!DOCTYPE html PUBLIC "-//W3C//DTD XHTML 1.0 Transitional//EN"
    "http://www.w3.org/TR/xhtml1/DTD/xhtml1-transitional.dtd">
<html xmlns="http://www.w3.org/1999/xhtml" xml:lang="en" lang="en">
 <head>
  <title>
</title>
<meta http-equiv="Content-Type" content="text/html;charset=utf-8" />
  <meta name='ocr-system' content='tesseract 3.04.00' />
  <meta name='ocr-capabilities' content='ocr_page ocr_carea ocr_par ocr_line ocrx_word'/>
</head>
<body>
  <div class='ocr_page' id='page_1' title='image "./responsioadapol00andrgoog_0016.png"; bbox 0 0 2910 4926; ppageno 0'>
   <div class='ocr_carea' id='block_1_1' title="bbox 492 622 837 698">
    <p class='ocr_par' dir='ltr' id='par_1_1' title="bbox 492 622 837 698">
     <span class='ocr_line' id='line_1_1' title="bbox 492 622 837 698; baseline 0.009 -3"><span class='ocrx_word' id='word_1_1' title='bbox 492 622 837 698; x_wconf 82' lang='lat' dir='ltr'>MONI&#39;lUM.</span> 
     </span>
    </p>
   </div>
   <div class='ocr_carea' id='block_1_2' title="bbox 103 1119 1293 3608">
    <p class='ocr_par' dir='ltr' id='par_1_2' title="bbox 110 1119 1212 1448">
     <span class='ocr_line' id='line_1_2' title="bbox 154 1119 1212 1208; baseline 0.006 -26"><span class='ocrx_word' id='word_1_2' title='bbox 154 1119 289 1198; x_wconf 72' lang='lat' dir='ltr'>Munus,</span> <span class='ocrx_word' id='word_1_3' title='bbox 305 1142 377 1204; x_wconf 84' lang='lat' dir='ltr'>quae</span> <span class='ocrx_word' id='word_1_4' title='bbox 391 1122 426 1185; x_wconf 94' lang='lat' dir='ltr'>in</span> <span class='ocrx_word' id='word_1_5' title='bbox 440 1122 622 1186; x_wconf 72' lang='lat' dir='ltr'>&#39;foemam</span> <span class='ocrx_word' id='word_1_6' title='bbox 637 1123 739 1186; x_wconf 75' lang='lat' dir='ltr'>Toum</span> <span class='ocrx_word' id='word_1_7' title='bbox 759 1122 879 1187; x_wconf 87' lang='lat' dir='ltr'>fuimus</span> <span class='ocrx_word' id='word_1_8' title='bbox 899 1123 1032 1208; x_wconf 84' lang='lat' dir='ltr'>praefati,</span> <span class='ocrx_word' id='word_1_9' title='bbox 1049 1123 1088 1188; x_wconf 92' lang='lat' dir='ltr'>de</span> <span class='ocrx_word' id='word_1_10' title='bbox 1103 1123 1212 1188; x_wconf 91' lang='lat' dir='ltr'>indole</span> 
     </span>
     <span class='ocr_line' id='line_1_3' title="bbox 110 1240 1212 1329; baseline 0.008 -28"><span class='ocrx_word' id='word_1_11' title='bbox 110 1246 144 1302; x_wconf 89' lang='lat' dir='ltr'>et</span> <span class='ocrx_word' id='word_1_12' title='bbox 159 1240 243 1324; x_wconf 89' lang='lat' dir='ltr'>stylo</span> <span class='ocrx_word' id='word_1_13' title='bbox 258 1242 407 1320; x_wconf 87' lang='lat' dir='ltr'>auctoris,</span> <span class='ocrx_word' id='word_1_14' title='bbox 423 1250 456 1306; x_wconf 92' lang='lat' dir='ltr'>et</span> <span class='ocrx_word' id='word_1_15' title='bbox 477 1249 587 1307; x_wconf 90' lang='lat' dir='ltr'>nostro</span> <span class='ocrx_word' id='word_1_16' title='bbox 609 1244 824 1328; x_wconf 79' lang='lat' dir='ltr'>qualicunque</span> <span class='ocrx_word' id='word_1_17' title='bbox 844 1245 963 1324; x_wconf 89' lang='lat' dir='ltr'>labore,</span> <span class='ocrx_word' id='word_1_18' title='bbox 979 1245 1015 1309; x_wconf 91' lang='lat' dir='ltr'>in</span> <span class='ocrx_word' id='word_1_19' title='bbox 1029 1245 1117 1310; x_wconf 92' lang='lat' dir='ltr'>hunc</span> <span class='ocrx_word' id='word_1_20' title='bbox 1132 1266 1212 1329; x_wconf 90' lang='lat' dir='ltr'>quo·</span> 
     </span>
     <span class='ocr_line' id='line_1_4' title="bbox 110 1361 956 1448; baseline 0.005 -25"><span class='ocrx_word' id='word_1_21' title='bbox 110 1381 173 1443; x_wconf 92' lang='lat' dir='ltr'>que</span> <span class='ocrx_word' id='word_1_22' title='bbox 188 1361 295 1425; x_wconf 91' lang='lat' dir='ltr'>locum</span> <span class='ocrx_word' id='word_1_23' title='bbox 308 1362 396 1426; x_wconf 90' lang='lat' dir='ltr'>haud</span> <span class='ocrx_word' id='word_1_24' title='bbox 410 1362 613 1427; x_wconf 86' lang='lat' dir='ltr'><strong>incommode</strong></span> <span class='ocrx_word' id='word_1_25' title='bbox 627 1371 761 1448; x_wconf 82' lang='lat' dir='ltr'>possunt</span> <span class='ocrx_word' id='word_1_26' title='bbox 780 1364 956 1428; x_wconf 78' lang='lat' dir='ltr'>transferri.</span> 
     </span>
    </p>

    <p class='ocr_par' dir='ltr' id='par_1_3' title="bbox 105 1461 1210 2768">
     <span class='ocr_line' id='line_1_5' title="bbox 155 1461 1208 1567; baseline 0.002 -22"><span class='ocrx_word' id='word_1_27' title='bbox 155 1482 269 1545; x_wconf 85' lang='lat' dir='ltr'>Restat</span> <span class='ocrx_word' id='word_1_28' title='bbox 303 1483 403 1567; x_wconf 85' lang='lat' dir='ltr'>igitur</span> <span class='ocrx_word' id='word_1_29' title='bbox 431 1461 468 1546; x_wconf 86' lang='lat' dir='ltr'>ut</span> <span class='ocrx_word' id='word_1_30' title='bbox 496 1483 577 1547; x_wconf 92' lang='lat' dir='ltr'>illud</span> <span class='ocrx_word' id='word_1_31' title='bbox 612 1492 743 1548; x_wconf 89' lang='lat' dir='ltr'>tantum</span> <span class='ocrx_word' id='word_1_32' title='bbox 772 1483 942 1548; x_wconf 85' lang='lat' dir='ltr'>Lectorem</span> <span class='ocrx_word' id='word_1_33' title='bbox 971 1483 1208 1562; x_wconf 80' lang='lat' dir='ltr'>admoneamus,</span> 
     </span>
     <span class='ocr_line' id='line_1_6' title="bbox 110 1600 1210 1689; baseline 0.004 -25"><span class='ocrx_word' id='word_1_34' title='bbox 110 1623 293 1686; x_wconf 90' lang='lat' dir='ltr'>quanquam</span> <span class='ocrx_word' id='word_1_35' title='bbox 308 1624 347 1668; x_wconf 83' lang='lat' dir='ltr'>ex</span> <span class='ocrx_word' id='word_1_36' title='bbox 362 1603 460 1689; x_wconf 91' lang='lat' dir='ltr'>hujus</span> <span class='ocrx_word' id='word_1_37' title='bbox 474 1604 577 1669; x_wconf 87' lang='lat' dir='ltr'>libelli</span> <span class='ocrx_word' id='word_1_38' title='bbox 590 1604 686 1668; x_wconf 68' lang='lat' dir='ltr'>tiolo</span> <span class='ocrx_word' id='word_1_39' title='bbox 701 1604 767 1669; x_wconf 82' lang='lat' dir='ltr'>fere</span> <span class='ocrx_word' id='word_1_40' title='bbox 782 1600 839 1688; x_wconf 89' lang='lat' dir='ltr'>per</span> <span class='ocrx_word' id='word_1_41' title='bbox 854 1624 887 1668; x_wconf 88' lang='lat' dir='ltr'>se</span> <span class='ocrx_word' id='word_1_42' title='bbox 902 1612 1020 1688; x_wconf 90' lang='lat' dir='ltr'>pateat,</span> <span class='ocrx_word' id='word_1_43' title='bbox 1037 1603 1123 1688; x_wconf 93' lang='lat' dir='ltr'>quod</span> <span class='ocrx_word' id='word_1_44' title='bbox 1137 1610 1210 1688; x_wconf 89' lang='lat' dir='ltr'>post</span> 
     </span>
     <span class='ocr_line' id='line_1_7' title="bbox 108 1721 1208 1805; baseline 0.004 -21"><span class='ocrx_word' id='word_1_45' title='bbox 108 1721 300 1805; x_wconf 83' lang='lat' dir='ltr'>Apologiam</span> <span class='ocrx_word' id='word_1_46' title='bbox 315 1744 406 1787; x_wconf 90' lang='lat' dir='ltr'>suam</span> <span class='ocrx_word' id='word_1_47' title='bbox 421 1723 462 1788; x_wconf 90' lang='lat' dir='ltr'>de</span> <span class='ocrx_word' id='word_1_48' title='bbox 477 1725 498 1787; x_wconf 89' lang='lat' dir='ltr'><strong>J</strong></span> <span class='ocrx_word' id='word_1_49' title='bbox 499 1731 668 1789; x_wconf 76' lang='lat' dir='ltr'>uramento</span> <span class='ocrx_word' id='word_1_50' title='bbox 683 1724 862 1789; x_wconf 75' lang='lat' dir='ltr'>Fidelitetis</span> <span class='ocrx_word' id='word_1_51' title='bbox 882 1724 1011 1802; x_wconf 72' lang='lat' dir='ltr'>editam</span> <span class='ocrx_word' id='word_1_52' title='bbox 1030 1725 1098 1788; x_wconf 85' lang='lat' dir='ltr'>Rex</span> <span class='ocrx_word' id='word_1_53' title='bbox 1113 1724 1134 1787; x_wconf 85' lang='lat' dir='ltr'><strong>J</strong></span> <span class='ocrx_word' id='word_1_54' title='bbox 1136 1745 1208 1788; x_wconf 87' lang='lat' dir='ltr'>aco·</span> 
     </span>
     <span class='ocr_line' id='line_1_8' title="bbox 107 1841 1208 1923; baseline 0.002 -18"><span class='ocrx_word' id='word_1_55' title='bbox 107 1841 169 1905; x_wconf 85' lang='lat' dir='ltr'>bus</span> <span class='ocrx_word' id='word_1_56' title='bbox 190 1863 259 1906; x_wconf 87' lang='lat' dir='ltr'>rem</span> <span class='ocrx_word' id='word_1_57' title='bbox 280 1850 384 1907; x_wconf 86' lang='lat' dir='ltr'>totam</span> <span class='ocrx_word' id='word_1_58' title='bbox 405 1843 508 1908; x_wconf 85' lang='lat' dir='ltr'>fusius</span> <span class='ocrx_word' id='word_1_59' title='bbox 525 1845 684 1923; x_wconf 86' lang='lat' dir='ltr'>tractavit,</span> <span class='ocrx_word' id='word_1_60' title='bbox 700 1851 732 1909; x_wconf 90' lang='lat' dir='ltr'>et</span> <span class='ocrx_word' id='word_1_61' title='bbox 754 1844 979 1909; x_wconf 81' lang='lat' dir='ltr'>Praesationem</span> <span class='ocrx_word' id='word_1_62' title='bbox 997 1844 1208 1908; x_wconf 86' lang='lat' dir='ltr'>Monitoriam</span> 
     </span>
     <span class='ocr_line' id='line_1_9' title="bbox 108 1962 1208 2049; baseline 0.003 -24"><span class='ocrx_word' id='word_1_63' title='bbox 108 1962 275 2047; x_wconf 84' lang='lat' dir='ltr'>Apologiae</span> <span class='ocrx_word' id='word_1_64' title='bbox 297 1985 363 2028; x_wconf 85' lang='lat' dir='ltr'>suae</span> <span class='ocrx_word' id='word_1_65' title='bbox 381 1965 608 2049; x_wconf 76' lang='lat' dir='ltr'>praefigendam</span> <span class='ocrx_word' id='word_1_66' title='bbox 628 1966 762 2030; x_wconf 85' lang='lat' dir='ltr'>curavit.</span> <span class='ocrx_word' id='word_1_67' title='bbox 807 1966 849 2028; x_wconf 90' lang='lat' dir='ltr'>In</span> <span class='ocrx_word' id='word_1_68' title='bbox 873 1965 957 2028; x_wconf 89' lang='lat' dir='ltr'>hauc</span> <span class='ocrx_word' id='word_1_69' title='bbox 981 1963 1208 2028; x_wconf 81' lang='lat' dir='ltr'>Praesationem</span> 
     </span>
     <span class='ocr_line' id='line_1_10' title="bbox 108 2082 1207 2169; baseline 0.002 -24"><span class='ocrx_word' id='word_1_70' title='bbox 108 2082 267 2147; x_wconf 84' lang='lat' dir='ltr'>calamum</span> <span class='ocrx_word' id='word_1_71' title='bbox 284 2085 420 2169; x_wconf 84' lang='lat' dir='ltr'>sumpsit</span> <span class='ocrx_word' id='word_1_72' title='bbox 434 2085 659 2165; x_wconf 86' lang='lat' dir='ltr'>Bellarminus,</span> <span class='ocrx_word' id='word_1_73' title='bbox 674 2087 763 2149; x_wconf 87' lang='lat' dir='ltr'>larva</span> <span class='ocrx_word' id='word_1_74' title='bbox 784 2084 915 2149; x_wconf 90' lang='lat' dir='ltr'>tandem</span> <span class='ocrx_word' id='word_1_75' title='bbox 937 2084 1071 2168; x_wconf 88' lang='lat' dir='ltr'>abjecta,</span> <span class='ocrx_word' id='word_1_76' title='bbox 1087 2092 1119 2148; x_wconf 92' lang='lat' dir='ltr'>et</span> <span class='ocrx_word' id='word_1_77' title='bbox 1134 2106 1207 2167; x_wconf 88' lang='lat' dir='ltr'>pro-</span> 
     </span>
     <span class='ocr_line' id='line_1_11' title="bbox 107 2203 1208 2291; baseline 0.004 -26"><span class='ocrx_word' id='word_1_78' title='bbox 107 2203 177 2286; x_wconf 92' lang='lat' dir='ltr'>prio</span> <span class='ocrx_word' id='word_1_79' title='bbox 206 2226 263 2269; x_wconf 88' lang='lat' dir='ltr'>suo</span> <span class='ocrx_word' id='word_1_80' title='bbox 292 2206 423 2271; x_wconf 92' lang='lat' dir='ltr'>nomine</span> <span class='ocrx_word' id='word_1_81' title='bbox 447 2207 570 2291; x_wconf 84' lang='lat' dir='ltr'>Regem</span> <span class='ocrx_word' id='word_1_82' title='bbox 599 2206 803 2290; x_wconf 83' lang='lat' dir='ltr'>impugnans.</span> <span class='ocrx_word' id='word_1_83' title='bbox 855 2205 927 2270; x_wconf 90' lang='lat' dir='ltr'>Nec</span> <span class='ocrx_word' id='word_1_84' title='bbox 950 2206 1075 2269; x_wconf 84' lang='lat' dir='ltr'>Auctor</span> <span class='ocrx_word' id='word_1_85' title='bbox 1099 2212 1208 2269; x_wconf 90' lang='lat' dir='ltr'>noster</span> 
     </span>
     <span class='ocr_line' id='line_1_12' title="bbox 107 2324 1206 2411; baseline 0.001 -23"><span class='ocrx_word' id='word_1_86' title='bbox 107 2325 281 2409; x_wconf 89' lang='lat' dir='ltr'>quidquam</span> <span class='ocrx_word' id='word_1_87' title='bbox 305 2326 340 2390; x_wconf 90' lang='lat' dir='ltr'>in</span> <span class='ocrx_word' id='word_1_88' title='bbox 363 2348 454 2391; x_wconf 87' lang='lat' dir='ltr'>mora</span> <span class='ocrx_word' id='word_1_89' title='bbox 475 2327 598 2403; x_wconf 87' lang='lat' dir='ltr'>habuit,</span> <span class='ocrx_word' id='word_1_90' title='bbox 623 2327 702 2411; x_wconf 92' lang='lat' dir='ltr'>quin</span> <span class='ocrx_word' id='word_1_91' title='bbox 727 2326 824 2409; x_wconf 82' lang='lat' dir='ltr'>Regis</span> <span class='ocrx_word' id='word_1_92' title='bbox 849 2324 1067 2390; x_wconf 81' lang='lat' dir='ltr'>defensionem</span> <span class='ocrx_word' id='word_1_93' title='bbox 1089 2325 1206 2390; x_wconf 88' lang='lat' dir='ltr'>iterum</span> 
     </span>
     <span class='ocr_line' id='line_1_13' title="bbox 106 2445 1207 2530; baseline 0.002 -23"><span class='ocrx_word' id='word_1_94' title='bbox 106 2445 300 2525; x_wconf 89' lang='lat' dir='ltr'>institueret,</span> <span class='ocrx_word' id='word_1_95' title='bbox 313 2446 423 2511; x_wconf 85' lang='lat' dir='ltr'>omnia</span> <span class='ocrx_word' id='word_1_96' title='bbox 437 2446 620 2530; x_wconf 83' lang='lat' dir='ltr'>plenissime</span> <span class='ocrx_word' id='word_1_97' title='bbox 634 2454 822 2524; x_wconf 88' lang='lat' dir='ltr'>retractans,</span> <span class='ocrx_word' id='word_1_98' title='bbox 836 2453 869 2509; x_wconf 94' lang='lat' dir='ltr'>ct</span> <span class='ocrx_word' id='word_1_99' title='bbox 883 2467 950 2509; x_wconf 92' lang='lat' dir='ltr'>nou</span> <span class='ocrx_word' id='word_1_100' title='bbox 965 2445 1060 2510; x_wconf 89' lang='lat' dir='ltr'>modo</span> <span class='ocrx_word' id='word_1_101' title='bbox 1072 2446 1207 2530; x_wconf 82' lang='lat' dir='ltr'>Regiam</span> 
     </span>
     <span class='ocr_line' id='line_1_14' title="bbox 106 2564 1208 2650; baseline 0.003 -22"><span class='ocrx_word' id='word_1_102' title='bbox 106 2564 281 2629; x_wconf 85' lang='lat' dir='ltr'>defendens</span> <span class='ocrx_word' id='word_1_103' title='bbox 310 2567 557 2644; x_wconf 80' lang='lat' dir='ltr'>Auctoritatem,</span> <span class='ocrx_word' id='word_1_104' title='bbox 584 2587 695 2631; x_wconf 87' lang='lat' dir='ltr'>verum</span> <span class='ocrx_word' id='word_1_105' title='bbox 724 2566 823 2631; x_wconf 87' lang='lat' dir='ltr'>etiam</span> <span class='ocrx_word' id='word_1_106' title='bbox 848 2565 937 2629; x_wconf 90' lang='lat' dir='ltr'>omni</span> <span class='ocrx_word' id='word_1_107' title='bbox 962 2587 1002 2630; x_wconf 83' lang='lat' dir='ltr'>ex</span> <span class='ocrx_word' id='word_1_108' title='bbox 1025 2573 1115 2650; x_wconf 82' lang='lat' dir='ltr'>perte</span> <span class='ocrx_word' id='word_1_109' title='bbox 1142 2568 1208 2631; x_wconf 89' lang='lat' dir='ltr'>Ro·</span> 
     </span>
     <span class='ocr_line' id='line_1_15' title="bbox 105 2683 721 2768; baseline 0.002 -21"><span class='ocrx_word' id='word_1_110' title='bbox 105 2684 309 2749; x_wconf 89' lang='lat' dir='ltr'>manensium</span> <span class='ocrx_word' id='word_1_111' title='bbox 324 2684 503 2749; x_wconf 88' lang='lat' dir='ltr'>doctrinam</span> <span class='ocrx_word' id='word_1_112' title='bbox 517 2683 721 2768; x_wconf 83' lang='lat' dir='ltr'>redarguens.</span> 
     </span>
    </p>

    <p class='ocr_par' dir='ltr' id='par_1_4' title="bbox 104 2803 1293 3248">
     <span class='ocr_line' id='line_1_16' title="bbox 149 2803 1206 2888; baseline 0.001 -20"><span class='ocrx_word' id='word_1_113' title='bbox 149 2805 192 2868; x_wconf 92' lang='lat' dir='ltr'>In</span> <span class='ocrx_word' id='word_1_114' title='bbox 221 2804 281 2869; x_wconf 92' lang='lat' dir='ltr'>hoc</span> <span class='ocrx_word' id='word_1_115' title='bbox 315 2825 411 2888; x_wconf 88' lang='lat' dir='ltr'>opere</span> <span class='ocrx_word' id='word_1_116' title='bbox 447 2803 580 2883; x_wconf 92' lang='lat' dir='ltr'>edendo,</span> <span class='ocrx_word' id='word_1_117' title='bbox 610 2826 745 2869; x_wconf 91' lang='lat' dir='ltr'>munere</span> <span class='ocrx_word' id='word_1_118' title='bbox 777 2804 919 2869; x_wconf 84' lang='lat' dir='ltr'>Editoris</span> <span class='ocrx_word' id='word_1_119' title='bbox 948 2804 1010 2868; x_wconf 90' lang='lat' dir='ltr'>rite</span> <span class='ocrx_word' id='word_1_120' title='bbox 1039 2803 1142 2887; x_wconf 83' lang='lat' dir='ltr'>fungi,</span> <span class='ocrx_word' id='word_1_121' title='bbox 1173 2812 1206 2869; x_wconf 97' lang='lat' dir='ltr'>et</span> 
     </span>
     <span class='ocr_line' id='line_1_17' title="bbox 105 2907 1283 3007; baseline -0.001 -20"><span class='ocrx_word' id='word_1_122' title='bbox 105 2944 265 2987; x_wconf 89' lang='lat' dir='ltr'>summam</span> <span class='ocrx_word' id='word_1_123' title='bbox 280 2923 481 3007; x_wconf 82' lang='lat' dir='ltr'>diligentium</span> <span class='ocrx_word' id='word_1_124' title='bbox 502 2907 538 2986; x_wconf 89' lang='lat' dir='ltr'>in</span> <span class='ocrx_word' id='word_1_125' title='bbox 557 2923 645 3003; x_wconf 92' lang='lat' dir='ltr'>locis,</span> <span class='ocrx_word' id='word_1_126' title='bbox 662 2945 733 3007; x_wconf 83' lang='lat' dir='ltr'>quae</span> <span class='ocrx_word' id='word_1_127' title='bbox 748 2923 892 2987; x_wconf 78' lang='lat' dir='ltr'>citaverit</span> <span class='ocrx_word' id='word_1_128' title='bbox 906 2924 1039 3001; x_wconf 90' lang='lat' dir='ltr'>Auctor,</span> <span class='ocrx_word' id='word_1_129' title='bbox 1056 2923 1205 2986; x_wconf 88' lang='lat' dir='ltr'>eruendis</span> <span class='ocrx_word' id='word_1_130' title='bbox 1280 2958 1283 2964; x_wconf 93' lang='lat'>·</span> 
     </span>
     <span class='ocr_line' id='line_1_18' title="bbox 105 3043 1293 3128; baseline -0.002 -20"><span class='ocrx_word' id='word_1_131' title='bbox 105 3044 256 3109; x_wconf 89' lang='lat' dir='ltr'>adhibere</span> <span class='ocrx_word' id='word_1_132' title='bbox 281 3044 451 3109; x_wconf 85' lang='lat' dir='ltr'>voluimus.</span> <span class='ocrx_word' id='word_1_133' title='bbox 496 3044 572 3123; x_wconf 92' lang='lat' dir='ltr'>Alii,</span> <span class='ocrx_word' id='word_1_134' title='bbox 598 3064 696 3128; x_wconf 88' lang='lat' dir='ltr'>penes</span> <span class='ocrx_word' id='word_1_135' title='bbox 722 3065 801 3128; x_wconf 91' lang='lat' dir='ltr'>quos</span> <span class='ocrx_word' id='word_1_136' title='bbox 824 3044 864 3107; x_wconf 91' lang='lat' dir='ltr'>de</span> <span class='ocrx_word' id='word_1_137' title='bbox 890 3044 950 3107; x_wconf 92' lang='lat' dir='ltr'>hac</span> <span class='ocrx_word' id='word_1_138' title='bbox 976 3063 1011 3107; x_wconf 90' lang='lat' dir='ltr'>rc</span> <span class='ocrx_word' id='word_1_139' title='bbox 1035 3043 1203 3128; x_wconf 85' lang='lat' dir='ltr'>judicium,</span> <span class='ocrx_word' id='word_1_140' title='bbox 1286 3101 1293 3112; x_wconf 87' lang='grc'><em>,</em></span> 
     </span>
     <span class='ocr_line' id='line_1_19' title="bbox 104 3164 778 3248; baseline 0 -20"><span class='ocrx_word' id='word_1_141' title='bbox 104 3164 229 3228; x_wconf 85' lang='lat' dir='ltr'>labores</span> <span class='ocrx_word' id='word_1_142' title='bbox 243 3171 369 3228; x_wconf 88' lang='lat' dir='ltr'>nostros</span> <span class='ocrx_word' id='word_1_143' title='bbox 383 3185 475 3247; x_wconf 83' lang='lat' dir='ltr'>aequo</span> <span class='ocrx_word' id='word_1_144' title='bbox 491 3164 597 3229; x_wconf 90' lang='lat' dir='ltr'>animo</span> <span class='ocrx_word' id='word_1_145' title='bbox 613 3164 778 3248; x_wconf 79' lang='lat' dir='ltr'>accipiant.</span> 
     </span>
    </p>

    <p class='ocr_par' dir='ltr' id='par_1_5' title="bbox 103 3283 1205 3608">
     <span class='ocr_line' id='line_1_20' title="bbox 149 3283 1204 3369; baseline -0.001 -21"><span class='ocrx_word' id='word_1_146' title='bbox 149 3285 235 3349; x_wconf 85' lang='lat' dir='ltr'>Ill&#39;u&#39;d</span> <span class='ocrx_word' id='word_1_147' title='bbox 260 3285 392 3369; x_wconf 89' lang='lat' dir='ltr'>iusuper</span> <span class='ocrx_word' id='word_1_148' title='bbox 414 3292 463 3348; x_wconf 87' lang='lat' dir='ltr'>est</span> <span class='ocrx_word' id='word_1_149' title='bbox 492 3285 701 3363; x_wconf 89' lang='lat' dir='ltr'>monendum,</span> <span class='ocrx_word' id='word_1_150' title='bbox 728 3284 813 3369; x_wconf 92' lang='lat' dir='ltr'>quod</span> <span class='ocrx_word' id='word_1_151' title='bbox 838 3284 966 3349; x_wconf 89' lang='lat' dir='ltr'>numeri</span> <span class='ocrx_word' id='word_1_152' title='bbox 995 3284 1031 3346; x_wconf 91' lang='lat' dir='ltr'>in</span> <span class='ocrx_word' id='word_1_153' title='bbox 1058 3283 1204 3367; x_wconf 83' lang='lat' dir='ltr'>margine</span> 
     </span>
     <span class='ocr_line' id='line_1_21' title="bbox 103 3375 1205 3489; baseline -0.002 -21"><span class='ocrx_word' id='word_1_154' title='bbox 103 3404 178 3468; x_wconf 92' lang='lat' dir='ltr'>libri</span> <span class='ocrx_word' id='word_1_155' title='bbox 192 3405 325 3489; x_wconf 85' lang='lat' dir='ltr'>paginas</span> <span class='ocrx_word' id='word_1_156' title='bbox 338 3375 497 3469; x_wconf 84' lang='lat' dir='ltr'>Editionis</span> <span class='ocrx_word' id='word_1_157' title='bbox 512 3405 624 3488; x_wconf 91' lang='lat' dir='ltr'>prioris</span> <span class='ocrx_word' id='word_1_158' title='bbox 638 3405 791 3483; x_wconf 84' lang='lat' dir='ltr'>indicent,</span> <span class='ocrx_word' id='word_1_159' title='bbox 808 3403 957 3487; x_wconf 90' lang='lat' dir='ltr'>quodque</span> <span class='ocrx_word' id='word_1_160' title='bbox 972 3402 1080 3466; x_wconf 93' lang='lat' dir='ltr'>omnia</span> <span class='ocrx_word' id='word_1_161' title='bbox 1093 3411 1205 3466; x_wconf 88' lang='lat' dir='ltr'>nostra</span> 
     </span>
     <span class='ocr_line' id='line_1_22' title="bbox 104 3521 1204 3608; baseline -0.002 -20"><span class='ocrx_word' id='word_1_162' title='bbox 104 3526 324 3608; x_wconf 91' lang='lat' dir='ltr'>cujuscunque</span> <span class='ocrx_word' id='word_1_163' title='bbox 346 3524 472 3608; x_wconf 86' lang='lat' dir='ltr'>generis</span> <span class='ocrx_word' id='word_1_164' title='bbox 494 3525 713 3590; x_wconf 88' lang='lat' dir='ltr'>additamenta</span> <span class='ocrx_word' id='word_1_165' title='bbox 733 3523 859 3588; x_wconf 88' lang='lat' dir='ltr'>uncinis</span> <span class='ocrx_word' id='word_1_166' title='bbox 880 3521 1053 3607; x_wconf 89' lang='lat' dir='ltr'>quadratis,</span> <span class='ocrx_word' id='word_1_167' title='bbox 1072 3521 1204 3586; x_wconf 89' lang='lat' dir='ltr'>distinc-</span> 
     </span>
    </p>
   </div>
   <div class='ocr_carea' id='block_1_3' title="bbox 103 3643 566 3747">
    <p class='ocr_par' dir='ltr' id='par_1_6' title="bbox 103 3643 566 3747">
     <span class='ocr_line' id='line_1_23' title="bbox 103 3643 566 3747; baseline 0.002 -40"><span class='ocrx_word' id='word_1_168' title='bbox 103 3644 201 3708; x_wconf 88' lang='lat' dir='ltr'>tionis</span> <span class='ocrx_word' id='word_1_169' title='bbox 216 3644 329 3728; x_wconf 82' lang='lat' dir='ltr'>gratia,</span> <span class='ocrx_word' id='word_1_170' title='bbox 345 3650 421 3708; x_wconf 90' lang='lat' dir='ltr'>sunt</span> <span class='ocrx_word' id='word_1_171' title='bbox 435 3643 566 3747; x_wconf 74' lang='lat' dir='ltr'>inclusa.</span> 
     </span>
    </p>
   </div>
   <div class='ocr_carea' id='block_1_4' title="bbox 791 3881 1156 3947">
    <p class='ocr_par' dir='ltr' id='par_1_7' title="bbox 791 3881 1156 3947">
     <span class='ocr_line' id='line_1_24' title="bbox 791 3881 1156 3947; baseline 0 -1"><span class='ocrx_word' id='word_1_172' title='bbox 791 3883 992 3947; x_wconf 85' lang='lat' dir='ltr'>JACOBUS</span> <span class='ocrx_word' id='word_1_173' title='bbox 1017 3881 1156 3946; x_wconf 85' lang='lat' dir='ltr'><strong>BLISS.</strong></span> 
     </span>
    </p>
   </div>
   <div class='ocr_carea' id='block_1_5' title="bbox 0 0 1460 4926">
    <p class='ocr_par' dir='ltr' id='par_1_8' title="bbox 0 0 1460 4926">
     <span class='ocr_line' id='line_1_25' title="bbox 0 0 1460 4926; baseline 0 3"><span class='ocrx_word' id='word_1_174' title='bbox 0 0 1460 4926; x_wconf 95' lang='lat' dir='ltr'> </span> 
     </span>
    </p>
   </div>
  </div>
 </body>
</html>
