2910 4926
264 275 328 338 306
577 290 620 338 sn
642 289 833 339 οιιιιιιιιιιιι
855 286 1055 338 naussum

265 448 372 509 tiones.
419 445 600 529 Ampullari
616 468 682 509 non
698 446 820 526 didicit,
836 468 897 511 nec
911 447 966 530 qui
982 445 1163 509 didicerunt
1177 448 1283 507 amat:
1305 457 1369 504 nec

266 574 339 614 curn
356 551 453 615 Torto
476 550 591 628 dicere,
616 552 810 632 apertissime
826 552 1039 614 demonstrare
1059 569 1104 627 se,
1120 569 1191 632 quae
1206 547 1258 610 vix
1272 545 1371 610 dubia

266 655 337 719 luce
351 654 512 738 proponit,
522 655 573 717 vel
587 654 721 718 infantis
737 654 810 739 pedi
828 653 980 719 Herculis
994 654 1169 717 cothurnos
1182 647 1370 716 inducere&

266 761 312 822 At
327 758 424 837 enim,
440 759 467 821 si
481 781 546 822 non
559 759 696 822 strictim
711 759 852 842 attingat
864 758 1054 835 cardinalis,
1071 755 1170 840 (quod
1183 755 1252 819 fere
1266 752 1366 831 facit)

267 865 322 928 sed
338 865 487 942 excutiat,
504 871 540 927 ut
562 886 620 948 par
638 871 697 942 est,
713 863 785 948 plus
802 863 901 927 etiam
916 862 1035 926 sentiet
1049 861 1166 940 inesse,
1180 878 1279 944 quam
1298 877 1369 921 coa-

258 970 412 1051 jecturos.
449 967 538 1033 Quid
550 988 643 1051 porro
653 966 751 1031 faciat
767 968 860 1031 Rex?
885 966 940 1050 qui
953 965 1080 1050 placcat
1093 963 1280 1029 hominibus
1293 960 1370 1026 his?

268 1071 399 1135 Diceret
424 1071 594 1152 magnifice
619 1070 723 1134 multa
747 1070 787 1133 de
810 1070 887 1148 suis,
910 1090 978 1134 non
1002 1069 1199 1151 conjecturas
1225 1087 1291 1145 eas,
1313 1064 1370 1130 sed

268 1176 424 1258 doqmato,
440 1173 643 1256 definitiones,
659 1175 698 1238 de
710 1173 778 1255 fide
801 1194 933 1238 omnes:
957 1173 1019 1238 hoc
1039 1173 1119 1257 ipso,
1136 1192 1203 1236 non
1217 1169 1370 1254 placeret.

272 1278 386 1341 Minus
403 1285 511 1342 autem
534 1277 623 1357 dicit,
643 1299 741 1362 quam
755 1298 813 1362 par
828 1285 948 1356 est-et,
963 1277 1080 1360 quibus
1096 1276 1146 1340 uti
1162 1281 1272 1359 posset
1286 1273 1370 1339 voci-

268 1380 338 1460 bus,
368 1380 514 1444 modeste
544 1381 704 1445 abstinet:
737 1382 851 1445 nesio
881 1380 1013 1463 quidem
1039 1379 1153 1464 placet.
1199 1376 1372 1442 Utrumvis

267 1486 391 1562 fecerit,
418 1485 561 1549 incurret
584 1486 619 1549 in
645 1507 720 1549 euru
745 1485 935 1550 Cardinalis.
980 1484 1079 1548 Unde
1102 1483 1219 1548 merito
1243 1482 1275 1546 ei
1300 1480 1371 1545 laus

270 1590 387 1669 debita,
409 1597 497 1653 certa
513 1589 561 1653 illi
583 1589 797 1673 reprehensio.
843 1588 905 1652 Illc
926 1609 1001 1651 vero
1027 1586 1192 1668 lhipodem
1208 1606 1275 1651 non
1294 1605 1370 1649 con·

270 1695 403 1772 scendit,
419 1715 479 1758 nec
500 1696 627 1758 macula
647 1694 765 1771 fundit,
782 1700 820 1756 ut
836 1694 933 1777 Papa,
949 1688 1015 1756 nec'
1026 1692 1170 1775 loquitur
1190 1691 1371 1768 sententias,

269 1805 307 1862 ut
319 1797 518 1863 cardinalis:
534 1819 605 1881 quae
620 1797 768 1881 proponit
780 1803 900 1873 tamen,
913 1803 987 1858 utut
999 1813 1038 1858 ea
1053 1792 1232 1858 cardinalis
1242 1793 1371 1871 habeat,

269 1901 353 1984 apud
376 1901 445 1984 pios
466 1907 498 1963 et
519 1900 703 1984 prudentes,
719 1921 786 1963 non
801 1899 927 1963 dubitat
942 1899 1006 1961 vim
1022 1905 1055 1962 et
1068 1898 1196 1982 pondus
1210 1896 1370 1962 habitura.

271 2004 336 2067 Scd
356 2005 539 2086 conjecture
560 2011 671 2067 tamen
692 2003 751 2082 hae,
767 2011 805 2066 ut
822 2003 982 2081 videntur,
1001 2001 1047 2065 sic
1067 2003 1210 2083 conjectae
1230 2007 1318 2079 sunt,
1335 2009 1372 2064 ut

269 2106 499 2169 Antichristam
513 2107 665 2168 isaacium
687 2125 749 2167 noa
769 2106 961 2188 reliquerint,
973 2113 1011 2168 ut
1025 2103 1176 2187 petierint
1191 2125 1277 2181 eum,
1289 2102 1372 2168 forte

269 2208 366 2272 etiam
378 2208 528 2273 laeserint.
554 2210 640 2273 Nam
652 2215 778 2272 mutata
787 2208 950 2272 Cardinali
959 2229 1050 2271 mens
1061 2208 1177 2271 subito.
1202 2205 1373 2271 subiratus

269 2313 366 2390 enim,
378 2313 448 2396 jam
462 2312 532 2376 vult
547 2314 688 2395 sispalas
696 2314 843 2395 persequi
851 2338 865 2387 ,·
887 2312 1034 2396 persequi
1050 2333 1082 2375 se
1097 2311 1178 2375 velle
1193 2310 1259 2374 ait:
1284 2310 1373 2377 Quid

269 2415 330 2479 hoc
356 2418 429 2479 est?
453 2417 617 2479 nonnullos
642 2417 876 2498 conjecturare
902 2414 1062 2493 Patricia,
1090 2435 1147 2478 seu
1175 2415 1224 2497 (ut
1249 2415 1373 2478 mavult

271 2518 392 2603 dicere)
406 2520 585 2597 sententias,
602 2519 711 2601 Repiis
726 2539 886 2601 opponere.
932 2520 976 2582 'ut
995 2519 1057 2582 hoc
1080 2517 1127 2580 illi
1144 2519 1294 2599 persequi
1312 2525 1371 2581 cst.

272 2621 335 2684 Sed
352 2643 393 2683 an
409 2622 522 2697 nescit,
539 2621 578 2684 de
589 2624 789 2706 Apocalypsi,
806 2624 851 2705 (et
866 2622 970 2705 siquid
985 2630 1140 2704 praeterea
1155 2628 1204 2684 est
1218 2621 1254 2683 in
1267 2621 1373 2684 Sacris

271 2724 452 2807 argumenti
475 2726 603 2807 mystici
619 2733 650 2788 ct
667 2725 868 2808 subobscuri)
886 2725 968 2788 nihil
984 2725 1062 2789 dum
1078 2725 1119 2788 ab
1134 2724 1278 2789 Ecclesia
1293 2726 1372 2788 certi

269 2826 502 2909 prescriptum,
518 2848 574 2890 nec
590 2828 627 2889 de
635 2827 713 2908 fide,
729 2835 766 2891 ut
777 2849 843 2892 uno
855 2836 984 2890 tanturn
995 2826 1228 2910 interpretandi
1244 2848 1372 2910 genere,

270 2951 330 2993 nec
345 2930 407 2992 alio
424 2931 472 2993 uti
488 2930 545 3009 fas,
562 2939 629 2993 tarn
646 2931 767 2995 scilicet
783 2930 950 3014 explicato
967 2938 999 2994 et
1018 2930 1150 3014 liquido,
1166 2930 1260 3006 nihil,
1276 2942 1316 2994 ut
1330 2930 1372 2994 ab

223 3044 231 3055 ’
271 3053 308 3096 eo
329 3033 500 3111 discedere,
515 3034 608 3113 nihil,
631 3041 668 3097 ut
691 3034 726 3098 in
749 3035 856 3118 aliquo
879 3035 1057 3118 discrepare
1072 3034 1162 3097 nefas
1177 3034 1244 3097 siti
1289 3034 1373 3113 Imo,

270 3138 450 3229 utquisque
462 3138 609 3222 impletas
625 3138 669 3202 ibi
680 3139 862 3222 prophetias
874 3139 1097 3222 probabilitate
1109 3139 1248 3202 maxima
1260 3139 1374 3203 docere

270 3243 398 3325 poterit,
432 3245 479 3306 ita
502 3244 617 3326 cuique
643 3244 780 3308 liberum
807 3247 842 3307 in
872 3244 910 3307 iis
943 3243 1138 3326 explicandis
1164 3244 1214 3307 uti
1239 3243 1373 3326 judicic,

271 3345 435 3409 abundare
460 3368 556 3410 sensu
582 3347 666 3411 suo¹z
692 3347 770 3410 dum
791 3355 902 3410 tamen
924 3347 1022 3410 fidem
1045 3368 1087 3409 ne
1106 3346 1211 3423 laedat,
1237 3354 1280 3425 et,
1302 3369 1374 3430 quae

271 3451 387 3532 passim
400 3450 474 3513 alibi
484 3458 667 3529 occurrunt,
679 3451 853 3533 Scripturas
862 3451 940 3514 locis
953 3472 995 3514 ne
1007 3450 1234 3514 contraveniat.
1258 3450 1375 3514 Patres

272 3553 401 3635 quidem
418 3554 488 3635 ipsi,
505 3554 582 3615 dum
607 3554 740 3637 quisquc
755 3576 813 3636 pro
828 3561 924 3636 captu
944 3576 1002 3618 suo
1020 3552 1136 3616 evolvit
1151 3553 1195 3616 ibi
1211 3554 1374 3636 mysteria,

272 3655 392 3718 abeunt
410 3654 534 3731 diversi,
552 3663 599 3732 ut,
616 3661 688 3736 quot
706 3677 787 3736 pene
810 3656 925 3737 capita,
947 3660 992 3717 tot
1014 3665 1160 3732 scearam;
1186 3676 1245 3719 nco
1265 3655 1319 3719 hic
1339 3657 1375 3720 in

271 3757 363 3819 illum
393 3765 502 3820 tamen
530 3759 651 3823 Censor
675 3767 743 3822 tam
770 3781 907 3838 severus,
930 3767 968 3823 ut
990 3760 1099 3843 inique
1122 3760 1214 3838 ferat,
1238 3760 1264 3823 si
1288 3761 1374 3826 idem

273 3883 383 3925 secum
399 3883 466 3925 non
487 3863 615 3926 sentiat.
663 3864 767 3941 Certe,
783 3886 848 3927 non
864 3886 930 3928 uno
945 3866 999 3928 filo
1015 3865 1201 3945 decurrant,
1217 3887 1278 3930 nco
1293 3867 1375 3931 ulter·

273 3965 313 4028 ab
337 3965 438 4028 altero
464 3967 608 4049 exigunt,
633 3973 670 4030 ut
698 3988 762 4029 uno
774 3992 783 4045 ;
816 3967 937 4046 sinunt,
962 3977 1000 4031 ut
1031 3969 1165 4046 diverso,
1188 3991 1248 4034 nec
1278 3971 1313 4033 in
1336 3993 1375 4035 eo

272 4078 383 4132 tamen
397 4069 470 4133 laedi
493 4070 645 4152 pietatem
661 4077 788 4152 putant.
835 4071 917 4153 Regi
932 4071 984 4133 hic
999 4071 1085 4133 idem
1101 4092 1158 4135 cur
1177 4093 1243 4135 non
1258 4073 1374 4137 licuit?

274 4196 344 4257 quae
370 4174 536 4238 observata
560 4175 589 4237 ei
614 4181 700 4252 sunt,
717 4195 774 4236 cur
796 4196 860 4237 non
884 4175 1111 4259 interponere?
1134 4177 1325 4260 praesertim,
1347 4179 1374 4242 si

306 4374 316 4406 ¹¹
335 4375 412 4439 [Vide
425 4376 525 4433 Quinct
539 4375 624 4424 Insui.
640 4375 708 4425 Orat.
720 4375 764 4424 VI.
784 4378 799 4427 i.
876 4386 892 4407 ”⁸
912 4378 990 4442 [l'ide
1012 4380 1036 4429 S.
1054 4380 1158 4431 Hieron.
1175 4396 1257 4444 supra,
1272 4396 1305 4447 p.
1320 4385 1375 4432 21⁴.

272 4441 322 4503 aa]

306 4478 311 4487 .
843 4449 894 4491 nol.
928 4445 937 4507 ]

304 4504 310 4534 ¹
331 4504 414 4569 [licui.
428 4505 479 4553 xis.
492 4507 513 4553 5.
527 4503 617 4570 l'ulgsj
