2910 4926
272 269 337 334 162
578 286 622 332 an
643 284 834 333 oenomaus
856 283 1064 333 amaauamr.

273 462 345 505 sum
361 440 493 519 censeri,
513 440 657 524 adeoque
679 460 759 518 esse,
782 461 821 504 eo
841 439 877 503 in
898 460 1035 503 numero
1052 438 1130 521 (non
1152 437 1261 502 minus
1279 458 1377 521 quam

273 542 307 608 in
324 546 480 608 Societatc
500 544 617 627 vestra)
645 543 830 607 cerebrosos
855 543 1019 626 quosdam,
1040 563 1158 625 pronos
1177 541 1213 605 in
1237 541 1378 606 schisma

272 651 381 714 nimis.
425 650 535 714 Etiam
555 671 623 713 uon
637 649 758 728 deesse,
775 649 840 733 qui,
857 647 961 732 quoad
978 646 1142 730 religionis
1164 647 1270 730 capita
1291 669 1377 731 quae-

274 753 360 833 dam,
376 755 426 818 vix
444 753 626 837 peremnia
652 753 722 816 sani
745 752 819 816 sint.
866 751 956 816 Quos
983 772 1044 834 ego
1068 751 1131 830 hic,
1156 772 1236 834 quos
1257 751 1378 834 ubique

274 858 419 922 exclusos
435 857 517 922 volo.
561 857 649 921 Mihi
670 856 711 920 ab
736 855 888 920 exteriori
909 855 1076 938 regiminis
1098 854 1202 919 forma
1226 856 1378 919 Paritaui

275 969 360 1041 sunt,
372 984 438 1026 non
454 971 563 1027 autem
578 984 598 1025 a
611 960 776 1045 religione,
787 981 859 1044 quae
874 959 986 1024 eadem
1002 966 1035 1024 et
1050 967 1109 1039 est,
1126 967 1159 1024 et
1174 981 1243 1025 esse
1258 968 1376 1044 potest,

274 1066 332 1129 ubi
355 1066 454 1130 facies
479 1066 646 1151 regiminis
675 1072 808 1129 externa
836 1086 902 1129 non
930 1063 1053 1128 eadem.
1100 1064 1197 1128 Redit
1226 1072 1308 1148 post,
1336 1064 1378 1129 ad

274 1173 485 1235 introductam
500 1193 534 1235 co
550 1173 653 1235 diviua
670 1173 767 1252 plane
783 1172 934 1233 miraculo
954 1171 1134 1252 religionem
1144 1179 1165 1234 Β.
1213 1170 1378 1253 Respondi

275 1296 380 1359 supra,
409 1297 479 1359 qum
505 1284 665 1358 parerat.
721 1275 816 1358 Nego
842 1275 921 1358 jam,
947 1274 1148 1338 mentionem
1170 1273 1252 1338 inibi
1275 1274 1377 1338 ullam

275 1379 374 1441 diuini
396 1380 550 1444 miraculi.
597 1378 662 1444 Qui
684 1378 766 1441 solet
787 1377 963 1460 Anglicum
984 1377 1141 1461 inspicere
1156 1379 1283 1457 Tortus,
1299 1380 1376 1443 Car·

276 1481 402 1559 dinaliS,
426 1481 484 1545 ubi
504 1503 522 1545 e
543 1503 579 1545 re
599 1502 657 1544 sua
675 1480 710 1544 id
733 1488 793 1559 est,
814 1480 963 1564 inspiciat
980 1481 1034 1545 hio
1054 1479 1235 1546 Baedunia
1254 1483 1376 1568 Δῶρον,

274 1585 406 1663 videbit,
422 1592 513 1649 cetra
529 1586 677 1663 ordinem,
692 1605 746 1648 aera
761 1585 1016 1648 eutraardiaaria
1030 1587 1153 1649 ratium
1167 1587 1377 1650 introductam

274 1709 309 1750 ea
335 1688 526 1769 Religionem
541 1685 565 1750 ¹¹.
612 1687 751 1751 Nullum
780 1694 889 1751 autem
926 1689 1110 1751 miraculum
1139 1689 1184 1753 ibi
1216 1690 1375 1752 Mutuum.

276 1791 368 1855 Dixit
393 1797 502 1854 autem
526 1791 792 1869 cutraordiaaria,
815 1791 900 1873 quod
925 1791 1126 1856 stabiliendae
1147 1793 1311 1877 religionis
1325 1792 1378 1857 ria

275 1895 439 1957 ordinaria
455 1893 497 1957 sit
512 1915 569 1977 per
583 1893 801 1957 interventum
818 1896 1020 1959 auctoritatis
1033 1897 1154 1981 Regiae.
1187 1898 1261 1964 Qua
1275 1897 1327 1961 via
1340 1896 1376 1960 in

277 1999 419 2062 Scotiam
442 1997 627 2062 introducta
652 2019 720 2061 non
743 2005 802 2061 est.
848 1999 919 2063 Nec
945 1999 1032 2064 enim
1055 2000 1212 2085 Principis
1235 1999 1375 2065 auctori·

274 2109 376 2165 tatem
400 2107 628 2186 expectarunt:
665 2101 753 2164 Scias
777 2108 896 2182 autem,
922 2103 1009 2168 hune
1033 2103 1079 2168 ibi
1106 2104 1204 2188 Regis
1229 2104 1375 2169 animum

274 2203 392 2279 fuisse;
425 2203 515 2267 addit
541 2203 629 2266 enim
661 2203 712 2285 (ne
738 2203 833 2268 verbo
857 2203 987 2286 quidem
1012 2207 1109 2271 unico
1133 2206 1313 2291 interjecto)
1339 2208 1378 2270 id

276 2307 360 2388 quod
379 2308 413 2368 ia
430 2306 559 2388 Auctio,
576 2305 694 2383 Dacia,
711 2306 784 2367 aliia
802 2306 975 2370 Germania
987 2309 1146 2389 partibus,
1160 2309 1372 2390 factumest:

278 2431 374 2493 quam
390 2410 443 2473 hie
456 2408 634 2474 Cardinalis
649 2408 836 2488 clausulam,
849 2431 905 2493 per
921 2432 1015 2475 suum
1032 2413 1131 2491 ‘etc.,’
1147 2412 1292 2495 praecidit
1307 2420 1372 2477 sta-

277 2514 336 2577 tim
345 2540 354 2590 ;
379 2520 453 2578 ante
468 2521 587 2591 autem,
604 2524 770 2596 persuum
786 2517 829 2576 ‘et
838 2515 936 2595 paulo
946 2522 1019 2595 post
1029 2517 1054 2578 :'
1077 2537 1128 2595 ne,
1145 2516 1171 2579 si
1186 2516 1324 2581 venisset
1338 2517 1373 2580 in

276 2627 493 2701 conspectum,
507 2619 690 2699 conjectura
705 2617 816 2680 statim
831 2619 900 2702 ejus
911 2619 996 2682 mole
1008 2641 1065 2682 sna
1080 2628 1221 2685 ruerent.
1257 2621 1373 2685 Elaee-

274 2730 323 2783 ret
346 2721 447 2784 exiis
474 2721 584 2785 statim
607 2742 718 2784 sensus
741 2721 835 2798 illius,
858 2721 952 2804 quod,
974 2723 1230 2786 eatraardiuaria
1251 2726 1374 2788 ratione

273 2825 493 2903 introductam,
510 2825 641 2899 dixerat.
688 2824 755 2889 Ubi
775 2824 872 2903 enim,
888 2825 996 2889 ardiae
1019 2826 1148 2909 quidem
1170 2826 1277 2891 aditus
1298 2828 1374 2892 reli·

274 2929 361 3010 gioni
376 2929 565 3012 patefactus,
578 2951 635 3012 per
647 2950 700 2992 eos
712 2928 900 3013 patefactus,
912 2951 1010 3013 penes
1022 2952 1100 3014 quos
1112 2952 1219 2994 rerum
1231 2954 1371 3009 summa3

273 3031 360 3093 utin
376 3032 424 3110 iis,
438 3034 528 3116 (quas
544 3032 646 3114 dixit)
664 3032 927 3116 Rebuspnblieis:
950 3034 1005 3098 ubi
1021 3055 1120 3112 secuS,
1136 3037 1185 3117 (ut
1200 3036 1233 3098 in
1250 3037 1370 3118 Scotia)

273 3141 362 3196 extra
388 3134 531 3198 ordinem
556 3134 660 3217 plane.
706 3136 761 3212 At,
783 3134 869 3218 quod
892 3135 1027 3218 Anglice
1050 3136 1095 3199 sic
1118 3145 1267 3220 posuerat
1291 3140 1372 3217 Rex,

273 3237 408 3300 Latinus
423 3238 579 3321 interpres
590 3238 697 3316 vertit,
710 3239 824 3300 Divitia
837 3239 997 3302 miracuta.
1026 3240 1115 3322 Rege
1131 3248 1239 3304 autem
1253 3241 1371 3321 nescio,

273 3339 317 3401 sic
338 3339 445 3404 vertit.
489 3341 610 3404 Nescio
630 3341 718 3404 enim
742 3342 841 3423 Rege,
865 3341 1047 3424 publicatus
1067 3342 1148 3406 liber
1171 3342 1225 3407 ille
1245 3338 1371 3423 aureus,

273 3444 405 3521 Gallice,
422 3444 545 3521 Italica,
562 3443 746 3521 Teutonicc,
764 3443 891 3521 Latine,
910 3465 1005 3527 quem
1020 3446 1100 3523 Rea,
1116 3445 1201 3508 inter
1219 3444 1373 3528 κειμήλρα

271 3568 340 3611 esse
355 3548 455 3611 voluit
473 3547 615 3610 Hernico
631 3547 780 3630 Principi,
798 3547 849 3611 cui
872 3547 908 3610 in
928 3548 1068 3630 privatos
1091 3570 1166 3612 usus
1188 3570 1262 3612 eum
1285 3550 1371 3613 diea-

271 3655 332 3710 rot.
378 3648 450 3710 Nee
466 3647 506 3711 de
522 3647 640 3710 Latino
660 3646 805 3712 faciendo
821 3669 897 3712 cura
912 3648 968 3727 illi,
984 3656 1154 3733 postquam
1171 3661 1370 3731 emanasset3

271 3768 341 3825 nec,
368 3747 407 3810 de
429 3748 574 3810 versione
598 3748 667 3831 ejus
689 3748 815 3826 Latina,
840 3749 889 3811 vel
912 3749 1118 3832 corrigenda:
1149 3751 1272 3817 Quodsi
1294 3775 1372 3817 cura

271 3850 318 3912 illi
343 3849 465 3932 aliqua:
495 3850 561 3933 (qui
587 3849 672 3929 alibi,
700 3871 774 3914 cum
799 3853 915 3916 'Portas
926 3877 935 3928 ;
963 3852 1015 3916 hie
1043 3875 1168 3938 quoque
1194 3876 1268 3918 cam
1292 3858 1371 3921 Car-

271 3951 386 4014 dinalis
409 3959 477 4014 tam
495 3952 640 4015 curiosus
663 3960 720 4032 est,
744 3953 779 4016 in
794 3955 956 4018 versandis
971 3958 1140 4040 Anglicis,)
1159 3958 1185 4021 si
1200 3959 1249 4022 vel
1264 3960 1372 4044 aliqua

270 4053 299 4117 ei
315 4074 392 4116 cura
406 4053 468 4132 hie,
481 4055 619 4137 Angliea
629 4056 678 4119 vel
694 4056 901 4141 inspiciendi3
925 4067 1071 4124 cessante
1086 4063 1247 4141 ratiuncula,
1260 4063 1372 4127 statim

300 4272 359 4337 ¹[“
368 4272 509 4336 Religionis
532 4275 561 4323 in
584 4275 669 4326 Scotia
686 4277 800 4328 reforma·
845 4280 873 4329 in
900 4281 1027 4344 scotland,
1056 4282 1134 4346 being
1160 4283 1373 4348 extraordinarily

270 4337 386 4396 tio‚”etc.
405 4339 449 4388 lib.
463 4339 488 4388 ii.
502 4339 563 4389 ibid.
578 4340 659 4404 pra,
677 4347 799 4406 utsupra,
844 4346 995 4408 wroughtb
1031 4346 1212 4397 God.”-Bas.
1233 4348 1292 4399 Dor.
1314 4350 1370 4400 lab.

268 4416 293 4466 p.
301 4404 342 4496 ξῖ.
360 4408 411 4453 not.
422 4405 458 4465 '¹.]
570 4469 576 4482 ι
844 4410 911 4473 apud
923 4410 983 4474 lleg.
994 4363 1080 4462 laceb.
1099 4412 1145 4476 Op.
1158 4414 1235 4475 Aug,
1246 4428 1271 4478 p.
1284 4415 1353 4479 loa]

339 4465 427 4530 [‘·'lhe
449 4470 612 4520 reformatron
641 4470 669 4519 oi
693 4471 801 4534 religion
