2910 4926
455 291 637 341 sromouu
659 290 839 341 nuaousro.
1137 273 1202 338 233

101 443 257 527 refigendi
271 451 388 509 vetera.
419 445 502 509 Tum
517 467 622 530 neque
637 445 733 510 aliam
747 428 801 509 hic
814 464 944 528 poenam
959 443 1086 529 apponi,
1102 441 1203 527 siquis

101 548 209 628 violet,
226 569 323 632 quam
337 555 375 612 ut
390 548 504 612 subeat
518 551 581 613 τῶν
595 546 734 614 κανόνων
748 547 905 632 ἐπιτίμια.

135 683 226 734 Exstat
248 683 357 748 deniquo
374 720 381 733 .
398 721 404 733 .
422 685 530 735 Actione
551 684 707 736 undecima.
726 721 733 736 .
750 721 757 736 .
774 685 876 750 publica
893 682 1040 735 invocatio.
1059 717 1065 731 .
1083 680 1205 746 Martyris

168 765 400 830 Flaviani—[Ball.
408 766 483 830 Apol.
495 781 541 832 pro
553 767 638 832 Resp]
649 783 674 832 p.
682 770 721 818 93.
733 767 799 832 [Op.,
810 766 922 817 tonarii.
935 765 981 815 col.
989 764 1045 816 756.
1057 763 1100 829 1).]

148 866 356 930 Declamare
378 866 434 930 illo
453 867 522 950 jam
540 867 637 930 semel
659 867 895 931 conclamatum
917 862 1001 929 esti.
1043 863 1205 926 Invocaiio
1221 867 1335 948 [Sancto

103 969 161 1033 illa
174 991 242 1034 non
256 968 328 1034 fuit.
374 969 467 1033 Nihil
486 969 539 1034 hic
555 971 718 1035 Cardinali
742 978 799 1049 est,
814 969 880 1033 nisi
894 977 1016 1047 votum,
1032 976 1070 1032 ut
1088 966 1205 1031 oratio·
1218 949 1359 1051 ffiffl'*

105 1094 186 1136 num
217 1078 380 1156 compotes
405 1073 495 1150 fiant,
521 1073 637 1156 quibus
661 1074 710 1137 uti
736 1081 807 1137 turn
830 1073 866 1136 in
895 1072 983 1136 coelis
1005 1070 1205 1149 Flavianum,
1220 1064 1304 1180 gffi

108 1196 200 1260 spem
228 1197 296 1240 non
324 1196 440 1238 vanam
469 1175 641 1240 habebant.
696 1177 790 1240 Idem
821 1197 894 1240 vero
923 1182 957 1239 ct
985 1181 1144 1251 nostrum,
1167 1180 1331 1245 otmar„

105 1279 267 1358 Ecclesiae,
284 1300 393 1362 quaeve
416 1280 452 1342 in
475 1280 568 1343 terris
592 1288 651 1360 cst,
673 1302 782 1364 quaeve
804 1280 840 1343 in
863 1280 961 1354 coelis,
980 1280 1025 1361 (et
1043 1278 1137 1342 nobis
1154 1258 1280 1340 hiem]

105 1383 322 1449 militantibus
345 1383 429 1448 bene
453 1384 534 1466 vult)
558 1406 669 1468 preces
694 1384 813 1463 audiat,
837 1382 960 1449 Christi
983 1395 1092 1446 autem
1114 1403 1209 1466 super

107 1508 236 1564 omnes3
261 1487 369 1551 Deum
384 1495 502 1564 autem,
518 1493 551 1551 et
567 1488 607 1551 ab
622 1488 695 1566 illis,
705 1493 739 1551 et
754 1486 890 1565 anobis,
903 1485 1077 1569 etquidem
1092 1485 1207 1564 solum,

106 1588 339 1654 invocandum:
363 1588 467 1653 solum
483 1598 580 1670 certe,
597 1612 694 1675 quem
707 1589 804 1674 primi
816 1587 992 1679 Christiani
1006 1587 1103 1672 (quod
1113 1587 1209 1651 hodie

107 1696 244 1777 constet)
268 1694 470 1773 invocarunt,
502 1716 540 1759 ac
568 1695 703 1779 proinde
727 1696 842 1776 solum,
868 1716 962 1778 quern
989 1695 1058 1758 Rex
1080 1700 1152 1759 tuto
1174 1715 1209 1757 se

108 1797 269 1862 existimet
282 1818 375 1880 posse
389 1797 547 1862 invocare.

141 1931 229 1983 Restat
238 1938 267 1983 ut
278 1933 309 1985 dc
320 1933 345 1984 S.
355 1933 467 1991 Petrum,
478 1935 522 1997 qui
533 1934 624 1998 primis
640 1935 787 1998 quingentis
803 1934 877 1985 annis
891 1933 1037 1995 floruerunt,
1050 1932 1210 1984 veneratione

174 2014 295 2066 dicamus.
309 2052 316 2065 .
329 2051 335 2065 .
348 2015 408 2066 Non
419 2031 491 2080 posse
502 2015 575 2065 reddi
592 2052 598 2065 .
611 2050 618 2064 .
637 2017 769 2077 rationem,
781 2031 826 2066 our
841 2030 893 2066 non
905 2015 958 2065 sint
969 2016 1047 2066 ctiam
1057 2013 1211 2065 admittendi

175 2096 200 2146 S.
218 2096 361 2160 Gregorius,
383 2096 565 2162 [Venerabilis]
586 2097 662 2158 Bada,
684 2097 732 2163 [S.]
752 2097 894 2157 Anselmus,
921 2096 968 2162 [S.]
988 2095 1137 2157 Bernardns,
1164 2094 1210 2161 [S.]

175 2177 291 2310 Tlporpas,
311 2179 358 2243 [S.]
372 2179 554 2238 Bonaventura,
571 2183 598 2229 et
614 2179 777 2244 alil-[Boll.
789 2179 864 2244 Apol.
876 2193 922 2243 pro
935 2178 1009 2243 Resp.
1025 2177 1081 2242 Op,
1097 2178 1211 2228 tomuli.

174 2272 221 2307 co.
251 2261 291 2309 66.
301 2258 345 2322 1).]

153 2356 306 2441 Accingit
328 2378 364 2421 sc
389 2358 460 2441 jam
483 2359 528 2421 od
553 2380 651 2423 aanor
674 2359 866 2442 quiapeatoa,
892 2357 1020 2442 quique,
1045 2377 1103 2440 per
1127 2355 1209 2436 illos,
1223 2363 1331 2495 {lgm
1339 2427 1365 2479 D

110 2460 224 2525 Patres
240 2461 421 2524 sanctitatis
437 2462 531 2526 laude
545 2464 736 2528 floruerunt.
780 2462 906 2527 Mutirc
928 2469 1039 2526 tamen
1061 2468 1095 2525 et
1112 2460 1210 2544 quiri·
1223 2497 1301 2544 mm

111 2564 183 2644 tari,
199 2565 289 2648 quasi
307 2565 346 2629 de
369 2571 506 2648 angusto
525 2566 622 2630 nimis
643 2565 703 2629 sibi
721 2565 961 2650 circumscripto
976 2565 1097 2629 limite:
1120 2564 1211 2648 quasi
1223 2559 1310 2608 minus

112 2670 258 2752 desperet
274 2670 433 2749 nonnihil,
450 2691 508 2753 per
522 2670 582 2734 hos
603 2671 755 2735 effectum
775 2670 861 2751 dare,
878 2670 964 2753 quod
981 2670 1080 2754 cupit.
1124 2670 1213 2733 Nam
1224 2621 1329 2691 idonei]

112 2794 169 2838 cur
183 2775 456 2852 Bonaventuram,
474 2774 642 2852 Thomam,
657 2774 862 2854 Anselmum,
874 2795 941 2838 non
957 2774 1109 2838 admittat
1119 2773 1211 2836 Rex?

113 2876 228 2941 saltem
253 2877 386 2956 Bedam,
402 2885 435 2941 et
460 2878 675 2960 Gregorium?
699 2899 789 2961 quos,
805 2879 874 2941 sine
899 2884 988 2942 certa
1012 2877 1137 2941 ratione
1159 2896 1213 2940 ex·

113 2979 218 3044 clusos
233 2979 330 3044 dolet.
375 2981 429 3044 Ne
443 3002 518 3044 vcro
533 2981 651 3046 doleat.
694 2980 745 3044 De
759 2980 799 3044 iis
813 2980 901 3045 enim
915 2980 969 3044 hic
982 2979 1079 3045 rebus
1093 2979 1212 3064 agitur,

112 3084 280 3170 inquibus
300 3087 354 3169 jus
371 3085 420 3149 illi
442 3085 585 3150 Testium
605 3107 673 3150 non
693 3085 826 3150 habent.
870 3084 1062 3149 Inciderunt
1078 3084 1165 3148 enirn
1179 3083 1216 3147 in

113 3211 152 3252 ea
174 3197 327 3273 tempora,
355 3210 436 3273 quaa,
463 3196 583 3271 quanto
608 3187 736 3270 longius
761 3188 895 3251 aberant
918 3187 958 3253 ab
983 3187 1214 3271 Apostolorum

114 3292 241 3371 saeculo,
262 3291 309 3373 (ut
325 3297 445 3373 quanto
461 3290 589 3355 Canalis
605 3290 738 3372 alonte)
758 3296 851 3354 tanto
866 3289 982 3354 vitium
992 3290 1095 3373 magis
1109 3297 1215 3353 traxe·

114 3401 202 3458 runt.
240 3395 311 3458 Nec
326 3394 444 3457 mirum
460 3394 567 3473 etiam,
589 3394 636 3476 (ut
652 3414 742 3476 aquae
755 3392 878 3471 latices,
894 3414 951 3476 per
966 3391 1052 3476 quod
1066 3392 1215 3455 feruntur

114 3496 229 3575 solum,
244 3496 349 3578 itaet)
367 3496 426 3561 hos
442 3497 605 3575 saeculum,
623 3517 682 3580 per
699 3496 784 3579 quod
800 3496 957 3574 vixerunt,
973 3495 1123 3559 nonnihil
1136 3494 1215 3558 resi·

114 3600 241 3682 puisse:
272 3601 345 3664 Nec
362 3620 439 3682 ergo
461 3620 592 3682 prorsus
611 3598 722 3662 eadem
742 3619 800 3684 per
821 3598 930 3663 omnia
949 3597 1105 3682 qualitate
1127 3604 1216 3661 utro·

115 3701 212 3786 bique
237 3703 379 3788 spiritus.
432 3704 531 3781 Nam,
557 3710 591 3766 et
614 3703 731 3782 Eurus,
759 3703 835 3785 quia
862 3723 920 3786 per
950 3702 1077 3765 deserta
1105 3701 1216 3785 spirat,

117 3807 226 3870 aridus
235 3833 244 3885 3
267 3808 397 3887 Auster,
415 3808 490 3890 quia
504 3828 562 3891 per
575 3828 674 3884 mare,
690 3806 862 3870 humidus:
885 3805 998 3870 itidem
1021 3813 1054 3870 et
1075 3806 1215 3884 illorum,

116 3911 300 3994 aRegione,
312 3911 353 3976 ab
369 3919 474 3988 aetatc,
485 3933 548 3994 qua
561 3910 720 3989 vivebant,
730 3910 880 3975 nonnihil
893 3910 1059 3974 interdum
1074 3909 1216 3973 attraxit.
1284 3940 1288 3946 ·
1332 3940 1336 3945 ·

117 4015 236 4079 Parent
259 4022 292 4078 et
311 4014 360 4078 illi
382 4013 604 4078 testimonium
622 4013 693 4078 loco
715 4018 788 4093 su0,'
807 4013 877 4077 aliis
902 4014 938 4077 in
960 4012 1075 4077 rebus:
1102 4013 1144 4076 ad
1160 4012 1219 4075 has

117 4137 184 4180 non
199 4127 266 4180 tam
281 4117 398 4182 idonei.
436 4116 555 4200 Agitur
569 4116 656 4179 enim
672 4117 711 4180 de
727 4116 925 4201 corruptelis,
939 4138 1009 4200 quae
1022 4116 1092 4200 ipso
1106 4135 1218 4179 corum

118 4219 237 4283 saeculo
251 4220 401 4285 videntur
414 4219 590 4304 irrepsisse.

523 4371 535 4403 θ
552 4370 629 4436 [vide
639 4386 721 4437 supra,
732 4387 756 4436 p.
768 4372 824 4437 tu]
