2910 4926
260 265 324 330 174
573 277 616 325 un
639 276 829 325 eunomius
850 277 1049 325 numanmm

259 437 369 521 Papa?
414 437 466 500 De
488 435 602 498 coliem
620 435 689 517 jam
709 434 877 497 Hoereticia
899 434 1131 498 sermocinatur
1154 433 1361 499 cardinalis?
1394 479 1398 487 -

259 537 304 600 Et
327 555 398 618 quae
418 555 495 618 ergo
519 532 652 597 tandem
679 533 818 597 Othonis
833 534 895 598 1v.
919 533 1047 599 haeresis
1056 533 1074 611 s,
1096 556 1192 618 quem
1214 535 1361 618 imperio,

261 660 332 721 quae
344 639 365 702 J
366 638 480 703 oannis
494 636 677 701 Navarreni
684 647 707 714 ⁸,
724 657 820 718 quem
841 658 943 720 regno
969 637 1083 701 exuit?
1122 639 1206 704 Quae
1220 637 1361 721 Philippi

261 744 404 821 Pulchri,
414 744 505 826 cujus
514 743 664 825 Regnum
674 742 711 804 in
719 741 891 805 Albertnm
902 744 1108 806 Austriacum
1121 740 1360 826 transcripsitli

262 846 347 930 quod
370 855 478 910 antem
502 854 536 909 et
562 845 747 929 ademptum
777 845 806 909 ei
832 867 899 910 non
925 846 977 925 sit,
1004 868 1061 930 pcr
1082 846 1273 911 Pontificem
1295 867 1362 910 non

262 947 363 1011 stetit.
396 946 498 1010 Nulla
512 954 622 1010 autem
636 945 754 1009 horum
769 946 898 1010 haeresis
912 947 986 1025 snit,
997 947 1053 1011 sed
1065 968 1124 1011 nec
1141 948 1276 1013 Henrici
1288 949 1361 1025 IV.,

261 1073 322 1116 uec
336 1050 490 1116 Friderici
506 1051 554 1115 Il.
571 1051 819 1133 Imperatorum,
842 1072 921 1134 quos
936 1059 1046 1116 tamen
1061 1054 1221 1117 hereticos
1236 1052 1361 1116 denun-

260 1155 365 1220 ciavit.
412 1154 546 1233 Quodsi,
564 1155 620 1219 ubi
640 1154 772 1218 demum
794 1158 933 1220 heretici
956 1164 1043 1235 sunt,
1062 1157 1262 1222 exauctorari
1284 1178 1359 1240 pes-

261 1266 348 1337 sunt,
375 1257 477 1322 nihilo
497 1258 543 1320 eis
565 1257 678 1321 melior
699 1257 773 1320 exin
793 1258 944 1336 conditio,
962 1258 1058 1321 nimis
1081 1258 1205 1323 lubrico
1231 1258 1266 1321 in
1288 1257 1360 1322 loco

259 1366 437 1423 versantur.
483 1359 591 1423 Nimis
611 1359 697 1422 enim
722 1359 769 1423 illi
794 1359 830 1422 in
853 1360 985 1443 proclivi
1008 1368 1161 1444 potestas,
1185 1359 1359 1423 Hoereticee

259 1460 407 1538 faciendi,
433 1469 466 1525 et
492 1461 549 1524 ubi
574 1462 670 1539 volet,
692 1469 725 1525 et
749 1483 848 1543 qnos:
872 1470 915 1540 et,
941 1463 995 1545 qui
1021 1463 1081 1547 ipsi
1103 1484 1170 1526 non
1193 1460 1359 1539 recedunt,

260 1565 421 1628 sententia
436 1585 495 1627 sua
509 1564 624 1627 saltem
639 1565 869 1649 praecipitandi.
916 1566 988 1629 Etsi
1004 1573 1112 1629 autem
1132 1574 1200 1628 tam
1216 1563 1358 1627 deforme

259 1666 302 1730 sit
317 1668 442 1730 laereais
456 1667 588 1746 crimen,
611 1675 648 1732 ut
668 1669 721 1731 iix
741 1668 909 1751 quisquam
930 1668 981 1746 sit,
998 1670 1052 1751 qni
1076 1668 1116 1731 de
1138 1688 1176 1731 eo
1199 1668 1357 1731 fateatur:

259 1778 379 1848 tamen,
389 1791 441 1847 ne,
458 1770 484 1833 si
498 1771 640 1835 fateatur
655 1772 737 1854 quis,
753 1771 946 1835 obedientiae
962 1780 1072 1835 tamen
1087 1771 1250 1834 uinculum
1266 1771 1358 1834 solvi·

259 1880 331 1936 tur:
354 1873 403 1937 vel
418 1874 547 1938 arcendi
562 1875 744 1939 obedientia
759 1874 879 1939 subditi
888 1901 897 1952 3
917 1875 1033 1938 Casan·
1049 1882 1161 1952 tomen,
1178 1895 1243 1956 pue
1257 1873 1358 1936 Caeso-

256 1986 314 2063 ris,
343 1985 503 2047 'reddenda
531 1991 603 2048 sucat
618 1983 635 2048 ῑ.
697 1985 816 2049 Caesari
845 1984 984 2064 Tiberio,
1014 1985 1179 2068 Caligulae,
1210 1984 1357 2062 Claudio,

259 2089 394 2166 Neroni,
410 2089 608 2168 Domitiano,
625 2090 665 2154 ab
682 2090 863 2174 Apostolis:
888 2091 1018 2169 Caesari,
1030 2088 1218 2166 Commodo,
1230 2090 1357 2166 Severo,

258 2192 369 2271 Decio,
393 2192 606 2271 Diocletiano,
632 2193 890 2277 aMartyribus:
923 2194 1051 2271 Caesari,
1073 2190 1276 2268 Constantio,
1292 2190 1358 2252 Va·

257 2294 350 2372 lenti,
367 2296 547 2373 Anastasio,
563 2297 760 2361 aPatribus:
786 2297 930 2381 Regibus
952 2296 1093 2374 Arianis,
1110 2293 1308 2359 Theoderico
1324 2300 1358 2356 et

259 2397 386 2476 Gothis,
409 2420 429 2461 a
453 2398 673 2477 Pontificibus,
691 2399 830 2478 Gelasio,
847 2400 1030 2478 Anastasio,
1048 2397 1252 2482 Symmacho,
1270 2397 1358 2459 Hor·

256 2500 369 2577 misda,
387 2501 407 2562 J
410 2522 523 2565 oanne.
570 2501 696 2566 Quibus
715 2502 804 2580 vivis,
822 2525 918 2586 quam
934 2503 1002 2565 hacc
1017 2524 1131 2585 parum
1147 2500 1301 2565 abfuisset
1317 2498 1357 2562 ab

256 2605 366 2666 hereat
382 2604 553 2667 doctrina?
578 2606 731 2670 arcendos
751 2606 791 2670 ab
807 2605 989 2670 obedientia
1004 2605 1150 2668 subditos
1166 2605 1293 2685 Regum
1307 2601 1358 2664 vel

255 2706 490 2785 Hoerelicorum,
501 2708 640 2771 ullamve
655 2730 735 2787 csse,
752 2718 843 2773 extra
858 2709 982 2772 ultrave
996 2709 1167 2785 censuras,
1184 2705 1358 2770 coactivam

255 2811 290 2872 in
305 2811 448 2874 Ecclesia
463 2820 662 2894 potestatem.

95 2929 179 3043 punit
190 2929 222 2979 de
301 2914 418 2977 Itane?
443 2915 603 2976 calumnie
618 2917 734 2978 mere?
759 2916 816 2998 (sie
840 2915 925 2979 enim
943 2914 1146 2979 Cardinalcm
1169 2911 1257 2994 loqui
1272 2910 1358 2993 cogit

93 2994 245 3108 fflffll
257 3017 422 3080 familiaris
437 3018 666 3101 illianodestia)
692 3019 822 3081 Nihilne
843 3021 877 3080 ia
891 3018 1077 3081 Bellarmini
1093 3016 1171 3077 libro
1185 3016 1359 3095 reperietur

92 3124 120 3171 in
132 3123 234 3201 cpntro
258 3122 296 3184 de
311 3121 456 3203 Repidus,
473 3124 526 3202 qui
541 3122 709 3204 Pontificio
731 3123 769 3184 dc
790 3123 890 3203 Grepe
903 3127 984 3198 aunt,
1005 3121 1062 3182 sed
1080 3125 1188 3182 cosdra
1197 3119 1305 3198 potius
1320 3117 1359 3179 de

92 3202 239 3316 mm]
257 3226 332 3288 aaa
346 3224 537 3288 Hereum?
581 3227 636 3302 At,
658 3225 834 3307 reperietur
853 3224 897 3286 aa
915 3222 1035 3305 aliquid
1058 3223 1096 3283 ‹a›
1110 3217 1293 3282 anetina
1319 3221 1357 3301 (a

139 3331 200 3392 133
260 3330 341 3393 bene
355 3329 500 3410 memini)
517 3329 722 3392 recludenda.
757 3328 801 3391 Et
817 3328 871 3409 qui
886 3327 1018 3389 tandem
1034 3325 1161 3388 Arietes
1174 3323 1246 3386 illi?
1278 3324 1356 3386 Non

257 3433 343 3496 enim
360 3432 453 3514 Lupi.
501 3433 582 3507 Irno,
598 3432 704 3513 ipsum
721 3431 829 3493 audite
838 3456 848 3508 ;
871 3431 1024 3509 Princeps
1041 3434 1087 3490 est
1102 3428 1186 3489 aries
1201 3425 1354 3506 ficrioaue,

256 3540 379 3621 quondo
394 3545 441 3601 est
466 3539 644 3601 Catholicae
656 3538 733 3619 fiale,
758 3536 815 3598 aed
837 3536 914 3599 adeo
937 3537 1047 3612 molita,
1070 3541 1104 3596 al
1124 3535 1253 3596 ocultum
1275 3534 1355 3597 obsit

260 3642 421 3722 Relipioni,
435 3645 465 3702 et
480 3638 658 3703 Ecclesiae&
704 3642 747 3702 Et
765 3639 823 3702 hos
843 3661 969 3722 quoque
989 3639 1135 3716 recludit,
1156 3638 1190 3701 id
1211 3647 1268 3715 est,
1284 3639 1354 3721 ipso

256 3745 354 3806 etiam
374 3743 560 3824 interprete,
578 3742 719 3805 detrudit
735 3742 842 3824 aliquo
857 3742 891 3804 in
907 3744 1004 3805 locum
1022 3749 1143 3805 arctum
1157 3748 1187 3805 et
1203 3745 1353 3804 munitum

289 3911 297 3942 ¹
313 3910 390 3975 [Vide
403 3911 495 3988 Blandi
508 3911 575 3960 llist.
589 3911 681 3961 Dcead.
694 3912 720 3961 ii.
734 3912 779 3961 lib.
825 3911 945 3975 Princeps
963 3916 1046 3989 autem
1059 3916 1097 3961 est
1114 3913 1179 3962 aries
1195 3913 1305 3989 furiosus
1312 3912 1352 3962 dc-

257 3976 653 4106 ⁶·l·[tit¹ll.³tli.¹t{lln
666 4041 697 4090 a
710 4041 781 4091 uno
824 3976 1352 4099 {turultlltuldltltut

257 4105 350 4155 Novar.
361 4106 407 4154 lib.
419 4107 435 4154 i.
445 4121 496 4168 cap.
508 4111 530 4156 3.
543 4107 673 4155 lollxxvi.
685 4106 722 4168 a]
825 4107 942 4168 religioni
965 4111 991 4154 ct
1013 4106 1138 4165 Ecclesiae,
1156 4112 1185 4155 nt
1207 4107 1229 4155 ei
1253 4107 1352 4170 Episco

290 4169 301 4201 ¹¹
320 4170 400 4234 [Vide
412 4170 532 4247 llaynald.
545 4171 617 4220 Cont.
631 4171 723 4220 Annal.
737 4170 781 4219 Bn—
825 4176 899 4283 patus
914 4170 1014 4247 vendat,
1035 4171 1158 4221 Ecclesiae
1180 4171 1286 4233 diripiat
1306 4173 1348 4220 tec.

257 4250 310 4285 ron.
329 4240 390 4285 tom.
402 4251 463 4296 xru,
480 4236 513 4286 ad
533 4251 590 4286 ann.
604 4239 675 4286 1303.
702 4236 726 4284 N
731 4250 780 4284 nm.
847 4251 892 4312 rgo
900 4241 994 4311 poterit
1004 4241 1089 4312 pastor
1099 4251 1156 4285 cum
1168 4236 1304 4318 recludere,
1312 4238 1350 4285 rol

255 4299 536 4430 ¹¹1¹l'l1atxxs21p
824 4300 1352 4429 utut.lltlt¹f1t,⁰t¹u;;.{llll

287 4428 297 4460 '¹
327 4429 434 4479 “Potest
442 4435 526 4493 pastor
533 4430 623 4480 arietes
630 4429 780 4480 luriososdc·
825 4435 906 4479 terum
917 4430 990 4478 rere!
1007 4429 1072 4493 [tip.,
1085 4437 1146 4480 tom.
1158 4431 1174 4478 i.
1187 4445 1211 4494 p.
1221 4433 1276 4481 ⁶236.
1290 4430 1332 4494 B.]

253 4496 379 4544 struentes
390 4495 463 4555 ovile,
478 4509 591 4558 separare
603 4500 629 4544 et
645 4494 779 4545 recludere.
856 4492 862 4523 ¹
887 4493 993 4543 Ibidem.
