2910 4926
245 254 289 316 32
561 271 604 318 sn
627 271 817 319 oenomaus
839 271 1037 320 neemanim

237 422 351 503 fetoso.
398 422 581 486 Sacerdotes
604 426 662 486 etsi
686 431 750 487 tom
775 427 956 507 inteperent
982 426 1088 506 Rosos,
1105 431 1207 488 tomen
1228 428 1348 489 iactati-

246 533 350 591 tooter
364 528 499 610 Repibus
513 529 783 611 sibottossoisset
828 532 960 608 Verum,
978 531 1047 593 sine
1063 532 1188 595 Jesnita
1203 533 1284 595 nihil
1301 534 1343 594 fit.

247 633 417 716 Responde
442 653 517 716 ergo
543 633 719 698 Salmeron.
768 636 911 698 Potestas
932 637 1106 716 spiritualis
1121 637 1196 717 lepis
1218 643 1347 714 notare,

246 738 295 800 oet
308 738 419 814 Mosis,
435 738 536 800 minor
549 745 619 801 erat
633 739 733 821 Βορέα
747 745 901 821 potestate
924 741 956 801 io
977 741 1079 803 Veteri
1103 741 1303 820 Testem-outo,
1319 748 1348 803 et

244 840 314 909 ideo
329 842 423 903 etiam
437 843 548 904 sommi
561 842 745 905 Sacerdotes
760 844 895 925 Reqibos
908 844 1116 906 subdebantur
1122 842 1143 906 l.
1177 845 1347 909 Quomodo

246 966 322 1027 ergo
341 945 500 1008 Catholieo
514 967 582 1009 non
597 953 656 1026 cst,
672 947 705 1010 id
720 954 778 1023 est,
796 948 834 1011 ob
849 949 939 1010 initio
953 969 1072 1028 semper
1087 950 1234 1011 credito?

279 1105 328 1156 Vel
339 1106 361 1156 sl
372 1121 438 1156 nova
448 1122 501 1157 nou
511 1111 556 1166 est,
569 1105 612 1157 sed
623 1107 737 1171 antiqua,
748 1122 793 1157 cnr
804 1108 890 1157 Sancti
902 1107 942 1157 illi
955 1107 1079 1171 Martyres
1095 1108 1236 1158 novitatem
1248 1107 1302 1171 ejus
1312 1110 1350 1159 ita

311 1188 495 1238 exhorruerunt
501 1189 619 1254 l—[Bell.
631 1189 705 1253 Apol.
718 1204 763 1253 pro
775 1188 859 1253 Resp]
871 1203 895 1252 p.
905 1191 927 1240 8.
941 1189 1008 1253 [Op.
1019 1192 1081 1238 tem.
1090 1189 1134 1238 vii.
1146 1189 1192 1239 cel.
1202 1189 1257 1242 709.
1266 1191 1297 1240 Δ.
1308 1190 1348 1254 Β.]
1357 1245 1371 1267 ·

82 1353 223 1420 [acmhu-
291 1331 384 1408 Tum,
405 1331 506 1394 altera
528 1330 705 1414 quaestione
727 1353 796 1394 rem
819 1331 956 1395 conficit.
1003 1332 1040 1394 Si
1055 1352 1133 1394 novo
1148 1352 1208 1394 ooo
1223 1337 1278 1409 est,
1294 1332 1351 1394 sed

82 1420 218 1534 ffi'ffi·
247 1436 386 1517 antiquo,
403 1456 458 1499 cur
474 1437 584 1498 Sancti
605 1437 653 1498 itti
673 1436 837 1517 Martyres
856 1436 1022 1498 novitatem
1037 1435 1102 1515 ey'sas
1122 1437 1167 1498 ito
1183 1438 1346 1497 cohorrue-

82 1499 206 1613 cienousi]
246 1540 345 1603 roret?
383 1539 469 1604 Quia
483 1539 604 1602 scilieet
619 1539 775 1602 Monachi
790 1546 891 1602 erant.
924 1541 970 1602 At
982 1538 1174 1615 Academiae,
1191 1546 1224 1601 at
1234 1539 1347 1603 Clesus

246 1649 346 1720 totus,
362 1649 395 1705 at
410 1649 460 1706 tot
481 1642 598 1706 eruditi
621 1643 787 1725 sanctique
802 1641 961 1726 Episcopi,
977 1648 1027 1706 tot
1049 1643 1084 1705 in
1100 1644 1213 1725 Regno
1228 1643 1347 1727 passim

246 1746 390 1830 primarii
404 1746 473 1824 viri,
488 1745 611 1808 nullam
626 1745 662 1808 in
677 1767 715 1809 ea
734 1745 921 1823 novitatem,
939 1767 1035 1828 quam
1053 1744 1193 1825 horrere,
1210 1746 1347 1829 antiqui-

246 1845 348 1914 tatem
368 1851 483 1934 potius,
503 1872 599 1934 quam
622 1850 767 1914 venerari
788 1857 928 1932 possent,
950 1847 1065 1928 edocti,
1087 1850 1197 1912 statim
1212 1871 1347 1932 agnove-

246 1961 333 2018 runt.
379 1957 425 2017 At
440 1954 485 2033 hi,
501 1953 655 2017 Monaehi
678 1961 780 2031 erant,
797 1954 984 2017 Brunonem
1001 1954 1105 2016 solum
1121 1954 1290 2032 callebant,
1308 1954 1348 2017 de

246 2059 349 2123 Missa
373 2057 554 2143 syllabatim
575 2057 720 2135 dicenda,
736 2064 770 2120 et
793 2057 832 2120 de
852 2057 991 2140 piscibus
1012 2064 1079 2119 arte
1096 2058 1347 2139 corrumpendis,

245 2172 282 2226 ut
311 2184 421 2226 averso
448 2161 614 2225 stomacho
643 2160 808 2224 conciliari
835 2168 977 2244 possent.
1039 2159 1127 2226 Quid
1151 2161 1188 2222 de
1214 2162 1349 2223 novitate

246 2274 340 2345 esset,
358 2265 489 2350 quidde
504 2267 699 2348 antiquitate,
715 2264 912 2329 nesciebant.
964 2264 1154 2339 Cartlmsiae,
1170 2265 1248 2327 talia
1268 2285 1349 2327 arro

245 2392 305 2434 ooo
320 2376 402 2434 suat.
447 2372 545 2448 Nam,
561 2371 611 2433 vel
627 2369 654 2433 si
670 2369 848 2434 Conciones
863 2367 934 2431 illas
952 2375 1020 2431 tam
1041 2367 1168 2430 crebras
1184 2376 1251 2431 tam
1267 2368 1347 2430 eele-

247 2474 320 2537 brcs
335 2473 522 2552 audiissent,
539 2473 565 2536 si
587 2472 773 2537 Academiae
792 2471 970 2553 utriusque,
987 2471 1013 2533 si
1033 2471 1200 2553 utriusque
1228 2472 1349 2556 Synodi

248 2579 423 2642 Decretum
445 2578 551 2661 legere
575 2585 672 2660 atque
696 2576 878 2658 intelligere
903 2575 1095 2658 potuissent,
1112 2586 1265 2639 cessasset
1287 2577 1349 2639 illis

248 2684 360 2744 horror
383 2682 492 2745 statim
515 2682 636 2745 omnis:
661 2680 824 2757 vidissent,
847 2701 913 2742 non
939 2701 1048 2742 coeam
1074 2680 1134 2742 hoe
1156 2688 1210 2743 aut
1233 2702 1348 2758 reeens,

248 2787 369 2870 Legem
394 2794 502 2850 autem
526 2787 560 2850 id
584 2787 725 2850 divinam
747 2787 952 2868 permittere:
980 2784 1132 2848 vidissent
1148 2793 1181 2848 et
1203 2787 1350 2848 Ecclesia

248 2892 464 2954 auctoritatem
480 2911 591 2953 oerore
606 2912 650 2968 se,
667 2897 700 2953 et
713 2889 934 2973 juramentum
951 2896 1059 2952 tamen
1073 2891 1182 2974 jurare
1197 2890 1348 2971 potuisse.

249 2994 433 3058 Chauecum
462 3015 536 3057 vero
560 2993 610 3057 vel
632 2993 730 3057 Liber
757 2994 827 3056 ‘De
851 3012 926 3056 vera
949 2991 1152 3055 obedientia’
1178 2992 1348 3054 Gardineri

249 3098 361 3161 docere
376 3097 543 3181 potuisset,
556 3097 616 3174 vel,
630 3097 695 3180 (qui
711 3104 781 3159 tum
797 3096 832 3158 in
848 3095 925 3158 vivis
936 3095 1016 3176 erat)
1031 3096 1197 3158 Salmeron
1212 3096 1293 3178 ipse;
1317 3104 1350 3158 et

249 3200 366 3285 dogma
380 3202 451 3279 hoc,
468 3208 501 3264 et
515 3222 590 3264 vero
605 3201 719 3284 praxin
734 3200 803 3284 ejus
820 3221 886 3263 non
901 3221 1020 3278 oooom,
1037 3200 1092 3263 sed
1108 3199 1147 3263 ab
1164 3202 1350 3282 ootiqoe'tote

249 3327 350 3389 nsque
365 3305 497 3368 ultima:
517 3305 586 3388 jam
602 3304 678 3368 inde
694 3303 782 3367 enim
797 3325 816 3366 a
832 3303 918 3385 Lege
933 3303 1074 3366 naturali
1097 3311 1129 3367 et
1145 3303 1300 3381 Mosaios,
1317 3304 1349 3366 id

249 3418 308 3488 est,
325 3410 364 3473 ob
379 3410 468 3472 initio
484 3430 602 3491 semper
610 3407 714 3490 fuisse
728 3409 784 3471 sic.

84 3533 137 3597 [ini
153 3548 197 3597 pro
293 3517 456 3597 Martyres
481 3536 555 3579 vero
582 3516 714 3577 Sooctos
740 3533 797 3575 eur
826 3533 880 3576 eos
910 3511 1049 3595 appellat
1080 3512 1269 3590 Cardiualis,
1296 3515 1351 3596 qui

85 3600 199 3712 fflsffi'
249 3619 347 3682 fidem
371 3639 461 3680 suam
484 3616 619 3700 professi
645 3638 711 3679 non
737 3616 841 3679 sunt?
890 3614 963 3677 Imo
990 3614 1066 3696 (qua
1098 3615 1138 3678 ab
1167 3615 1244 3698 ipsis
1275 3615 1348 3695 fuit)

86 3726 214 3791 habenas]
250 3723 346 3786 fidem
361 3721 446 3785 hanc
461 3742 553 3784 snam
573 3721 668 3804 plane
690 3719 914 3802 abnegarunt?
959 3719 1057 3797 Nam,
1074 3740 1221 3802 cumpro
1237 3720 1350 3783 Tribu-

250 3827 316 3891 nali
339 3832 435 3908 eaput
455 3832 539 3887 esset
554 3823 700 3888 Actionis
715 3823 749 3886 in
765 3844 828 3900 eos,
845 3821 930 3905 quod
946 3822 1094 3885 vicesimo
1111 3821 1162 3885 die
1181 3823 1300 3906 Aprilis
1317 3824 1352 3887 iu

250 3936 334 3999 Arce
361 3930 562 3995 Londinensi
591 3951 699 3994 eoram
729 3928 860 3993 diversis
887 3927 984 4010 Regis
1016 3926 1153 3990 subditis
1185 3927 1351 4005 dixissent,

250 4034 402 4102 Ecclesiae
421 4033 609 4117 Anglieanae
626 4033 800 4117 primatum
820 4031 899 4114 Regi
915 4053 981 4095 non
996 4031 1252 4095 eoncedendum¹
1261 4060 1270 4111 ;
1295 4055 1351 4097 ne-

250 4162 326 4226 gare
340 4140 462 4203 factum
478 4138 606 4223 singuli,
622 4159 681 4201 nec
697 4159 730 4201 se
745 4138 810 4201 tale
826 4136 903 4220 quid
918 4136 1035 4199 dixisse
1051 4158 1204 4219 unquam,
1221 4145 1254 4201 et
1269 4140 1352 4222 (quae

282 4287 289 4319 ¹
307 4287 360 4352 [Jo.
371 4285 464 4348 Paris]
479 4284 650 4335 DePotestate
657 4282 743 4345 Regal.
753 4286 780 4331 et
823 4285 850 4330 et
867 4280 946 4329 Secul.
960 4279 1041 4329 'l'ract
1057 4279 1121 4329 lxiii.
1143 4280 1211 4344 [Op]
1234 4285 1294 4331 tem.
1307 4283 1353 4332 xii.

251 4352 336 4418 Papal.
358 4367 379 4401 e.
394 4351 447 4400 xix,
472 4349 553 4415 [apud
569 4349 680 4399 Goldaat.
701 4347 778 4407 Mon,
824 4346 858 4413 [p.
869 4347 924 4394 428.
937 4345 1015 4394 cell.
1029 4345 1081 4393 Col
1094 4346 1155 4407 Agr.
1169 4347 1254 4408 leet]

250 4425 311 4468 tom.
320 4418 347 4466 ii.
360 4431 384 4479 p.
395 4417 450 4465 164.
856 4408 922 4460 ¹Ex
932 4409 1053 4460 Archivis
1062 4409 1151 4472 Regni.

252 4529 257 4539 ,
283 4415 465 4546 ¹¹[Sslmeronl
485 4479 523 4528 Do
540 4479 666 4528 Potestate
686 4477 777 4527 Ileclea
