2910 4926
266 264 309 325 50
576 280 619 327 nn
641 280 833 328 ennarrans
855 278 1054 328 erpuinum

331 430 470 495 propitium
482 431 564 482 Deam
576 431 667 482 habero
678 432 961 496 postulamus-[Bell.
974 432 1048 496 Apol.
1059 447 1104 496 pro
1116 429 1200 496 Resp]
1213 447 1236 495 p.
1246 433 1283 480 12.
1298 432 1367 495 [()p.,

330 517 393 563 tom.
404 515 449 564 rii.
461 515 506 564 col.
519 515 534 567 't
536 517 575 564 11.
589 515 616 565 C,
625 515 668 579 Ι).]

101 609 228 724 &Epistola
309 605 423 669 Nihilo
438 613 548 670 autem
563 607 635 689 plus
650 606 774 690 probat,
790 606 845 668 illa
865 607 943 687 (non
955 605 988 668 in
1006 604 1160 683 Concilio,
1177 612 1267 668 extra
1282 606 1366 668 Con-

101 690 253 790 Νῗξᾝω
265 706 374 770 cilium
391 708 488 787 enim,
510 716 543 772 et
569 717 641 792 post
664 709 746 772 illud
772 710 912 791 finitum)
937 730 998 771 nce
1022 731 1041 770 a
1060 708 1160 771 totius
1182 710 1318 792 Europae
1338 711 1369 791 (a

101 804 235 919 pepp-illud
265 818 404 895 quatuor
423 813 531 897 modo)
559 814 726 897 Episcopis
756 814 797 878 ad
828 815 972 878 Leonem
994 814 1179 897 conscripta
1200 814 1346 896 Epistola
1357 840 1366 891 3

101 934 212 998 cilium]
265 938 362 999 quam
375 925 446 1000 post
460 917 505 980 ibi
517 918 649 981 recitat:
665 919 701 980 in
712 939 776 1000 qun
785 918 943 1001 Episcopi,
955 917 1036 980 illud
1045 917 1132 980 idern
1144 917 1184 979 de
1196 918 1366 996 Proteri0¹,

270 1020 336 1102 (qui
353 1020 394 1084 ab
410 1022 525 1085 AEluro
548 1041 650 1084 caesus
672 1021 707 1083 in
728 1021 932 1104 Baptisterio,
952 1042 1025 1083 cum
1048 1021 1244 1084 orthodoxus
1267 1022 1361 1102 essct)

264 1124 350 1206 quod
366 1125 420 1188 alii
434 1133 510 1188 ante
525 1125 564 1189 de
581 1124 741 1188 Flaviano.
788 1124 911 1187 Verum
928 1123 1091 1186 Proterius
1112 1145 1178 1186 non
1199 1125 1367 1186 invocatur

263 1228 328 1292 ibi:
353 1229 455 1293 oratio
471 1230 511 1293 ad
527 1231 618 1292 illum
634 1250 700 1292 non
715 1229 886 1312 dirigitur:
909 1229 943 1292 id
956 1228 1051 1292 modo
1066 1229 1198 1312 petitur,
1213 1236 1251 1292 ut
1265 1229 1364 1291 inter-

264 1335 444 1399 cessionum
459 1337 628 1419 participes
643 1336 732 1414 fiant,
749 1335 866 1419 quibus
882 1336 1063 1399 Proten'um
1080 1335 1113 1398 in
1132 1336 1212 1399 eoelo
1232 1337 1301 1419 jam
1316 1337 1366 1398 uti

264 1462 335 1524 spes
364 1449 444 1506 erat.
491 1442 588 1519 Illud,
619 1442 659 1504 de
685 1462 749 1525 quo
778 1463 845 1504 non
876 1441 1039 1523 quaeritur,
1072 1441 1248 1504 ostendunt
1285 1440 1363 1519 haec,

264 1543 412 1628 quodque
428 1552 518 1609 extra
532 1566 620 1628 spem
636 1565 703 1608 non
718 1551 784 1621 est,
808 1545 1008 1625 interpellare
1022 1543 1111 1606 ilios:
1137 1544 1233 1621 illud,
1247 1544 1286 1607 de
1302 1566 1365 1627 quo

263 1650 427 1732 quaeritur,
454 1672 520 1714 non
550 1649 736 1728 ostendunt,
767 1648 915 1732 qnodque
945 1657 1037 1712 extra
1062 1657 1258 1732 praeceptum
1296 1657 1363 1712 est:

262 1753 504 1834 interpellandos
518 1774 593 1816 esre.
737 1755 740 1761 '

101 1855 164 1934 [cui
176 1872 250 1946 oppa
305 1857 422 1940 Neque
436 1878 520 1936 vero,
538 1857 702 1921 Cardinali
723 1856 776 1920 hic
795 1877 915 1938 repono
936 1857 1195 1919 acclamationem
1215 1857 1363 1938 aliquam,

98 1924 237 2039 iiiirciss}
261 1961 311 2024 vel
326 1968 438 2039 votnm,
459 1982 498 2024 ex
518 1952 697 2024 affectionis
712 1961 853 2043 impetu;
878 1958 935 2022 scd
952 1963 1115 2038 Cononem,
1132 1961 1188 2024 sed
1205 1963 1364 2024 Statutnm

99 2050 214 2117 modic]
262 2067 398 2130 Consilii
413 2066 586 2130 Laodiceni
611 2066 694 2130 cirea
713 2065 782 2127 haee
797 2071 951 2146 tempora,
967 2065 1113 2127 unanimi
1137 2066 1271 2128 Patrum
1287 2088 1361 2129 con-

261 2192 358 2234 sensu
382 2170 622 2254 promulgatum
634 2180 665 2232 t:
689 2168 776 2252 quod
790 2169 889 2250 leges,
910 2169 959 2232 bis
974 2191 994 2232 a
1008 2169 1209 2232 'theodoreto
1224 2171 1360 2232 relatum

259 2272 294 2335 in
308 2273 339 2336 ii.
357 2280 390 2337 et
404 2273 448 2335 iii.
465 2272 506 2335 ad
521 2272 658 2336 Coloss‘.
703 2271 880 2335 Prohibent
895 2271 940 2335 ihi
956 2272 1084 2336 disertis
1098 2273 1212 2351 verbis,
1229 2274 1278 2335 Ne
1294 2277 1362 2355 qnia

254 2381 403 2456 precetur
416 2375 562 2456 Anpelos.
594 2374 674 2459 (Par
690 2382 738 2437 cst
753 2381 861 2437 autem
877 2381 910 2436 ct
926 2373 966 2436 de
982 2374 1108 2437 Sanctis
1123 2376 1227 2458 ratio.)
1266 2376 1362 2442 Quod
1451 2450 1453 2454 y

260 2480 453 2541 consulerent
467 2485 538 2542 tum
555 2478 695 2561 quidam,
709 2484 806 2560 atque
820 2484 962 2560 oportere
976 2486 1128 2563 putarent
1140 2501 1201 2561 per
1216 2480 1360 2561 Anpetm,

260 2583 398 2645 diuinam
412 2583 472 2645 sit-t
487 2583 724 2646 benevolentiam
739 2583 913 2645 conciliare.

303 2688 437 2751 Patrnm
457 2710 541 2768 vero,
563 2709 634 2772 qnae
661 2688 781 2772 profert
803 2687 998 2766 testimonia,
1022 2696 1088 2750 tres
1111 2686 1145 2748 in
1167 2689 1282 2752 classes
1304 2691 1361 2752 tri·

259 2793 366 2857 huam.
415 2798 442 2858 1.
468 2793 533 2860 oui
548 2813 621 2856 vere
636 2793 761 2870 Patres,
785 2790 841 2854 sed
865 2812 931 2854 non
946 2812 1019 2854 vere
1041 2792 1192 2855 citantur.
1241 2797 1271 2857 2.
1297 2794 1362 2861 Qui

259 2917 333 2959 rore
357 2896 507 2975 citantur,
535 2895 592 2958 sed
616 2895 690 2957 fidei
717 2901 885 2977 suspecta,
931 2897 962 2958 3.
992 2894 1057 2960 Qui
1078 2903 1110 2958 et
1135 2897 1210 2973 reri,
1234 2904 1266 2959 et
1289 2919 1361 2961 rere

260 3000 360 3079 citati,
377 3000 432 3063 sed
448 3000 530 3063 nihil
546 2999 586 3062 ad
601 3020 679 3062 rem.

295 3125 403 3176 Basilius
415 3128 443 3176 in
459 3131 521 3176 orat.
537 3126 565 3175 in
576 3126 611 3176 xi.
625 3125 756 3190 Martyres.
784 3125 866 3184 ‘Qui'
882 3126 975 3188 inquit,
991 3125 1092 3188 ‘aliqua
1108 3127 1233 3190 premitur
1244 3130 1361 3189 angustia

325 3208 358 3258 ad
374 3208 420 3257 hos
436 3209 573 3270 confugiat,
586 3208 629 3270 qui
647 3223 731 3257 rursus
743 3208 854 3268 lactatur,
865 3207 911 3257 hos
922 3207 1116 3272 oret⁸.'-[Bell.
1129 3208 1203 3273 Apol.
1216 3225 1262 3273 pro
1274 3210 1360 3274 Resp]

325 3305 349 3354 p.
360 3292 398 3340 13.
418 3289 488 3354 [Op.,
499 3293 561 3339 tom.
575 3290 618 3339 rii.
630 3289 675 3338 col.
689 3289 744 3340 711.
757 3288 802 3353 Ι).]

304 3383 381 3446 Νοη
407 3403 480 3446 rere
503 3381 621 3446 citatur
640 3381 780 3445 Basilius
805 3382 966 3464 Magnus:
990 3381 1117 3467 inquo,
1141 3383 1252 3466 iniqua
1270 3407 1360 3449 mons

293 3527 304 3550 ¹
323 3520 351 3583 [“
361 3518 400 3569 Da
417 3519 551 3570 Timotheo
569 3518 717 3580 (sedilum)
733 3533 792 3567 vero
835 3518 937 3580 phronii
954 3518 1361 3585 Aphrodia,'1'heotccniCreten-

261 3619 285 3633 ..
300 3622 305 3633 .
319 3584 380 3646 quia
392 3585 446 3648 ejus
463 3584 620 3632 immissione
632 3587 726 3632 sanctas
743 3597 792 3631 me·
835 3583 877 3639 sis,
903 3583 1005 3633 Babulae
1036 3599 1108 3633 norae
1145 3586 1359 3650 Theodosiopolis)

261 3650 349 3698 moriae
377 3648 512 3706 Proterius,
538 3646 692 3697 orthodoxus
724 3661 791 3695 sane·
835 3647 903 3710 apud
915 3648 989 3697 conc.
1006 3648 1089 3698 Chalc.
1103 3664 1155 3711 par.
1168 3651 1205 3699 iii.
1217 3666 1269 3714 cap.
1281 3654 1358 3701 xxvii.

261 3719 350 3776 tuaque
362 3718 441 3777 pater,
449 3717 476 3763 et
492 3711 722 3760 Alexandrinorum
740 3712 790 3773 cpi·
833 3711 942 3761 —Conc
954 3717 1015 3763 tom.
1027 3714 1060 3761 iv.
1071 3714 1117 3763 coi.
1131 3716 1185 3765 907.
1201 3716 1230 3764 D.
1241 3716 1280 3778 R]

261 3792 358 3840 scopus,
370 3777 398 3826 in
408 3776 571 3827 sacratissimi
583 3776 725 3838 baptisterii
737 3775 790 3824 loco
866 3785 877 3815 ¹
905 3776 971 3841 [Ὅτι
989 3781 1016 3826 at
1038 3779 1076 3826 δεῖ
1089 3781 1243 3840 Χριστιανοὺς
1261 3782 1360 3841 ἐγκατα-

260 3845 406 3905 percmptus
425 3845 469 3901 cst,
484 3840 697 3902 membratimque
709 3841 789 3890 conci·
833 3841 926 3891 λείπειν
947 3844 994 3902 τὴν
1014 3843 1147 3899 ἐκκλησίαν
1168 3847 1212 3894 τοῦ
1233 3848 1300 3903 Θεοῦ,
1320 3847 1359 3894 καὶ

260 3905 789 3965 suaetlocisomnihnscircumtractus,et
832 3905 932 3966 ἀπιέναι,
954 3910 993 3957 καὶ
1022 3906 1143 3968 ἀγγέλους
1168 3909 1298 3971 ὀνομάζειν,
1321 3913 1359 3959 καὶ

261 3977 318 4035 post
339 3971 394 4019 hac
416 3970 470 4032 igni
499 3969 662 4029 contraditus,
689 3969 788 4032 aliaque
832 3969 938 4033 συνάξειι
968 3976 1052 4022 ποιεῖν’
1096 3974 1155 4037 ὅπερ
1193 3974 1360 4037 ἀπηγόρευται.

261 4050 354 4099 passos,
367 4050 423 4098 quas
435 4038 537 4097 propter
547 4034 647 4083 sceleris
658 4048 789 4095 exaggera·
834 4038 863 4084 Et
871 4055 907 4085 τις
919 4036 961 4085 οὖν
975 4040 1057 4100 εὑρεθῆ
1072 4038 1147 4094 ταύτῃ
1164 4041 1197 4096 τῆ
1213 4040 1360 4102 «euprepius,

261 4101 357 4149 tionem
368 4103 476 4148 terretur
486 4099 575 4160 lingua
585 4099 708 4162 proferro3
720 4114 787 4149 sanc
832 4100 1019 4166 εἰδωλολατρειᾳ
1030 4089 1166 4166 σ’χολᾶζὸν,
1175 4091 1237 4153 ἔστω
1247 4092 1359 4165 mitrati,

260 4165 388 4214 tissimum
400 4163 502 4226 quidem
511 4163 652 4213 Pretorium
660 4164 688 4212 in
699 4164 786 4214 ordino
830 4184 853 4214 κ.
870 4185 892 4214 τ.
906 4176 930 4215 λ.
965 4165 1038 4215 Cone.
1062 4168 1137 4217 laod.
1157 4170 1216 4217 Can.
1240 4185 1360 4218 xxxv.—

260 4234 288 4279 et
305 4229 381 4279 choro
398 4233 541 4279 sanctorum
558 4232 698 4290 martyrum
717 4230 787 4292 poni·
830 4231 1208 4295 Cone.tomi.eol.1504.D.]

260 4309 325 4352 mus,
336 4297 363 4343 et
379 4294 433 4357 ejus
452 4294 674 4343 intercessionibus
692 4296 786 4343 miseri·
863 4303 872 4326 ¹
890 4294 996 4358 [Theod.
1006 4298 1033 4345 in
1043 4296 1095 4347 Col.
1105 4299 1131 4346 ii.
1140 4301 1178 4347 18.
1188 4299 1243 4362 Op,
1252 4303 1312 4350 tom.
1323 4302 1359 4350 iii.

259 4358 361 4409 cordam
383 4363 410 4408 ct
435 4359 576 4422 propitium
604 4357 685 4408 Deum
714 4360 787 4409 nobis
830 4359 1076 4411 superinduat.
1091 4363 1127 4412 17.
1141 4363 1201 4411 ibid
1215 4365 1315 4426 pltat

260 4422 316 4473 fleri
331 4422 623 4487 postulamus.”-Epist
643 4422 725 4487 Epioe.
744 4426 787 4473 hu·
862 4433 872 4455 ¹
890 4425 934 4488 [Ὀ
951 4426 1091 4484 θλιβόμενος
1109 4429 1147 4476 ἐπὶ
1167 4429 1223 4478 τοὺς
1242 4431 1359 4494 τεσσαρά-

259 4500 328 4551 ropoe
357 4488 472 4552 (loannis
492 4503 527 4538 sc.
547 4487 682 4547 Heraean,
711 4489 787 4539 'I'h'co
830 4508 903 4539 narra
918 4491 1074 4556 καταφεύγει,
1095 4494 1305 4558 ὄεδφραινόμενος
1324 4498 1359 4544 tr'
