2910 4926
262 276 328 338 480
583 291 624 337 io
647 290 839 337 cromerus
860 289 1060 336 mmmmm

306 420 502 514 Poterantne
518 450 640 513 veroin
654 449 770 510 molam
786 454 913 530 portem
932 448 1034 528 accipi
1054 448 1180 524 Brevia,
1197 446 1248 509 vel
1263 446 1370 509 obesse

261 572 366 616 ceusae
380 560 505 629 vestrm,
521 573 557 615 ao
572 574 639 615 non
655 551 793 614 multum
808 551 957 633 prodesse
971 550 1088 634 potius,
1101 549 1212 632 quidus
1226 550 1368 612 include·

262 656 355 719 datur
372 657 481 738 potios
503 656 572 718 Rec
594 676 686 737 quom
709 654 957 717 eccledcdotur?
1001 653 1163 716 Molomue
1187 654 1222 715 in
1237 659 1369 735 portem

261 761 415 840 acciperet
431 760 502 822 Rex
517 758 636 820 includi
644 778 677 820 ee
688 757 849 835 Brevitas,
863 764 919 820 eut
935 755 1051 840 quibus
1067 757 1112 820 sie
1126 755 1283 833 inclusus,
1300 757 1365 819 cui·

261 879 358 941 quem
379 881 417 922 ea
438 859 541 922 obesse
562 858 705 922 sineret?
752 859 858 923 Quem
882 858 952 921 haec
975 879 1042 921 non
1067 858 1255 921 cohaerentl
1304 858 1369 921 Sed

260 962 381 1025 audivit
393 963 507 1045 Rcycm
522 983 542 1024 a
554 962 646 1042 Papa
662 962 894 1024 alienissimum.
931 961 1056 1024 'Iumne
1071 960 1103 1023 id
1118 960 1261 1044 primum
1279 961 1372 1024 audi·

260 1065 306 1128 vit
319 1065 520 1128 Garnettus?
543 1086 663 1140 annon,
675 1063 708 1126 id
719 1064 749 1127 ei
760 1073 836 1127 ante
848 1064 1071 1147 compertum?
1095 1085 1205 1127 ennon
1221 1070 1370 1127 mentem

261 1188 352 1230 suam
368 1188 407 1230 ea
422 1166 462 1230 de
477 1188 511 1230 re
522 1167 788 1250 compresbytero
805 1189 862 1231 suo
876 1189 934 1250 per
947 1166 1057 1230 literas
1072 1173 1182 1230 notam
1198 1165 1323 1230 fecerat
1332 1168 1369 1229 ¹?

260 1270 376 1334 Manet
391 1271 504 1354 utique
519 1272 713 1334 mendacium
728 1270 789 1335 hoc
798 1296 807 1348 ;
831 1277 864 1335 et
876 1278 925 1334 est
935 1269 1196 1335 haeeCurdinolis
1211 1270 1371 1335 ficulneo·¹

260 1373 356 1437 modo
371 1373 543 1437 excusatio.

293 1577 333 1628 Ex
344 1579 540 1642 quatuordecim.
559 1579 700 1629 Articulis.
712 1616 718 1629 .
731 1616 737 1628 .
749 1579 797 1628 soli
809 1583 860 1628 tres
871 1582 930 1628 sunt
942 1616 947 1628 .
961 1614 967 1628 .
980 1615 985 1629 .
997 1578 1042 1642 qui
1054 1577 1086 1627 de
1097 1582 1222 1642 potestate
1232 1577 1371 1628 Pontificio

325 1661 392 1710 nihil
402 1661 612 1726 dicunt-[Bell.
625 1663 699 1726 Apol.
707 1677 753 1726 pro
765 1659 849 1725 Resp]
862 1676 886 1725 p.
896 1663 952 1711 204.
964 1660 1031 1726 [Op.,
1042 1665 1103 1711 tom.
1116 1661 1160 1710 vii.
1172 1661 1219 1711 ool.
1229 1662 1288 1711 818.
1299 1660 1342 1725 D.]

96 1809 171 1889 [flul
189 1810 233 1888 ‚De
305 1794 359 1858 Ad
383 1795 620 1861 Duodecimum
629 1798 648 1859 2.
694 1798 748 1861 Ne
775 1797 828 1859 hie
859 1795 989 1879 quidem
1019 1794 1146 1859 substat
1172 1795 1367 1859 Cardine-lis.

95 1875 250 1991 mag
262 1899 350 1963 Nem
372 1921 411 1964 ex
433 1902 575 1965 undecim
599 1902 664 1964 illis
687 1901 853 1977 Articulis,
877 1901 933 1982 qui
958 1900 998 1964 de
1021 1898 1369 1997 Excommrmicstione

97 2003 250 2066 licelinus,
263 2001 448 2085 loquuntur,
466 2012 599 2086 quotuor
616 2003 712 2067 modo
737 2012 831 2079 sunt3
855 2025 1002 2086 quorum,
1023 2010 1089 2067 tres
1111 2001 1217 2085 primi,
1242 2003 1368 2084 Regem

96 2069 251 2184 ἓξὲξ
263 2106 619 2172 excommunicatume
642 2108 730 2190 Papa
739 2132 748 2184 ;
772 2107 906 2170 ultimus
922 2127 998 2170 vero
1016 2105 1084 2189 (qui
1106 2113 1156 2168 est
1170 2104 1366 2186 undecimus)

95 2198 252 2328 ffiffil'f
264 2208 428 2292 Principes
449 2232 468 2273 a
491 2211 578 2294 Papa
597 2209 889 2274 excommunicatos
911 2209 1071 2292 supponit.
1117 2208 1166 2271 Ea
1187 2208 1369 2288 spiritualis

217 2301 224 2315 ⁹
263 2311 360 2394 Papae
369 2320 513 2396 potestas
527 2321 586 2393 est,
603 2336 699 2397 quam
715 2335 820 2397 neque
838 2315 967 2395 attinpit
978 2314 1196 2376 duramentum
1210 2312 1279 2390 doc,
1295 2331 1365 2389 nec,

260 2422 298 2479 ut
321 2417 470 2500 attinget,
486 2438 566 2501 opus
588 2425 647 2481 est.
692 2417 792 2481 Aliud
815 2417 902 2480 enim
921 2415 1114 2501 jamdudum
1137 2424 1187 2478 est
1205 2436 1244 2478 es
1267 2415 1367 2479 dere

260 2520 485 2596 duramentum,
499 2529 531 2583 et
544 2520 687 2604 graviore
704 2520 983 2604 poene'sancit'um.
1014 2520 1183 2602 Deponere
1199 2518 1239 2581 de
1250 2519 1366 2602 Regno

140 2617 205 2680 348
262 2623 437 2707 Principes,
455 2623 495 2686 od
512 2631 706 2706 potestatem
721 2624 817 2706 Papae
832 2644 898 2687 non
919 2623 1126 2705 spiritualem,
1143 2621 1222 2704 quin
1238 2629 1367 2705 tempo·

261 2726 371 2804 ralem,
388 2747 522 2809 eamque
540 2727 740 2804 indirectam,
757 2728 913 2791 haetenus
929 2726 979 2788 vel
1001 2724 1181 2789 Cardinalis
1202 2726 1366 2807 pertinere

261 2829 407 2891 asseruit.
453 2830 524 2892 Nec
546 2829 609 2891 nisi
632 2830 746 2911 quinto
763 2830 802 2892 de
818 2829 938 2893 Pontif.
955 2828 1046 2906 libro,
1065 2829 1120 2911 jus
1142 2828 1223 2890 illud
1245 2836 1366 2892 tracta-

261 2939 342 3009 tum,
355 2932 412 2996 ubi
426 2934 463 2995 de
478 2935 643 3014 leomoroli
651 2939 829 3015 potestateu
845 2935 961 3017 agitur.
985 2934 1064 2996 Non
1079 2939 1189 2995 temen
1201 2933 1272 3014 jam
1289 2939 1365 2994 tcm-

255 3039 372 3117 porcli,
385 3038 460 3120 quie
474 3038 565 3101 nulla
576 3039 644 3121 jam
661 3039 687 3101 ei
705 3046 755 3101 est
768 3040 950 3119 Apostolico
966 3038 1146 3118 immoralie
1161 3039 1365 3099 auctoritas&

260 3140 417 3204 Nondum
431 3141 532 3223 igitur
547 3142 715 3224 completae
729 3142 967 3222 Recopnitiooee
983 3141 1048 3222 effus
1057 3166 1067 3213 ,·
1092 3140 1217 3223 quoties
1241 3139 1365 3217 scribit,

261 3244 334 3307 novi
350 3244 470 3327 aliquid
493 3246 640 3328 parturit.
687 3246 707 3308 J
710 3267 762 3308 am
785 3245 875 3308 nulle
896 3253 945 3308 est
965 3250 1107 3325 potestas
1123 3242 1273 3323 Pontifici
1289 3248 1366 3304 tcm-

254 3349 397 3427 porolis:
421 3349 582 3411 Detestor.

293 3535 355 3584 llum
369 3550 426 3584 vero
438 3539 588 3598 potestatem
605 3533 637 3583 ud
655 3536 793 3599 primatum
812 3536 839 3585 in
858 3535 1033 3598 spiritualibus
1050 3535 1175 3598 pertinere
1192 3534 1300 3584 dubium
1313 3551 1366 3585 non

325 3622 371 3676 est,
383 3632 440 3664 eum
449 3617 515 3679 Papa
524 3632 574 3666 non
587 3617 796 3674 excommunicet,
806 3632 886 3679 neque
898 3616 1008 3695 deponet
1018 3617 1147 3679 Principes
1156 3616 1205 3664 nisi
1216 3617 1367 3680 Apostolics

325 3698 564 3762 potestate—[Bell.
574 3698 647 3761 Apol.
660 3713 705 3762 pro
716 3696 800 3762 Resp]
812 3713 835 3761 p.
846 3700 901 3747 ⁴204.
920 3698 987 3763 [Op.,
999 3698 1109 3746 tomvii.
1123 3697 1168 3746 eol.
1178 3699 1232 3747 819.
1243 3697 1287 3761 A.]

302 3830 421 3891 Totum
444 3851 518 3892 vero
534 3831 683 3914 quintum
704 3830 796 3892 illum
812 3830 851 3893 de
867 3830 1024 3893 Pontifice
1047 3829 1165 3892 librum
1188 3829 1240 3892 hic
1256 3851 1365 3913 recop-

260 3933 369 4010 ooccit,
387 3941 419 3995 et
442 3932 607 3996 addiscens
629 3935 787 3995 senescitw
810 3933 998 3996 Cardinolis.
1038 3933 1137 3996 Nunc
1160 3932 1303 4015 primum
1326 3956 1364 3997 ex

261 4058 298 4100 eo
317 4035 473 4113 audimus,
492 4042 680 4117 potestatem
701 4037 871 4117 depromizdi
886 4037 1061 4117 Principes,
1078 4036 1122 4097 od
1137 4037 1315 4116 primatum
1332 4039 1364 4099 io

293 4231 403 4295 r[Vide
415 4229 512 4279 Tortor.
525 4228 594 4278 'Porti
607 4228 787 4292 p.l97.Lond.
833 4229 925 4281 Pelii:
956 4233 981 4276 et
1004 4226 1066 4276 Bell.
1091 4227 1145 4289 Op,
1168 4232 1229 4276 tom.
1249 4229 1294 4278 vii.
1317 4231 1363 4279 col.

261 4299 331 4347 1609.
345 4298 442 4359 (pute.
466 4295 533 4343 Edit.
546 4293 633 4357 noste]
832 4297 887 4343 665.
902 4292 943 4356 n]

293 4370 302 4392 ⁸
320 4361 371 4474 Sol.
384 4360 485 4409 'l'heocn
500 4358 574 4420 Idyll.
589 4375 613 4408 x.
626 4363 673 4418 45,
687 4364 712 4407 ct
725 4358 787 4408 Hor.
865 4366 875 4387 ⁰
905 4358 963 4406 Vid.
975 4357 1037 4407 Bell.
1046 4356 1167 4420 Op.,tom.
1176 4357 1192 4404 i.
1205 4359 1292 4419 peel.
1303 4359 1365 4424 seo]

260 4425 312 4475 Set.
339 4423 423 4489 .8.1.]
864 4432 874 4452 ’
906 4422 969 4471 Vide
981 4437 1063 4484 supro,
1075 4424 1227 4484 peuenot.
1239 4419 1271 4486 Q]

293 4492 300 4521 ²
318 4489 396 4554 [Vide
409 4489 527 4552 Respons.
544 4488 613 4538 'l'orli
632 4505 655 4551 p.
668 4493 707 4538 60.
720 4489 786 4538 Edit.
865 4496 880 4516 ⁸*
903 4488 972 4537 eous.
983 4487 1061 4538 Cicer.
1074 4486 1105 4537 de
1117 4486 1214 4536 Senect.
1227 4501 1281 4551 cup.
1294 4491 1363 4554 viii]
