2910 4926
460 260 642 310 mamona
664 259 845 308 amrousro.
1161 243 1204 307 47

104 423 139 480 et
154 421 230 479 ante
243 436 311 479 non
332 415 428 480 modo
449 417 692 495 incardinatam,
711 415 767 480 sed
789 415 840 479 vol
863 420 971 477 notam
993 413 1206 490 Cerdinnlem,

104 519 202 582 etiam
214 541 234 582 a
248 518 418 584 Cardinnle
429 520 497 604 jam
512 520 591 603 ipso,
602 519 704 584 toties
723 518 870 602 repetita,
887 515 999 580 eadem
1014 515 1108 579 nobis
1124 534 1206 598 pene

103 642 256 705 responsa
280 643 425 705 regerere
455 643 585 686 necesse
611 623 679 706 jam
710 622 761 701 sit,
793 641 865 705 quae
893 620 981 703 legat
1005 619 1090 702 apud
1115 619 1205 682 alios.

105 728 239 792 Vexatae
253 729 341 792 enim
357 729 484 812 jamdiu
498 729 549 793 hae
565 729 757 812 quaestiones
772 735 858 805 suut,
873 734 911 789 ut
926 726 1007 788 nias
1025 744 1135 787 nocam
1150 723 1206 786 snb

103 829 184 894 solei
199 832 238 895 de
252 831 291 895 iis
305 832 440 914 proferri
451 833 520 916 jam
537 832 666 915 quidem
681 830 793 915 possit.
837 828 937 893 Dabit
952 848 1029 911 ergo
1043 828 1105 891 hoc
1119 827 1206 891 illius

104 935 352 1018 importunitati,
364 934 419 1018 qui
428 935 593 998 remittere
605 956 665 998 nos
675 941 801 1017 poterat
813 932 854 997 ad
864 954 956 996 suam
967 931 1056 994 illam
1063 932 1205 1013 Rnepso·

105 1039 201 1117 diem,
217 1061 281 1122 quo
296 1048 329 1104 et
343 1039 437 1103 nobis
452 1039 539 1103 idem
554 1039 659 1103 facere
673 1039 795 1117 liceret,
811 1059 928 1121 nempe
944 1037 985 1100 ad
1000 1037 1079 1100 alios
1094 1037 1205 1100 remit-

104 1151 185 1222 tere,
201 1144 256 1226 qui
275 1145 468 1207 Collectonee
485 1144 554 1208 haec
569 1145 640 1228 ejus
656 1142 784 1206 abunde
791 1141 985 1225 jamdudum
1001 1141 1204 1206 attriverunt.

150 1248 201 1311 De
224 1249 442 1312 intercessione
466 1248 654 1311 Sanctorum
675 1269 774 1330 quam
800 1248 942 1328 occipere
968 1267 1003 1310 se
1028 1246 1124 1310 dicit:
1153 1267 1206 1310 ec·
1220 1265 1358 1380 psiconee

105 1358 226 1433 ceptam
249 1352 361 1430 fateor,
387 1352 496 1416 datam
516 1374 611 1435 nego.
657 1353 722 1418 Qui
747 1352 835 1416 enim
858 1352 995 1416 subinde
1015 1353 1151 1417 recurrit
1166 1353 1207 1416 ad
1238 1333 1317 1394 “uhi

105 1464 228 1521 nostros
251 1459 397 1536 berniaco,
424 1465 458 1520 et
482 1457 522 1521 ab
546 1457 585 1520 iis
611 1456 800 1535 sciscitatur,
828 1457 906 1539 quid
933 1456 1032 1520 sitin
1057 1457 1206 1539 Anglieo,

106 1568 232 1644 poterat
255 1569 288 1624 et
312 1561 351 1624 de
374 1560 445 1625 loeo
459 1561 521 1624 hoo
537 1561 702 1624 consulere
718 1561 773 1643 qui
788 1574 837 1624 est
851 1583 924 1644 pag.
941 1563 993 1625 38.
1040 1561 1118 1641 Ubi,
1141 1584 1208 1626 non

106 1667 364 1742 intercessionem,
395 1664 451 1728 sed
483 1665 707 1727 invocationem
732 1664 918 1727 Senotemni
943 1665 1048 1749 leget:
1082 1667 1133 1730 vel
1159 1668 1208 1750 (ut

106 1769 240 1833 verbum
255 1768 352 1832 verbo
366 1767 529 1849 reddatur)
554 1768 718 1830 Orationes
733 1768 777 1830 od
790 1768 933 1832 Sanctos.
1176 1773 1179 1777 ’

152 1875 182 1936 1.
208 1873 327 1937 Omnia
339 1871 469 1954 quidem
481 1871 574 1935 nobis
586 1871 670 1935 bona
682 1873 818 1936 Sanctos
831 1893 955 1956 cupere,
967 1872 1020 1955 qui
1029 1873 1095 1937 vita
1105 1872 1207 1936 functi
1222 1887 1337 1952 [Sanctae

107 1976 143 2039 iu
165 1977 253 2040 coelis
283 1982 370 2053 sunt,
395 1997 433 2038 ex
460 1976 603 2053 caritate,
629 1996 701 2058 quae
724 1997 892 2057 nunquam
917 1976 1046 2054 excidit,
1074 1997 1209 2060 quaeque
1221 1953 1368 2081 ἓξὲξ]

106 2079 153 2144 ibi
177 2080 211 2142 in
234 2079 298 2142 illis
317 2080 386 2164 jam
409 2078 532 2142 auctior
554 2086 602 2142 est
613 2104 622 2155 ;
647 2078 755 2157 etiam,
772 2099 845 2141 cnm
869 2079 1000 2143 Christo
1022 2080 1126 2164 capite
1141 2101 1209 2158 suo,

106 2190 214 2246 totum
237 2185 307 2268 ejus
332 2183 368 2245 in
392 2182 481 2247 coelis
507 2181 680 2266 mysticum
706 2203 821 2265 corpus
846 2183 933 2246 ultro
958 2190 1033 2247 vota
1054 2204 1113 2246 sua
1135 2203 1211 2246 cou-

102 2287 253 2370 jungero,
280 2308 342 2350 raon
367 2288 428 2348 erit
453 2286 667 2349 inconveniens
696 2284 797 2367 siquis
819 2285 1004 2364 arbitretur,
1030 2284 1111 2348 dixit
1133 2285 1211 2349 olim

108 2389 300 2474 OrigcuosJ:
316 2390 468 2453 habentor
482 2392 539 2453 icoc
555 2410 672 2471 quoqne
683 2390 766 2452 inter
780 2391 902 2453 occulto
911 2389 983 2468 Dei,
993 2411 1049 2454 nec
1063 2391 1213 2453 chartule

107 2493 326 2556 committendo
342 2490 517 2574 mysterial.

151 2598 183 2660 2.
208 2597 255 2660 Ut
275 2596 337 2659 hoc
357 2604 467 2659 tamen
483 2595 594 2658 detur:
618 2602 652 2657 at
668 2595 707 2658 de
723 2616 761 2658 eo
776 2617 842 2658 non
856 2595 966 2678 liquet,
983 2595 1143 2678 quomodo
1163 2593 1211 2659 illi
1226 2605 1287 2672 [non
1298 2606 1331 2656 li-

107 2721 167 2764 nos
177 2700 230 2764 hic
242 2701 276 2762 in
287 2700 381 2762 terris
391 2707 465 2762 vota
473 2698 625 2762 faciontes
637 2697 779 2761 audiant.
803 2699 847 2762 Et
857 2698 912 2762 illa
921 2705 1036 2777 vestra,
1044 2699 1211 2779 despecule
1224 2676 1338 2802 {2302OE

109 2805 223 2866 divine
242 2804 389 2881 essentie,
410 2809 441 2864 et
463 2803 634 2865 relucentia
660 2802 739 2865 inibi
760 2803 903 2879 omniurn,
927 2822 993 2884 que
1009 2800 1095 2883 finnt
1119 2801 1332 2884 wperaudirel

108 2914 227 2970 terrem
234 2903 251 2984 ¹,
268 2905 398 2969 subtilia
420 2903 522 2986 magis
538 2926 634 2987 quam
657 2905 758 2968 solida
779 2912 866 2984 sunt,
882 2927 942 2970 nee
957 2905 1046 2969 vobis
1063 2884 1140 2990 ipsis
1161 2914 1212 2969 sat

109 3011 241 3094 liquida,
257 3016 291 3073 at
306 3008 456 3072 Patribus
472 3008 601 3092 quidem
616 3007 772 3071 inaudita.
802 3009 867 3072 Eos
883 3017 992 3072 autem
1008 3009 1093 3073 haud
1109 3009 1210 3074 liben-

108 3124 161 3179 ter
181 3115 254 3197 quis
277 3112 456 3197 compellet,
479 3112 519 3175 de
543 3111 670 3195 quibus,
688 3133 752 3194 qua
774 3113 906 3176 tandem
929 3113 1055 3176 ratione
1077 3113 1212 3177 audiant

109 3219 366 3302 compellantem,
383 3225 416 3281 ct
433 3217 577 3299 proinde,
595 3217 726 3281 audiant
743 3238 856 3296 necue,
873 3225 979 3282 certus
994 3239 1062 3281 non
1077 3218 1129 3281 sit.

153 3325 185 3386 3.
209 3322 342 3398 Verum,
363 3321 390 3383 si
414 3320 454 3384 de
472 3320 611 3384 seeundo
633 3321 695 3385 hoc
717 3320 837 3404 liqueat
862 3320 911 3384 vel
930 3321 1080 3397 maxime,
1103 3342 1144 3383 no
1167 3320 1370 3398 alamosenni

111 3427 240 3510 quidem
268 3425 425 3489 audemus
452 3432 526 3488 vota
551 3435 662 3488 nostra
688 3425 729 3488 ad
758 3425 830 3489 illos
859 3446 1034 3509 precesque
1063 3424 1210 3508 dirigere,
1224 3402 1318 3530 {ffid

144 3595 150 3628 ¹
181 3595 272 3644 Eccles
285 3595 301 3643 i.
315 3595 352 3659 a]
681 3593 1152 3658 beatnrethocquoqueinteroceulta
1163 3594 1210 3645 Dei

142 3661 150 3702 ³
179 3661 289 3711 “Sedet
301 3674 387 3709 omnes
400 3659 480 3708 macti
492 3658 535 3721 qui
549 3657 638 3708 dehac
681 3673 728 3708 nec
746 3659 867 3708 chartulas
878 3659 1060 3710 committenda
1071 3662 1213 3722 mysteria”

111 3727 165 3776 rita
175 3725 341 3785 decesaemnt,
355 3723 475 3773 babentes
486 3723 567 3772 adhuc
583 3724 638 3772 cha·
682 3723 799 3788 -Orig.]
812 3725 840 3773 in
852 3724 943 3789 [Epist.
959 3724 1001 3789 ad]
1017 3724 1087 3775 Rom.
1099 3724 1169 3790 [lib]
1183 3726 1210 3776 ii.

111 3793 213 3841 ritatem
231 3804 291 3852 erga
311 3790 416 3851 eosqui
438 3789 466 3837 in
486 3787 638 3838 boemundo
682 3788 785 3854 [Rufino
823 3790 968 3853 interprete.
1008 3788 1063 3854 0p.,
1091 3795 1153 3839 tom.
1176 3792 1210 3840 iv.

111 3863 179 3916 sunt,
191 3857 212 3904 si
222 3855 341 3904 dicantur
357 3868 442 3903 curam
453 3867 539 3914 gerere
550 3854 639 3902 salutis
682 3869 706 3917 p.
715 3855 771 3904 479.
783 3854 830 3903 col.
839 3856 861 3904 2.
875 3854 903 3904 B.
915 3854 954 3918 0.]

111 3925 250 3979 serumst
267 3920 356 3982 jurare
377 3933 420 3968 eos
442 3918 557 3981 precibus
578 3918 638 3976 suis,
716 3916 722 3948 ¹
742 3920 772 3982 [“
780 3919 887 3968 Possunt
910 3934 965 3969 eam
985 3935 1134 3983 cognoscere
1155 3935 1213 3983 eog-

112 3993 187 4049 atque
198 3987 343 4035 interventu
354 3999 399 4032 suo
410 3984 477 4046 apud
487 3984 639 4037 Deumnon
683 3983 780 4033 uitione
810 3985 1002 4047 supernaturali,
1030 3992 1105 4048 prout
1128 3984 1211 4048 hujus

113 4051 162 4101 erit
185 4047 500 4111 inconveniens.''-(lrig.]
520 4048 547 4095 in
565 4046 638 4097 Cant
683 4048 1211 4099 modioratiorelucetinDivinacssentla.''

113 4116 189 4165 Hom.
199 4113 264 4181 [lib]
277 4113 422 4178 iii[linfino
430 4114 573 4176 interprete.
584 4114 639 4176 Op,
682 4112 805 4162 —Thom
814 4116 919 4176 urgent.
930 4115 957 4163 ln
967 4115 1010 4164 lib.
1020 4116 1052 4164 iv.
1066 4114 1135 4164 Sent.
1144 4115 1210 4165 Dist.

114 4178 350 4242 tom.iii.p.75.d.
369 4178 414 4226 ool.
429 4177 464 4240 1.]
685 4177 805 4227 κΙν,Λπι.
834 4178 958 4228 ls.Solnl.
983 4180 1024 4229 tol.
1044 4183 1099 4229 186.
1123 4179 1168 4228 col.
1189 4184 1212 4229 l.

144 4244 155 4276 ¹¹
174 4246 203 4322 [‘¹
212 4244 227 4293 J
230 4259 270 4292 sm
280 4258 338 4292 vero
349 4244 370 4291 si
382 4244 460 4292 etiam
472 4247 544 4292 extra
552 4256 641 4305 corpus
685 4242 788 4302 (lenum,
801 4247 871 4293 1585.
906 4248 921 4270 ‘⁴
932 4244 1028 4294 Vident
1036 4244 1173 4306 speculum,
1186 4245 1211 4293 io

111 4311 188 4373 positi
198 4309 237 4359 rel
247 4309 387 4370 sanctioni
397 4323 453 4356 cum
465 4307 565 4356 Christo
574 4311 640 4361 sunt.
685 4312 723 4357 ost
735 4307 825 4368 Deum,
836 4310 863 4356 in
878 4323 927 4370 quo
945 4310 1056 4358 relucent
1073 4309 1213 4357 omnls.’'-

111 4372 641 4436 aguntaliquid‚etlaborantpronoblsnd
684 4372 757 4422 toan.
782 4373 920 4422 Bromiard.
946 4375 1040 4423 Summ.
1063 4372 1213 4422 Praedicare

111 4438 308 4488 similitudinem
325 4438 480 4500 angelorum,
492 4438 536 4499 qui
553 4437 642 4486 salutis
685 4452 738 4500 esp.
758 4453 817 4486 xxv.
841 4439 1031 4498 (‘rlscon‹lere.')
1051 4436 1160 4485 sublit
1182 4439 1212 4488 Λ.

111 4512 204 4554 nostrie
231 4504 373 4553 ministeria
399 4506 550 4565 procurant.
564 4538 569 4551 .
582 4537 588 4550 .
601 4501 642 4551 ha
687 4506 747 4552 tom.
756 4502 773 4551 i.
786 4503 827 4553 tol.
837 4506 875 4552 69.
889 4502 934 4552 eol.
945 4505 968 4554 4.
987 4504 1075 4555 Vcnct.
1089 4501 1170 4565 nse]
