<?xml version="1.0" encoding="UTF-8"?>
<!DOCTYPE html PUBLIC "-//W3C//DTD XHTML 1.0 Transitional//EN"
    "http://www.w3.org/TR/xhtml1/DTD/xhtml1-transitional.dtd">
<html xmlns="http://www.w3.org/1999/xhtml" xml:lang="en" lang="en">
 <head>
  <title>
</title>
<meta http-equiv="Content-Type" content="text/html;charset=utf-8" />
  <meta name='ocr-system' content='tesseract 3.04.00' />
  <meta name='ocr-capabilities' content='ocr_page ocr_carea ocr_par ocr_line ocrx_word'/>
</head>
<body>
  <div class='ocr_page' id='page_1' title='image "./responsioadapol00andrgoog_0342.png"; bbox 0 0 2910 4926; ppageno 0'>
   <div class='ocr_carea' id='block_1_1' title="bbox 447 286 1195 347">
    <p class='ocr_par' dir='ltr' id='par_1_1' title="bbox 447 286 1195 347">
     <span class='ocr_line' id='line_1_1' title="bbox 447 286 1195 347; baseline 0 -1"><span class='ocrx_word' id='word_1_1' title='bbox 447 297 628 346; x_wconf 68' lang='lat' dir='ltr'><em>reomensi</em></span> <span class='ocrx_word' id='word_1_2' title='bbox 650 297 830 345; x_wconf 80' lang='lat' dir='ltr'><em>unsrousm.</em></span> <span class='ocrx_word' id='word_1_3' title='bbox 1130 286 1195 347; x_wconf 81' lang='lat'><em>299</em></span> 
     </span>
    </p>
   </div>
   <div class='ocr_carea' id='block_1_2' title="bbox 87 450 1343 2398">
    <p class='ocr_par' dir='ltr' id='par_1_2' title="bbox 92 450 1236 1882">
     <span class='ocr_line' id='line_1_2' title="bbox 93 450 1236 536; baseline 0.003 -21"><span class='ocrx_word' id='word_1_4' title='bbox 93 450 277 535; x_wconf 80' lang='lat' dir='ltr'><em>divulgavit</em></span> <span class='ocrx_word' id='word_1_5' title='bbox 323 453 402 516; x_wconf 91' lang='lat' dir='ltr'><em>Non</em></span> <span class='ocrx_word' id='word_1_6' title='bbox 417 454 462 516; x_wconf 90' lang='lat' dir='ltr'><em>sie</em></span> <span class='ocrx_word' id='word_1_7' title='bbox 481 453 598 536; x_wconf 89' lang='lat' dir='ltr'><em>(credo)</em></span> <span class='ocrx_word' id='word_1_8' title='bbox 618 454 723 517; x_wconf 85' lang='lat' dir='ltr'>solent</span> <span class='ocrx_word' id='word_1_9' title='bbox 737 454 960 535; x_wconf 70' lang='lat' dir='ltr'><em>reprehendere</em></span> <span class='ocrx_word' id='word_1_10' title='bbox 975 455 1098 536; x_wconf 90' lang='lat' dir='ltr'><em>Pupam</em></span> <span class='ocrx_word' id='word_1_11' title='bbox 1116 456 1194 518; x_wconf 86' lang='lat' dir='ltr'><em>Car·</em></span> <span class='ocrx_word' id='word_1_12' title='bbox 1233 504 1236 509; x_wconf 75' lang='grc'><strong>.</strong></span> 
     </span>
     <span class='ocr_line' id='line_1_3' title="bbox 93 552 1193 637; baseline 0.005 -20"><span class='ocrx_word' id='word_1_13' title='bbox 93 556 223 631; x_wconf 85' lang='lat' dir='ltr'><em>dinates,</em></span> <span class='ocrx_word' id='word_1_14' title='bbox 247 552 428 635; x_wconf 84' lang='lat' dir='ltr'><em>infaciem,</em></span> <span class='ocrx_word' id='word_1_15' title='bbox 453 577 557 620; x_wconf 87' lang='lat' dir='ltr'><em>eoram</em></span> <span class='ocrx_word' id='word_1_16' title='bbox 583 557 742 622; x_wconf 75' lang='lat' dir='ltr'><em>omnina:</em></span> <span class='ocrx_word' id='word_1_17' title='bbox 773 557 800 620; x_wconf 89' lang='lat' dir='ltr'><em>si</em></span> <span class='ocrx_word' id='word_1_18' title='bbox 823 557 975 636; x_wconf 79' lang='lat' dir='ltr'><em>iacerent,</em></span> <span class='ocrx_word' id='word_1_19' title='bbox 996 579 1064 621; x_wconf 92' lang='lat' dir='ltr'><em>non</em></span> <span class='ocrx_word' id='word_1_20' title='bbox 1085 558 1193 637; x_wconf 77' lang='lat' dir='ltr'><em>ferret,</em></span> 
     </span>
     <span class='ocr_line' id='line_1_4' title="bbox 93 659 1193 743; baseline 0.003 -21"><span class='ocrx_word' id='word_1_21' title='bbox 93 659 279 742; x_wconf 85' lang='lat' dir='ltr'><em>corriperet,</em></span> <span class='ocrx_word' id='word_1_22' title='bbox 295 660 386 742; x_wconf 82' lang='lat' dir='ltr'><em>qussi</em></span> <span class='ocrx_word' id='word_1_23' title='bbox 408 661 463 742; x_wconf 92' lang='lat' dir='ltr'><em>qui</em></span> <span class='ocrx_word' id='word_1_24' title='bbox 485 680 523 723; x_wconf 83' lang='lat' dir='ltr'><em>es</em></span> <span class='ocrx_word' id='word_1_25' title='bbox 544 660 697 738; x_wconf 78' lang='lat' dir='ltr'><em>iacerent,</em></span> <span class='ocrx_word' id='word_1_26' title='bbox 714 681 784 743; x_wconf 86' lang='lat' dir='ltr'><em>quae</em></span> <span class='ocrx_word' id='word_1_27' title='bbox 799 662 969 742; x_wconf 81' lang='lat' dir='ltr'><em>superioris</em></span> <span class='ocrx_word' id='word_1_28' title='bbox 984 669 1070 725; x_wconf 90' lang='lat' dir='ltr'><em>sunt.</em></span> <span class='ocrx_word' id='word_1_29' title='bbox 1115 663 1193 725; x_wconf 92' lang='lat' dir='ltr'><em>Non</em></span> 
     </span>
     <span class='ocr_line' id='line_1_5' title="bbox 95 762 1192 846; baseline 0.002 -21"><span class='ocrx_word' id='word_1_30' title='bbox 95 762 201 825; x_wconf 82' lang='lat' dir='ltr'><strong>solent</strong></span> <span class='ocrx_word' id='word_1_31' title='bbox 222 762 351 845; x_wconf 90' lang='lat' dir='ltr'><em>quidem</em></span> <span class='ocrx_word' id='word_1_32' title='bbox 371 784 463 845; x_wconf 87' lang='lat' dir='ltr'><em>aequo</em></span> <span class='ocrx_word' id='word_1_33' title='bbox 485 763 593 826; x_wconf 83' lang='lat' dir='ltr'><em>animo</em></span> <span class='ocrx_word' id='word_1_34' title='bbox 608 763 782 827; x_wconf 89' lang='lat' dir='ltr'><em>Pontifices</em></span> <span class='ocrx_word' id='word_1_35' title='bbox 804 762 844 826; x_wconf 82' lang='lat' dir='ltr'><em>ab</em></span> <span class='ocrx_word' id='word_1_36' title='bbox 868 762 1068 845; x_wconf 77' lang='lat' dir='ltr'><em>inferioribus</em></span> <span class='ocrx_word' id='word_1_37' title='bbox 1088 785 1192 846; x_wconf 84' lang='lat' dir='ltr'><em>repre-</em></span> 
     </span>
     <span class='ocr_line' id='line_1_6' title="bbox 93 865 1193 950; baseline 0.002 -22"><span class='ocrx_word' id='word_1_38' title='bbox 93 866 197 928; x_wconf 72' lang='lat' dir='ltr'><em>hendi.</em></span> <span class='ocrx_word' id='word_1_39' title='bbox 246 866 380 949; x_wconf 84' lang='lat' dir='ltr'><strong>Scripsit</strong></span> <span class='ocrx_word' id='word_1_40' title='bbox 410 867 573 929; x_wconf 85' lang='lat' dir='ltr'><em>Lutherus</em></span> <span class='ocrx_word' id='word_1_41' title='bbox 602 865 644 928; x_wconf 82' lang='lat' dir='ltr'><em>ad</em></span> <span class='ocrx_word' id='word_1_42' title='bbox 673 867 817 930; x_wconf 84' lang='lat' dir='ltr'><em>Leonem</em></span> <span class='ocrx_word' id='word_1_43' title='bbox 854 867 895 931; x_wconf 91' lang='lat' dir='ltr'><em>de</em></span> <span class='ocrx_word' id='word_1_44' title='bbox 924 867 1193 950; x_wconf 75' lang='lat' dir='ltr'><em>indulgentiarum</em></span> 
     </span>
     <span class='ocr_line' id='line_1_7' title="bbox 93 969 1193 1051; baseline 0.004 -19"><span class='ocrx_word' id='word_1_45' title='bbox 93 969 179 1033; x_wconf 80' lang='lat' dir='ltr'><em>foeda</em></span> <span class='ocrx_word' id='word_1_46' title='bbox 202 990 259 1051; x_wconf 89' lang='lat' dir='ltr'><em>per</em></span> <span class='ocrx_word' id='word_1_47' title='bbox 277 970 477 1031; x_wconf 77' lang='lat' dir='ltr'><em>Germaniam</em></span> <span class='ocrx_word' id='word_1_48' title='bbox 501 969 732 1048; x_wconf 81' lang='lat' dir='ltr'><em>nundinatione,</em></span> <span class='ocrx_word' id='word_1_49' title='bbox 750 969 790 1032; x_wconf 87' lang='lat' dir='ltr'><em>de</em></span> <span class='ocrx_word' id='word_1_50' title='bbox 809 970 1000 1042; x_wconf 84' lang='lat' dir='ltr'><em>Quaestorum</em></span> <span class='ocrx_word' id='word_1_51' title='bbox 1025 972 1193 1036; x_wconf 80' lang='lat' dir='ltr'>horrendis</span> 
     </span>
     <span class='ocr_line' id='line_1_8' title="bbox 92 1070 1192 1155; baseline 0.003 -20"><span class='ocrx_word' id='word_1_52' title='bbox 92 1070 323 1155; x_wconf 63' lang='lat' dir='ltr'><em>blasphemiis.</em></span> <span class='ocrx_word' id='word_1_53' title='bbox 373 1071 478 1135; x_wconf 89' lang='lat' dir='ltr'><em>Bilem</em></span> <span class='ocrx_word' id='word_1_54' title='bbox 501 1071 625 1135; x_wconf 91' lang='lat' dir='ltr'><em>homini</em></span> <span class='ocrx_word' id='word_1_55' title='bbox 640 1073 749 1136; x_wconf 87' lang='lat' dir='ltr'><em>movit.</em></span> <span class='ocrx_word' id='word_1_56' title='bbox 798 1073 877 1136; x_wconf 92' lang='lat' dir='ltr'><em>Non</em></span> <span class='ocrx_word' id='word_1_57' title='bbox 891 1074 968 1136; x_wconf 85' lang='lat' dir='ltr'><em>tulit</em></span> <span class='ocrx_word' id='word_1_58' title='bbox 983 1075 1060 1153; x_wconf 85' lang='lat' dir='ltr'><em>Le0,</em></span> <span class='ocrx_word' id='word_1_59' title='bbox 1076 1074 1192 1154; x_wconf 90' lang='lat' dir='ltr'><em>tonuit,</em></span> 
     </span>
     <span class='ocr_line' id='line_1_9' title="bbox 94 1175 1194 1262; baseline 0.004 -24"><span class='ocrx_word' id='word_1_60' title='bbox 94 1177 279 1258; x_wconf 81' lang='lat' dir='ltr'><strong>fulguravit,</strong></span> <span class='ocrx_word' id='word_1_61' title='bbox 304 1197 477 1259; x_wconf 81' lang='lat' dir='ltr'><em>pauperem</em></span> <span class='ocrx_word' id='word_1_62' title='bbox 500 1177 700 1240; x_wconf 82' lang='lat' dir='ltr'><em>Monachum</em></span> <span class='ocrx_word' id='word_1_63' title='bbox 727 1175 940 1260; x_wconf 66' lang='lat' dir='ltr'><em>proscripsitk,</em></span> <span class='ocrx_word' id='word_1_64' title='bbox 972 1178 1033 1241; x_wconf 90' lang='lat' dir='ltr'><em>etsi</em></span> <span class='ocrx_word' id='word_1_65' title='bbox 1062 1179 1194 1262; x_wconf 83' lang='lat' dir='ltr'><em>privatis</em></span> 
     </span>
     <span class='ocr_line' id='line_1_10' title="bbox 94 1280 1195 1364; baseline 0.004 -22"><span class='ocrx_word' id='word_1_66' title='bbox 94 1280 197 1343; x_wconf 90' lang='lat' dir='ltr'><em>literis</em></span> <span class='ocrx_word' id='word_1_67' title='bbox 212 1281 323 1362; x_wconf 87' lang='lat' dir='ltr'><em>egerit,</em></span> <span class='ocrx_word' id='word_1_68' title='bbox 337 1280 398 1342; x_wconf 90' lang='lat' dir='ltr'><em>etsi</em></span> <span class='ocrx_word' id='word_1_69' title='bbox 413 1280 561 1358; x_wconf 90' lang='lat' dir='ltr'><em>officiose,</em></span> <span class='ocrx_word' id='word_1_70' title='bbox 575 1280 635 1343; x_wconf 91' lang='lat' dir='ltr'><em>etsi</em></span> <span class='ocrx_word' id='word_1_71' title='bbox 651 1280 691 1343; x_wconf 90' lang='lat' dir='ltr'><em>de</em></span> <span class='ocrx_word' id='word_1_72' title='bbox 706 1301 741 1345; x_wconf 87' lang='lat' dir='ltr'><em>re</em></span> <span class='ocrx_word' id='word_1_73' title='bbox 756 1288 822 1343; x_wconf 85' lang='lat' dir='ltr'><em>tsm</em></span> <span class='ocrx_word' id='word_1_74' title='bbox 839 1301 940 1364; x_wconf 86' lang='lat' dir='ltr'><em>aequs,</em></span> <span class='ocrx_word' id='word_1_75' title='bbox 954 1281 993 1345; x_wconf 91' lang='lat' dir='ltr'><em>de</em></span> <span class='ocrx_word' id='word_1_76' title='bbox 1008 1282 1195 1346; x_wconf 88' lang='lat' dir='ltr'><em>hominibus</em></span> 
     </span>
     <span class='ocr_line' id='line_1_11' title="bbox 96 1385 1196 1472; baseline 0.005 -24"><span class='ocrx_word' id='word_1_77' title='bbox 96 1393 205 1448; x_wconf 85' lang='lat' dir='ltr'><em>autem</em></span> <span class='ocrx_word' id='word_1_78' title='bbox 228 1385 284 1469; x_wconf 92' lang='lat' dir='ltr'><em>qui</em></span> <span class='ocrx_word' id='word_1_79' title='bbox 306 1386 498 1449; x_wconf 90' lang='lat' dir='ltr'><em>tollerentur</em></span> <span class='ocrx_word' id='word_1_80' title='bbox 517 1391 585 1449; x_wconf 82' lang='lat' dir='ltr'><em>tem</em></span> <span class='ocrx_word' id='word_1_81' title='bbox 610 1386 727 1469; x_wconf 87' lang='lat' dir='ltr'><em>dignis,</em></span> <span class='ocrx_word' id='word_1_82' title='bbox 744 1393 781 1450; x_wconf 93' lang='lat' dir='ltr'><em>ut</em></span> <span class='ocrx_word' id='word_1_83' title='bbox 796 1407 850 1450; x_wconf 89' lang='lat' dir='ltr'><em>eos</em></span> <span class='ocrx_word' id='word_1_84' title='bbox 871 1394 943 1469; x_wconf 89' lang='lat' dir='ltr'><em>post</em></span> <span class='ocrx_word' id='word_1_85' title='bbox 960 1388 1110 1471; x_wconf 87' lang='lat' dir='ltr'><em>Synodus</em></span> <span class='ocrx_word' id='word_1_86' title='bbox 1126 1389 1196 1472; x_wconf 80' lang='lat' dir='ltr'><em>ipss</em></span> 
     </span>
     <span class='ocr_line' id='line_1_12' title="bbox 95 1487 1195 1576; baseline 0.005 -26"><span class='ocrx_word' id='word_1_87' title='bbox 95 1487 284 1551; x_wconf 75' lang='lat' dir='ltr'><em>Tridentino</em></span> <span class='ocrx_word' id='word_1_88' title='bbox 313 1488 471 1551; x_wconf 90' lang='lat' dir='ltr'><em>tollendos</em></span> <span class='ocrx_word' id='word_1_89' title='bbox 503 1489 639 1576; x_wconf 79' lang='lat' dir='ltr'><em>duxerit,</em></span> <span class='ocrx_word' id='word_1_90' title='bbox 678 1488 820 1573; x_wconf 80' lang='lat' dir='ltr'><em>adeoque</em></span> <span class='ocrx_word' id='word_1_91' title='bbox 857 1490 1046 1554; x_wconf 79' lang='lat' dir='ltr'><em>sustulerit¹.</em></span> <span class='ocrx_word' id='word_1_92' title='bbox 1099 1493 1195 1556; x_wconf 88' lang='lat' dir='ltr'><em>Certe</em></span> 
     </span>
     <span class='ocr_line' id='line_1_13' title="bbox 93 1592 1194 1677; baseline 0.004 -22"><span class='ocrx_word' id='word_1_93' title='bbox 93 1593 190 1675; x_wconf 84' lang='lat' dir='ltr'><em>longe</em></span> <span class='ocrx_word' id='word_1_94' title='bbox 213 1593 275 1655; x_wconf 83' lang='lat' dir='ltr'><em>alia</em></span> <span class='ocrx_word' id='word_1_95' title='bbox 291 1592 380 1655; x_wconf 87' lang='lat' dir='ltr'><em>Petri</em></span> <span class='ocrx_word' id='word_1_96' title='bbox 402 1593 535 1671; x_wconf 84' lang='lat' dir='ltr'><em>indoles,</em></span> <span class='ocrx_word' id='word_1_97' title='bbox 557 1595 731 1674; x_wconf 84' lang='lat' dir='ltr'><em>primatum</em></span> <span class='ocrx_word' id='word_1_98' title='bbox 752 1614 846 1655; x_wconf 91' lang='lat' dir='ltr'><em>suum</em></span> <span class='ocrx_word' id='word_1_99' title='bbox 866 1614 932 1657; x_wconf 91' lang='lat' dir='ltr'><em>non</em></span> <span class='ocrx_word' id='word_1_100' title='bbox 957 1595 1110 1677; x_wconf 86' lang='lat' dir='ltr'><em>regessit;</em></span> <span class='ocrx_word' id='word_1_101' title='bbox 1133 1616 1194 1659; x_wconf 90' lang='lat' dir='ltr'><em>nec</em></span> 
     </span>
     <span class='ocr_line' id='line_1_14' title="bbox 95 1694 1195 1781; baseline 0.004 -23"><span class='ocrx_word' id='word_1_102' title='bbox 95 1694 309 1778; x_wconf 78' lang='lat' dir='ltr'><em>obtemperari</em></span> <span class='ocrx_word' id='word_1_103' title='bbox 324 1694 386 1758; x_wconf 90' lang='lat' dir='ltr'><em>sibi</em></span> <span class='ocrx_word' id='word_1_104' title='bbox 406 1696 540 1759; x_wconf 82' lang='lat' dir='ltr'><em>aPaulo</em></span> <span class='ocrx_word' id='word_1_105' title='bbox 554 1702 711 1779; x_wconf 83' lang='lat' dir='ltr'><em>oportere,</em></span> <span class='ocrx_word' id='word_1_106' title='bbox 728 1703 784 1758; x_wconf 84' lang='lat' dir='ltr'><em>sut</em></span> <span class='ocrx_word' id='word_1_107' title='bbox 800 1695 937 1759; x_wconf 87' lang='lat' dir='ltr'><em>Paulum</em></span> <span class='ocrx_word' id='word_1_108' title='bbox 953 1695 1023 1774; x_wconf 93' lang='lat' dir='ltr'><em>sibi,</em></span> <span class='ocrx_word' id='word_1_109' title='bbox 1039 1704 1195 1781; x_wconf 82' lang='lat' dir='ltr'><em>tanquam</em></span> 
     </span>
     <span class='ocr_line' id='line_1_15' title="bbox 99 1797 880 1882; baseline -0.001 -21"><span class='ocrx_word' id='word_1_110' title='bbox 99 1799 279 1876; x_wconf 70' lang='lat' dir='ltr'><em>Ordinatio,</em></span> <span class='ocrx_word' id='word_1_111' title='bbox 296 1797 418 1882; x_wconf 90' lang='lat' dir='ltr'><em>subjici.</em></span> <span class='ocrx_word' id='word_1_112' title='bbox 877 1820 880 1826; x_wconf 92' lang='lat'>·</span> 
     </span>
    </p>

    <p class='ocr_par' dir='ltr' id='par_1_3' title="bbox 87 1900 1343 2398">
     <span class='ocr_line' id='line_1_16' title="bbox 139 1900 1317 1985; baseline -0.002 -20"><span class='ocrx_word' id='word_1_113' title='bbox 139 1903 352 1985; x_wconf 77' lang='lat' dir='ltr'><em>Inspiciamus</em></span> <span class='ocrx_word' id='word_1_114' title='bbox 366 1910 485 1980; x_wconf 83' lang='lat' dir='ltr'><em>autem,</em></span> <span class='ocrx_word' id='word_1_115' title='bbox 502 1923 573 1985; x_wconf 88' lang='lat' dir='ltr'><em>quae</em></span> <span class='ocrx_word' id='word_1_116' title='bbox 588 1922 645 1985; x_wconf 90' lang='lat' dir='ltr'><em>per</em></span> <span class='ocrx_word' id='word_1_117' title='bbox 660 1901 724 1964; x_wconf 87' lang='lat' dir='ltr'><em>vim</em></span> <span class='ocrx_word' id='word_1_118' title='bbox 741 1901 803 1981; x_wconf 93' lang='lat' dir='ltr'><em>hic,</em></span> <span class='ocrx_word' id='word_1_119' title='bbox 822 1910 855 1964; x_wconf 88' lang='lat' dir='ltr'><em>et</em></span> <span class='ocrx_word' id='word_1_120' title='bbox 875 1907 1003 1964; x_wconf 78' lang='lat' dir='ltr'><em>coactus</em></span> <span class='ocrx_word' id='word_1_121' title='bbox 1017 1900 1196 1965; x_wconf 76' lang='lat' dir='ltr'><em>cardinalis</em></span> <span class='ocrx_word' id='word_1_122' title='bbox 1209 1915 1317 1980; x_wconf 77' lang='lat' dir='ltr'><em>[nemr-</em></span> 
     </span>
     <span class='ocr_line' id='line_1_17' title="bbox 96 1981 1326 2101; baseline 0.001 -33"><span class='ocrx_word' id='word_1_123' title='bbox 96 2004 224 2068; x_wconf 85' lang='lat' dir='ltr'><em>ascribit</em></span> <span class='ocrx_word' id='word_1_124' title='bbox 239 2006 428 2068; x_wconf 87' lang='lat' dir='ltr'><em>testimonia.</em></span> <span class='ocrx_word' id='word_1_125' title='bbox 475 2005 587 2068; x_wconf 92' lang='lat' dir='ltr'><em>Unum</em></span> <span class='ocrx_word' id='word_1_126' title='bbox 609 2004 671 2067; x_wconf 88' lang='lat' dir='ltr'><em>hoc</em></span> <span class='ocrx_word' id='word_1_127' title='bbox 686 2012 820 2086; x_wconf 87' lang='lat' dir='ltr'><em>peccant</em></span> <span class='ocrx_word' id='word_1_128' title='bbox 836 2004 953 2082; x_wconf 85' lang='lat' dir='ltr'><em>omnia,</em></span> <span class='ocrx_word' id='word_1_129' title='bbox 969 2012 1007 2066; x_wconf 86' lang='lat' dir='ltr'><em>ut</em></span> <span class='ocrx_word' id='word_1_130' title='bbox 1023 2003 1105 2066; x_wconf 94' lang='lat' dir='ltr'><em>nihil</em></span> <span class='ocrx_word' id='word_1_131' title='bbox 1120 2005 1195 2068; x_wconf 83' lang='lat' dir='ltr'><em>affe·</em></span> <span class='ocrx_word' id='word_1_132' title='bbox 1208 1981 1326 2101; x_wconf 53' lang='lat' dir='ltr'><em>diiecto,</em></span> 
     </span>
     <span class='ocr_line' id='line_1_18' title="bbox 96 2107 1336 2191; baseline 0.001 -19"><span class='ocrx_word' id='word_1_133' title='bbox 96 2115 180 2187; x_wconf 86' lang='lat' dir='ltr'><em>rant,</em></span> <span class='ocrx_word' id='word_1_134' title='bbox 215 2107 301 2191; x_wconf 91' lang='lat' dir='ltr'><em>quod</em></span> <span class='ocrx_word' id='word_1_135' title='bbox 332 2109 441 2171; x_wconf 82' lang='lat' dir='ltr'><em>statim</em></span> <span class='ocrx_word' id='word_1_136' title='bbox 470 2107 601 2171; x_wconf 88' lang='lat' dir='ltr'><em>concedi</em></span> <span class='ocrx_word' id='word_1_137' title='bbox 626 2129 692 2170; x_wconf 90' lang='lat' dir='ltr'><em>non</em></span> <span class='ocrx_word' id='word_1_138' title='bbox 715 2107 823 2190; x_wconf 87' lang='lat' dir='ltr'><em>possit,</em></span> <span class='ocrx_word' id='word_1_139' title='bbox 849 2107 913 2171; x_wconf 91' lang='lat' dir='ltr'><em>nisi</em></span> <span class='ocrx_word' id='word_1_140' title='bbox 938 2107 1084 2170; x_wconf 82' lang='lat' dir='ltr'><em>voculam</em></span> <span class='ocrx_word' id='word_1_141' title='bbox 1112 2107 1196 2172; x_wconf 85' lang='lat' dir='ltr'><em>forte</em></span> <span class='ocrx_word' id='word_1_142' title='bbox 1209 2110 1336 2173; x_wconf 67' lang='lat' dir='ltr'><em>innupti·</em></span> 
     </span>
     <span class='ocr_line' id='line_1_19' title="bbox 96 2179 1343 2303; baseline -0.001 -27"><span class='ocrx_word' id='word_1_143' title='bbox 96 2212 228 2291; x_wconf 83' lang='lat' dir='ltr'><em>habent,</em></span> <span class='ocrx_word' id='word_1_144' title='bbox 245 2212 284 2275; x_wconf 89' lang='lat' dir='ltr'><em>de</em></span> <span class='ocrx_word' id='word_1_145' title='bbox 305 2233 368 2295; x_wconf 86' lang='lat' dir='ltr'><em>qua</em></span> <span class='ocrx_word' id='word_1_146' title='bbox 389 2233 456 2275; x_wconf 90' lang='lat' dir='ltr'><em>non</em></span> <span class='ocrx_word' id='word_1_147' title='bbox 479 2212 558 2275; x_wconf 90' lang='lat' dir='ltr'><em>libet</em></span> <span class='ocrx_word' id='word_1_148' title='bbox 579 2213 786 2298; x_wconf 73' lang='grc' dir='ltr'>λογομαχεῖν.</span> <span class='ocrx_word' id='word_1_149' title='bbox 830 2212 929 2291; x_wconf 83' lang='lat' dir='ltr'><em>Nam,</em></span> <span class='ocrx_word' id='word_1_150' title='bbox 945 2233 1005 2275; x_wconf 91' lang='lat' dir='ltr'><em>nec</em></span> <span class='ocrx_word' id='word_1_151' title='bbox 1020 2213 1196 2275; x_wconf 84' lang='lat' dir='ltr'><em>Primatum</em></span> <span class='ocrx_word' id='word_1_152' title='bbox 1208 2179 1343 2303; x_wconf 42' lang='lat' dir='ltr'><em>affin*</em></span> 
     </span>
     <span class='ocr_line' id='line_1_20' title="bbox 87 2315 1197 2398; baseline 0.001 -21"><span class='ocrx_word' id='word_1_153' title='bbox 87 2327 254 2397; x_wconf 71' lang='lat' dir='ltr'><em>&#39;negamus</em></span> <span class='ocrx_word' id='word_1_154' title='bbox 273 2315 373 2388; x_wconf 88' lang='lat' dir='ltr'><em>Petri,</em></span> <span class='ocrx_word' id='word_1_155' title='bbox 398 2335 467 2392; x_wconf 90' lang='lat' dir='ltr'><em>nec,</em></span> <span class='ocrx_word' id='word_1_156' title='bbox 491 2335 562 2398; x_wconf 84' lang='lat' dir='ltr'><em>quse</em></span> <span class='ocrx_word' id='word_1_157' title='bbox 587 2315 764 2377; x_wconf 79' lang='lat' dir='ltr'><em>Primatum</em></span> <span class='ocrx_word' id='word_1_158' title='bbox 788 2323 915 2391; x_wconf 87' lang='lat' dir='ltr'><em>sonant,</em></span> <span class='ocrx_word' id='word_1_159' title='bbox 940 2316 1074 2378; x_wconf 87' lang='lat' dir='ltr'><em>nomina.</em></span> <span class='ocrx_word' id='word_1_160' title='bbox 1119 2315 1197 2378; x_wconf 87' lang='lat' dir='ltr'><em>Rem</em></span> 
     </span>
    </p>
   </div>
   <div class='ocr_carea' id='block_1_3' title="bbox 95 2418 1196 2502">
    <p class='ocr_par' dir='ltr' id='par_1_4' title="bbox 95 2418 1196 2502">
     <span class='ocr_line' id='line_1_21' title="bbox 95 2418 1196 2502; baseline 0.001 -22"><span class='ocrx_word' id='word_1_161' title='bbox 95 2418 211 2502; x_wconf 79' lang='lat' dir='ltr'><em>ipsam,</em></span> <span class='ocrx_word' id='word_1_162' title='bbox 224 2439 295 2500; x_wconf 81' lang='lat' dir='ltr'><em>quse</em></span> <span class='ocrx_word' id='word_1_163' title='bbox 312 2438 378 2500; x_wconf 86' lang='lat' dir='ltr'><em>prae</em></span> <span class='ocrx_word' id='word_1_164' title='bbox 397 2438 496 2480; x_wconf 84' lang='lat' dir='ltr'><em>manu</em></span> <span class='ocrx_word' id='word_1_165' title='bbox 518 2423 575 2496; x_wconf 90' lang='lat' dir='ltr'><em>est,</em></span> <span class='ocrx_word' id='word_1_166' title='bbox 592 2422 770 2479; x_wconf 72' lang='lat' dir='ltr'><em>terrestrem</em></span> <span class='ocrx_word' id='word_1_167' title='bbox 788 2418 858 2501; x_wconf 87' lang='lat' dir='ltr'><em>ejus</em></span> <span class='ocrx_word' id='word_1_168' title='bbox 874 2418 1095 2481; x_wconf 73' lang='lat' dir='ltr'><em>Monarchiam</em></span> <span class='ocrx_word' id='word_1_169' title='bbox 1114 2418 1196 2500; x_wconf 89' lang='lat' dir='ltr'><em>peti-</em></span> 
     </span>
    </p>
   </div>
   <div class='ocr_carea' id='block_1_4' title="bbox 96 2520 1197 2997">
    <p class='ocr_par' dir='ltr' id='par_1_5' title="bbox 96 2520 1197 2997">
     <span class='ocr_line' id='line_1_22' title="bbox 96 2520 1196 2605; baseline -0.001 -21"><span class='ocrx_word' id='word_1_170' title='bbox 96 2543 189 2585; x_wconf 91' lang='lat' dir='ltr'><em>mus:</em></span> <span class='ocrx_word' id='word_1_171' title='bbox 222 2542 280 2603; x_wconf 89' lang='lat' dir='ltr'><em>pro</em></span> <span class='ocrx_word' id='word_1_172' title='bbox 305 2542 377 2603; x_wconf 83' lang='lat' dir='ltr'><em>qna,</em></span> <span class='ocrx_word' id='word_1_173' title='bbox 397 2521 524 2583; x_wconf 81' lang='lat' dir='ltr'><em>utinam</em></span> <span class='ocrx_word' id='word_1_174' title='bbox 547 2520 667 2597; x_wconf 89' lang='lat' dir='ltr'><em>volens,</em></span> <span class='ocrx_word' id='word_1_175' title='bbox 690 2520 817 2583; x_wconf 87' lang='lat' dir='ltr'><em>utinam</em></span> <span class='ocrx_word' id='word_1_176' title='bbox 838 2521 888 2584; x_wconf 83' lang='lat' dir='ltr'><em>vel</em></span> <span class='ocrx_word' id='word_1_177' title='bbox 911 2528 1050 2599; x_wconf 83' lang='lat' dir='ltr'><em>coactus,</em></span> <span class='ocrx_word' id='word_1_178' title='bbox 1075 2521 1196 2605; x_wconf 84' lang='lat' dir='ltr'><em>aliquid</em></span> 
     </span>
     <span class='ocr_line' id='line_1_23' title="bbox 96 2623 1195 2708; baseline 0 -20"><span class='ocrx_word' id='word_1_179' title='bbox 96 2625 228 2688; x_wconf 77' lang='lat' dir='ltr'><em>tandem</em></span> <span class='ocrx_word' id='word_1_180' title='bbox 245 2624 427 2687; x_wconf 84' lang='lat' dir='ltr'><em>adduceret.</em></span> <span class='ocrx_word' id='word_1_181' title='bbox 467 2624 545 2703; x_wconf 88' lang='lat' dir='ltr'><em>Scit,</em></span> <span class='ocrx_word' id='word_1_182' title='bbox 557 2645 623 2687; x_wconf 93' lang='lat' dir='ltr'><em>non</em></span> <span class='ocrx_word' id='word_1_183' title='bbox 638 2623 750 2706; x_wconf 84' lang='lat' dir='ltr'><em>negari</em></span> <span class='ocrx_word' id='word_1_184' title='bbox 765 2625 943 2687; x_wconf 83' lang='lat' dir='ltr'><em>Primatum</em></span> <span class='ocrx_word' id='word_1_185' title='bbox 956 2645 1195 2708; x_wconf 85' lang='lat' dir='ltr'><em>usquequaque,</em></span> 
     </span>
     <span class='ocr_line' id='line_1_24' title="bbox 96 2726 1196 2811; baseline 0 -20"><span class='ocrx_word' id='word_1_186' title='bbox 96 2749 163 2791; x_wconf 91' lang='lat' dir='ltr'><em>non</em></span> <span class='ocrx_word' id='word_1_187' title='bbox 185 2749 322 2800; x_wconf 90' lang='lat' dir='ltr'><em>omuem;</em></span> <span class='ocrx_word' id='word_1_188' title='bbox 355 2727 426 2804; x_wconf 89' lang='lat' dir='ltr'><em>seit,</em></span> <span class='ocrx_word' id='word_1_189' title='bbox 451 2727 511 2790; x_wconf 91' lang='lat' dir='ltr'><em>hoc</em></span> <span class='ocrx_word' id='word_1_190' title='bbox 531 2728 601 2811; x_wconf 86' lang='lat' dir='ltr'><em>jam</em></span> <span class='ocrx_word' id='word_1_191' title='bbox 625 2726 705 2805; x_wconf 93' lang='lat' dir='ltr'><em>loco,</em></span> <span class='ocrx_word' id='word_1_192' title='bbox 731 2747 845 2809; x_wconf 87' lang='lat' dir='ltr'><em>quem:</em></span> <span class='ocrx_word' id='word_1_193' title='bbox 874 2727 1062 2810; x_wconf 77' lang='lat' dir='ltr'><em>(terrestrem</em></span> <span class='ocrx_word' id='word_1_194' title='bbox 1081 2749 1196 2811; x_wconf 90' lang='lat' dir='ltr'><em>nempe</em></span> 
     </span>
     <span class='ocr_line' id='line_1_25' title="bbox 97 2829 1197 2912; baseline 0 -18"><span class='ocrx_word' id='word_1_195' title='bbox 97 2832 317 2894; x_wconf 73' lang='lat' dir='ltr'><em>Monarchiam</em></span> <span class='ocrx_word' id='word_1_196' title='bbox 330 2831 503 2912; x_wconf 79' lang='lat' dir='ltr'><em>Ecclesia.)</em></span> <span class='ocrx_word' id='word_1_197' title='bbox 552 2829 630 2905; x_wconf 89' lang='lat' dir='ltr'><em>Scit,</em></span> <span class='ocrx_word' id='word_1_198' title='bbox 646 2830 779 2893; x_wconf 83' lang='lat' dir='ltr'><em>involvit</em></span> <span class='ocrx_word' id='word_1_199' title='bbox 802 2851 835 2892; x_wconf 86' lang='lat' dir='ltr'><em>se</em></span> <span class='ocrx_word' id='word_1_200' title='bbox 857 2830 985 2909; x_wconf 85' lang='lat' dir='ltr'><em>nebula,</em></span> <span class='ocrx_word' id='word_1_201' title='bbox 1001 2838 1034 2894; x_wconf 88' lang='lat' dir='ltr'><em>et</em></span> <span class='ocrx_word' id='word_1_202' title='bbox 1057 2830 1197 2894; x_wconf 82' lang='lat' dir='ltr'><em>declinat</em></span> 
     </span>
     <span class='ocr_line' id='line_1_26' title="bbox 97 2943 217 2997; baseline 0.008 -1"><span class='ocrx_word' id='word_1_203' title='bbox 97 2943 217 2997; x_wconf 80' lang='lat' dir='ltr'><em>tumen.</em></span> 
     </span>
    </p>
   </div>
   <div class='ocr_carea' id='block_1_5' title="bbox 131 3050 1197 3361">
    <p class='ocr_par' dir='ltr' id='par_1_6' title="bbox 131 3050 1197 3361">
     <span class='ocr_line' id='line_1_27' title="bbox 131 3050 1197 3116; baseline -0.002 -13"><span class='ocrx_word' id='word_1_204' title='bbox 131 3053 252 3116; x_wconf 78' lang='lat' dir='ltr'><em>Origenes</em></span> <span class='ocrx_word' id='word_1_205' title='bbox 266 3053 293 3102; x_wconf 89' lang='lat' dir='ltr'><em>in</em></span> <span class='ocrx_word' id='word_1_206' title='bbox 306 3051 379 3116; x_wconf 77' lang='lat' dir='ltr'><em>[cap]</em></span> <span class='ocrx_word' id='word_1_207' title='bbox 391 3052 424 3100; x_wconf 84' lang='lat' dir='ltr'><em>vi.</em></span> <span class='ocrx_word' id='word_1_208' title='bbox 437 3050 469 3100; x_wconf 84' lang='lat' dir='ltr'><em>sd</em></span> <span class='ocrx_word' id='word_1_209' title='bbox 482 3050 553 3100; x_wconf 87' lang='lat' dir='ltr'><em>Rom.</em></span> <span class='ocrx_word' id='word_1_210' title='bbox 572 3087 578 3100; x_wconf 91' lang='lat'><em>.</em></span> <span class='ocrx_word' id='word_1_211' title='bbox 597 3089 602 3100; x_wconf 95' lang='lat'><em>.</em></span> <span class='ocrx_word' id='word_1_212' title='bbox 620 3087 627 3102; x_wconf 85' lang='lat'><em>.</em></span> <span class='ocrx_word' id='word_1_213' title='bbox 646 3055 652 3078; x_wconf 82' lang='lat'><strong><em>¹</em></strong></span> <span class='ocrx_word' id='word_1_214' title='bbox 663 3051 737 3102; x_wconf 84' lang='lat' dir='ltr'><em>Petro</em></span> <span class='ocrx_word' id='word_1_215' title='bbox 749 3066 806 3102; x_wconf 89' lang='lat' dir='ltr'><em>cum</em></span> <span class='ocrx_word' id='word_1_216' title='bbox 819 3066 1012 3102; x_wconf 74' lang='lat' dir='ltr'><em>summitterem</em></span> <span class='ocrx_word' id='word_1_217' title='bbox 1023 3051 1056 3103; x_wconf 90' lang='lat' dir='ltr'><em>de</em></span> <span class='ocrx_word' id='word_1_218' title='bbox 1067 3052 1197 3116; x_wconf 79' lang='lat' dir='ltr'><em>pascendis</em></span> 
     </span>
     <span class='ocr_line' id='line_1_28' title="bbox 162 3133 1196 3198; baseline -0.002 -14"><span class='ocrx_word' id='word_1_219' title='bbox 162 3135 251 3185; x_wconf 86' lang='lat' dir='ltr'><em>oribus</em></span> <span class='ocrx_word' id='word_1_220' title='bbox 262 3134 408 3192; x_wconf 74' lang='lat' dir='ltr'><em>truderetur,</em></span> <span class='ocrx_word' id='word_1_221' title='bbox 417 3133 456 3196; x_wconf 84' lang='lat' dir='ltr'><em>[et</em></span> <span class='ocrx_word' id='word_1_222' title='bbox 467 3147 541 3196; x_wconf 88' lang='lat' dir='ltr'><em>super</em></span> <span class='ocrx_word' id='word_1_223' title='bbox 551 3133 634 3196; x_wconf 87' lang='lat' dir='ltr'><em>ipsum</em></span> <span class='ocrx_word' id='word_1_224' title='bbox 642 3134 713 3183; x_wconf 84' lang='lat' dir='ltr'><em>velut</em></span> <span class='ocrx_word' id='word_1_225' title='bbox 722 3149 797 3197; x_wconf 87' lang='lat' dir='ltr'><em>super</em></span> <span class='ocrx_word' id='word_1_226' title='bbox 808 3137 899 3183; x_wconf 80' lang='lat' dir='ltr'><em>terram</em></span> <span class='ocrx_word' id='word_1_227' title='bbox 912 3133 1059 3184; x_wconf 78' lang='lat' dir='ltr'><em>tunderetur</em></span> <span class='ocrx_word' id='word_1_228' title='bbox 1067 3133 1196 3198; x_wconf 53' lang='lat' dir='ltr'><em>Reclusis]</em></span> 
     </span>
     <span class='ocr_line' id='line_1_29' title="bbox 162 3214 1195 3280; baseline -0.002 -15"><span class='ocrx_word' id='word_1_229' title='bbox 162 3217 256 3266; x_wconf 88' lang='lat' dir='ltr'><em>nullius</em></span> <span class='ocrx_word' id='word_1_230' title='bbox 267 3214 394 3280; x_wconf 79' lang='lat' dir='ltr'><em>[ulterius]</em></span> <span class='ocrx_word' id='word_1_231' title='bbox 403 3215 434 3264; x_wconf 84' lang='lat' dir='ltr'><em>sb</em></span> <span class='ocrx_word' id='word_1_232' title='bbox 446 3230 475 3264; x_wconf 88' lang='lat' dir='ltr'><em>eo</em></span> <span class='ocrx_word' id='word_1_233' title='bbox 482 3216 584 3264; x_wconf 84' lang='lat' dir='ltr'><em>virtutis</em></span> <span class='ocrx_word' id='word_1_234' title='bbox 595 3215 724 3275; x_wconf 82' lang='lat' dir='ltr'><em>confessio,</em></span> <span class='ocrx_word' id='word_1_235' title='bbox 733 3216 783 3265; x_wconf 86' lang='lat' dir='ltr'><em>nisi</em></span> <span class='ocrx_word' id='word_1_236' title='bbox 795 3214 925 3264; x_wconf 75' lang='lat' dir='ltr'><em>charitatis</em></span> <span class='ocrx_word' id='word_1_237' title='bbox 936 3215 1195 3280; x_wconf 71' lang='lat' dir='ltr'><em>exigiturr.’-[Bc11.</em></span> 
     </span>
     <span class='ocr_line' id='line_1_30' title="bbox 163 3293 1024 3361; baseline -0.003 -15"><span class='ocrx_word' id='word_1_238' title='bbox 163 3297 237 3361; x_wconf 85' lang='lat' dir='ltr'><em>Apol.</em></span> <span class='ocrx_word' id='word_1_239' title='bbox 250 3313 295 3361; x_wconf 92' lang='lat' dir='ltr'><em>pro</em></span> <span class='ocrx_word' id='word_1_240' title='bbox 307 3296 394 3360; x_wconf 81' lang='lat' dir='ltr'><em>Resp]</em></span> <span class='ocrx_word' id='word_1_241' title='bbox 413 3311 437 3359; x_wconf 88' lang='lat' dir='ltr'><em>p.</em></span> <span class='ocrx_word' id='word_1_242' title='bbox 451 3297 505 3346; x_wconf 79' lang='lat'><em>125.</em></span> <span class='ocrx_word' id='word_1_243' title='bbox 523 3295 589 3361; x_wconf 83' lang='lat' dir='ltr'><em>[Op.,</em></span> <span class='ocrx_word' id='word_1_244' title='bbox 607 3302 667 3345; x_wconf 86' lang='lat' dir='ltr'><em>tam.</em></span> <span class='ocrx_word' id='word_1_245' title='bbox 679 3297 722 3345; x_wconf 85' lang='lat' dir='ltr'><em>vii.</em></span> <span class='ocrx_word' id='word_1_246' title='bbox 740 3293 1024 3358; x_wconf 59' lang='lat' dir='ltr'><em>collusissent]</em></span> 
     </span>
    </p>
   </div>
   <div class='ocr_carea' id='block_1_6' title="bbox 141 3385 1359 3472">
    <p class='ocr_par' dir='ltr' id='par_1_7' title="bbox 141 3385 1359 3472">
     <span class='ocr_line' id='line_1_31' title="bbox 141 3385 1359 3472; baseline -0.005 -19"><span class='ocrx_word' id='word_1_247' title='bbox 141 3391 191 3453; x_wconf 83' lang='lat' dir='ltr'><em>Ex</em></span> <span class='ocrx_word' id='word_1_248' title='bbox 213 3390 364 3472; x_wconf 82' lang='lat' dir='ltr'><em>Origene.</em></span> <span class='ocrx_word' id='word_1_249' title='bbox 416 3389 573 3450; x_wconf 80' lang='lat' dir='ltr'><em>Summam</em></span> <span class='ocrx_word' id='word_1_250' title='bbox 596 3408 700 3452; x_wconf 88' lang='lat' dir='ltr'><em>rerum</em></span> <span class='ocrx_word' id='word_1_251' title='bbox 724 3388 762 3450; x_wconf 89' lang='lat' dir='ltr'><em>de</em></span> <span class='ocrx_word' id='word_1_252' title='bbox 780 3387 951 3468; x_wconf 85' lang='lat' dir='ltr'><em>pascendis</em></span> <span class='ocrx_word' id='word_1_253' title='bbox 975 3385 1080 3449; x_wconf 77' lang='lat' dir='ltr'><em>ombus</em></span> <span class='ocrx_word' id='word_1_254' title='bbox 1100 3387 1197 3449; x_wconf 87' lang='lat' dir='ltr'><em>Petro</em></span> <span class='ocrx_word' id='word_1_255' title='bbox 1211 3397 1262 3462; x_wconf 78' lang='lat' dir='ltr'><em>[Dc</em></span> <span class='ocrx_word' id='word_1_256' title='bbox 1275 3396 1359 3447; x_wconf 74' lang='lat' dir='ltr'><em>haere</em></span> 
     </span>
    </p>
   </div>
   <div class='ocr_carea' id='block_1_7' title="bbox 98 3465 1353 3578">
    <p class='ocr_par' dir='ltr' id='par_1_8' title="bbox 98 3465 1353 3578">
     <span class='ocr_line' id='line_1_32' title="bbox 98 3465 1353 3578; baseline -0.001 -22"><span class='ocrx_word' id='word_1_257' title='bbox 98 3494 260 3556; x_wconf 86' lang='lat' dir='ltr'><em>traditam.</em></span> <span class='ocrx_word' id='word_1_258' title='bbox 307 3491 372 3555; x_wconf 89' lang='lat' dir='ltr'><em>Sed</em></span> <span class='ocrx_word' id='word_1_259' title='bbox 387 3492 539 3555; x_wconf 89' lang='lat' dir='ltr'><em>traditam</em></span> <span class='ocrx_word' id='word_1_260' title='bbox 554 3498 586 3554; x_wconf 89' lang='lat' dir='ltr'><em>et</em></span> <span class='ocrx_word' id='word_1_261' title='bbox 607 3492 680 3553; x_wconf 83' lang='lat' dir='ltr'><em>aliis</em></span> <span class='ocrx_word' id='word_1_262' title='bbox 700 3490 834 3554; x_wconf 82' lang='lat' dir='ltr'><em>eandem</em></span> <span class='ocrx_word' id='word_1_263' title='bbox 855 3497 1068 3567; x_wconf 73' lang='lat' dir='ltr'><em>summumst</em></span> <span class='ocrx_word' id='word_1_264' title='bbox 1088 3465 1353 3578; x_wconf 49' lang='lat' dir='ltr'><em>ape1tessffr⁸¹t¹2⁸¹ssssn</em></span> 
     </span>
    </p>
   </div>
   <div class='ocr_carea' id='block_1_8' title="bbox 99 3592 1348 4585">
    <p class='ocr_par' dir='ltr' id='par_1_9' title="bbox 99 3592 1348 4585">
     <span class='ocr_line' id='line_1_33' title="bbox 99 3592 1348 3721; baseline -0.006 -60"><span class='ocrx_word' id='word_1_265' title='bbox 99 3597 277 3680; x_wconf 85' lang='lat' dir='ltr'><em>Origenesn</em></span> <span class='ocrx_word' id='word_1_266' title='bbox 293 3594 388 3672; x_wconf 73' lang='lat' dir='ltr'><em>alibi,</em></span> <span class='ocrx_word' id='word_1_267' title='bbox 412 3595 507 3676; x_wconf 88' lang='lat' dir='ltr'><em>quod,</em></span> <span class='ocrx_word' id='word_1_268' title='bbox 525 3595 551 3656; x_wconf 90' lang='lat' dir='ltr'><em>si</em></span> <span class='ocrx_word' id='word_1_269' title='bbox 567 3593 643 3676; x_wconf 93' lang='lat' dir='ltr'><em>quid</em></span> <span class='ocrx_word' id='word_1_270' title='bbox 666 3593 708 3657; x_wconf 93' lang='lat' dir='ltr'><em>ibi</em></span> <span class='ocrx_word' id='word_1_271' title='bbox 726 3595 822 3656; x_wconf 89' lang='lat' dir='ltr'><em>Petro</em></span> <span class='ocrx_word' id='word_1_272' title='bbox 839 3593 1012 3674; x_wconf 85' lang='lat' dir='ltr'><em>peculiare,</em></span> <span class='ocrx_word' id='word_1_273' title='bbox 1027 3593 1150 3654; x_wconf 86' lang='lat' dir='ltr'><em>ratione</em></span> <span class='ocrx_word' id='word_1_274' title='bbox 1163 3592 1199 3654; x_wconf 89' lang='lat' dir='ltr'><em>id</em></span> <span class='ocrx_word' id='word_1_275' title='bbox 1210 3594 1348 3721; x_wconf 48' lang='lat' dir='ltr'><em>disigius]</em></span> 
     </span>
     <span class='ocr_line' id='line_1_34' title="bbox 131 3741 1195 3813; baseline -0.004 -17"><span class='ocrx_word' id='word_1_276' title='bbox 131 3747 138 3779; x_wconf 81' lang='lat'>¹</span> <span class='ocrx_word' id='word_1_277' title='bbox 161 3747 240 3813; x_wconf 83' lang='lat' dir='ltr'><em>[Vide</em></span> <span class='ocrx_word' id='word_1_278' title='bbox 262 3747 343 3810; x_wconf 80' lang='lat' dir='ltr'><em>Epist.</em></span> <span class='ocrx_word' id='word_1_279' title='bbox 368 3745 443 3795; x_wconf 76' lang='lat' dir='ltr'><em>Mart</em></span> <span class='ocrx_word' id='word_1_280' title='bbox 468 3745 573 3794; x_wconf 83' lang='lat' dir='ltr'><em>Lutheri</em></span> <span class='ocrx_word' id='word_1_281' title='bbox 595 3744 627 3794; x_wconf 81' lang='lat' dir='ltr'><em>ed</em></span> <span class='ocrx_word' id='word_1_282' title='bbox 670 3750 936 3808; x_wconf 79' lang='lat' dir='ltr'><em>quaestusomnespro</em></span> <span class='ocrx_word' id='word_1_283' title='bbox 952 3743 992 3791; x_wconf 91' lang='lat' dir='ltr'><em>his</em></span> <span class='ocrx_word' id='word_1_284' title='bbox 1008 3741 1195 3807; x_wconf 85' lang='lat' dir='ltr'><em>consequendis,</em></span> 
     </span>
     <span class='ocr_line' id='line_1_35' title="bbox 99 3808 1197 3875; baseline -0.005 -12"><span class='ocrx_word' id='word_1_285' title='bbox 99 3813 174 3863; x_wconf 76' lang='lat' dir='ltr'><em>Leon.</em></span> <span class='ocrx_word' id='word_1_286' title='bbox 187 3813 219 3861; x_wconf 88' lang='lat' dir='ltr'><em>X.</em></span> <span class='ocrx_word' id='word_1_287' title='bbox 238 3812 294 3875; x_wconf 71' lang='lat' dir='ltr'><em>Op,</em></span> <span class='ocrx_word' id='word_1_288' title='bbox 311 3810 627 3861; x_wconf 55' lang='lat' dir='ltr'><em>sumtuosissimae</em></span> <span class='ocrx_word' id='word_1_289' title='bbox 671 3810 738 3859; x_wconf 86' lang='lat' dir='ltr'><em>unde</em></span> <span class='ocrx_word' id='word_1_290' title='bbox 761 3809 870 3873; x_wconf 78' lang='lat' dir='ltr'><em>plurimu</em></span> <span class='ocrx_word' id='word_1_291' title='bbox 890 3811 916 3856; x_wconf 93' lang='lat' dir='ltr'><em>in</em></span> <span class='ocrx_word' id='word_1_292' title='bbox 938 3808 1082 3857; x_wconf 79' lang='lat' dir='ltr'><em>Christiano</em></span> <span class='ocrx_word' id='word_1_293' title='bbox 1104 3808 1197 3871; x_wconf 92' lang='lat' dir='ltr'><em>populo</em></span> 
     </span>
     <span class='ocr_line' id='line_1_36' title="bbox 100 3873 1198 3940; baseline -0.005 -13"><span class='ocrx_word' id='word_1_294' title='bbox 100 3880 172 3929; x_wconf 75' lang='lat'><em>1564.</em></span> <span class='ocrx_word' id='word_1_295' title='bbox 184 3876 248 3940; x_wconf 84' lang='lat' dir='ltr'><em>seq]</em></span> <span class='ocrx_word' id='word_1_296' title='bbox 670 3875 793 3924; x_wconf 80' lang='lat' dir='ltr'><em>sbusuum</em></span> <span class='ocrx_word' id='word_1_297' title='bbox 804 3873 1086 3932; x_wconf 71' lang='lat' dir='ltr'><em>causstluxitomnino</em></span> <span class='ocrx_word' id='word_1_298' title='bbox 1099 3873 1198 3922; x_wconf 82' lang='lat' dir='ltr'><em>abolen-</em></span> 
     </span>
     <span class='ocr_line' id='line_1_37' title="bbox 129 3937 1195 4008; baseline -0.005 -17"><span class='ocrx_word' id='word_1_299' title='bbox 129 3942 140 3974; x_wconf 84' lang='lat'><em>¹¹</em></span> <span class='ocrx_word' id='word_1_300' title='bbox 159 3939 363 4008; x_wconf 70' lang='lat' dir='ltr'><em>[vincennis.</em></span> <span class='ocrx_word' id='word_1_301' title='bbox 377 3939 451 3988; x_wconf 85' lang='lat' dir='ltr'><em>Leon.</em></span> <span class='ocrx_word' id='word_1_302' title='bbox 469 3939 499 3989; x_wconf 86' lang='grc' dir='ltr'><em>Χ.</em></span> <span class='ocrx_word' id='word_1_303' title='bbox 516 3939 628 4001; x_wconf 82' lang='lat' dir='ltr'><em>‘Exurge</em></span> <span class='ocrx_word' id='word_1_304' title='bbox 670 3939 716 3988; x_wconf 90' lang='lat' dir='ltr'><em>dos</em></span> <span class='ocrx_word' id='word_1_305' title='bbox 729 3939 909 3988; x_wconf 82' lang='lat' dir='ltr'><em>esse.”—Oonc.</em></span> <span class='ocrx_word' id='word_1_306' title='bbox 930 3937 1042 3987; x_wconf 79' lang='lat' dir='ltr'><em>Trident</em></span> <span class='ocrx_word' id='word_1_307' title='bbox 1062 3939 1124 3988; x_wconf 81' lang='lat' dir='ltr'><em>Sess.</em></span> <span class='ocrx_word' id='word_1_308' title='bbox 1137 3953 1195 3986; x_wconf 81' lang='lat' dir='ltr'><em>xxv.</em></span> 
     </span>
     <span class='ocr_line' id='line_1_38' title="bbox 101 4002 1195 4066; baseline -0.006 -9"><span class='ocrx_word' id='word_1_309' title='bbox 101 4005 352 4057; x_wconf 63' lang='lat' dir='ltr'><em>Dominus-uuum.</em></span> <span class='ocrx_word' id='word_1_310' title='bbox 377 4005 446 4053; x_wconf 89' lang='lat' dir='ltr'><em>Rom.</em></span> <span class='ocrx_word' id='word_1_311' title='bbox 471 4009 531 4052; x_wconf 90' lang='lat' dir='ltr'><em>tom.</em></span> <span class='ocrx_word' id='word_1_312' title='bbox 551 4005 567 4052; x_wconf 87' lang='lat' dir='ltr'><em>i.</em></span> <span class='ocrx_word' id='word_1_313' title='bbox 585 4018 627 4066; x_wconf 92' lang='lat' dir='ltr'><em>pp.</em></span> <span class='ocrx_word' id='word_1_314' title='bbox 671 4003 769 4052; x_wconf 86' lang='lat' dir='ltr'><em>Docret.</em></span> <span class='ocrx_word' id='word_1_315' title='bbox 783 4003 814 4052; x_wconf 89' lang='lat' dir='ltr'><em>de</em></span> <span class='ocrx_word' id='word_1_316' title='bbox 829 4002 1115 4065; x_wconf 75' lang='lat' dir='ltr'><em>indulgentiis-conc.</em></span> <span class='ocrx_word' id='word_1_317' title='bbox 1134 4009 1195 4052; x_wconf 87' lang='lat' dir='ltr'><em>tom.</em></span> 
     </span>
     <span class='ocr_line' id='line_1_39' title="bbox 100 4066 1303 4129; baseline -0.004 -7"><span class='ocrx_word' id='word_1_318' title='bbox 100 4073 261 4129; x_wconf 62' lang='lat' dir='ltr'><em>olo-sle,</em></span> <span class='ocrx_word' id='word_1_319' title='bbox 276 4075 302 4119; x_wconf 85' lang='lat' dir='ltr'><em>et</em></span> <span class='ocrx_word' id='word_1_320' title='bbox 320 4069 386 4117; x_wconf 89' lang='lat' dir='ltr'><em>Bull.</em></span> <span class='ocrx_word' id='word_1_321' title='bbox 404 4069 449 4116; x_wconf 86' lang='lat' dir='ltr'><em>xli.</em></span> <span class='ocrx_word' id='word_1_322' title='bbox 470 4071 563 4117; x_wconf 84' lang='lat' dir='ltr'><em>‘Decet</em></span> <span class='ocrx_word' id='word_1_323' title='bbox 582 4067 628 4117; x_wconf 80' lang='lat' dir='ltr'><em>lio</em></span> <span class='ocrx_word' id='word_1_324' title='bbox 671 4069 722 4116; x_wconf 83' lang='lat' dir='ltr'><em>xiv.</em></span> <span class='ocrx_word' id='word_1_325' title='bbox 735 4069 780 4117; x_wconf 90' lang='lat' dir='ltr'><em>col.</em></span> <span class='ocrx_word' id='word_1_326' title='bbox 790 4070 845 4118; x_wconf 88' lang='grc'><strong>918.</strong></span> <span class='ocrx_word' id='word_1_327' title='bbox 855 4068 901 4124; x_wconf 85' lang='grc' dir='ltr'><em>Α.;</em></span> <span class='ocrx_word' id='word_1_328' title='bbox 920 4071 945 4116; x_wconf 87' lang='lat' dir='ltr'><em>et</em></span> <span class='ocrx_word' id='word_1_329' title='bbox 955 4067 1018 4116; x_wconf 82' lang='lat' dir='ltr'><em>Sess</em></span> <span class='ocrx_word' id='word_1_330' title='bbox 1032 4069 1084 4116; x_wconf 86' lang='lat' dir='ltr'><em>xxi.</em></span> <span class='ocrx_word' id='word_1_331' title='bbox 1097 4066 1194 4117; x_wconf 85' lang='lat' dir='ltr'><em>Decret.</em></span> <span class='ocrx_word' id='word_1_332' title='bbox 1294 4097 1303 4117; x_wconf 75' lang='grc'><strong>.</strong></span> 
     </span>
     <span class='ocr_line' id='line_1_40' title="bbox 100 4131 1196 4198; baseline -0.005 -12"><span class='ocrx_word' id='word_1_333' title='bbox 100 4132 346 4186; x_wconf 79' lang='lat' dir='ltr'><em>manorum.&#39;—lbid.</em></span> <span class='ocrx_word' id='word_1_334' title='bbox 359 4149 399 4198; x_wconf 91' lang='lat' dir='ltr'><em>pp.</em></span> <span class='ocrx_word' id='word_1_335' title='bbox 413 4135 468 4183; x_wconf 82' lang='lat'><em>614.</em></span> <span class='ocrx_word' id='word_1_336' title='bbox 482 4132 550 4195; x_wconf 75' lang='lat' dir='ltr'><em>oin]</em></span> <span class='ocrx_word' id='word_1_337' title='bbox 670 4133 702 4182; x_wconf 87' lang='lat' dir='ltr'><em>de</em></span> <span class='ocrx_word' id='word_1_338' title='bbox 714 4133 821 4181; x_wconf 80' lang='lat' dir='ltr'><em>Reform.</em></span> <span class='ocrx_word' id='word_1_339' title='bbox 833 4147 885 4195; x_wconf 78' lang='lat' dir='ltr'><em>cop.</em></span> <span class='ocrx_word' id='word_1_340' title='bbox 898 4133 932 4180; x_wconf 83' lang='lat' dir='ltr'><em>ix.</em></span> <span class='ocrx_word' id='word_1_341' title='bbox 950 4132 1012 4181; x_wconf 86' lang='lat' dir='ltr'><em>ibid.</em></span> <span class='ocrx_word' id='word_1_342' title='bbox 1029 4133 1075 4181; x_wconf 86' lang='lat' dir='ltr'><em>eol.</em></span> <span class='ocrx_word' id='word_1_343' title='bbox 1088 4135 1143 4182; x_wconf 85' lang='lat'><em>861.</em></span> <span class='ocrx_word' id='word_1_344' title='bbox 1156 4131 1196 4195; x_wconf 79' lang='lat' dir='ltr'><em>n]</em></span> 
     </span>
     <span class='ocr_line' id='line_1_41' title="bbox 130 4196 1196 4265; baseline -0.005 -16"><span class='ocrx_word' id='word_1_345' title='bbox 130 4201 137 4233; x_wconf 88' lang='lat'><strong>¹</strong></span> <span class='ocrx_word' id='word_1_346' title='bbox 158 4203 188 4265; x_wconf 88' lang='lat'><em>[“</em></span> <span class='ocrx_word' id='word_1_347' title='bbox 197 4201 297 4249; x_wconf 76' lang='lat' dir='ltr'><em>Abusus</em></span> <span class='ocrx_word' id='word_1_348' title='bbox 309 4214 374 4258; x_wconf 86' lang='lat' dir='ltr'><em>vero,</em></span> <span class='ocrx_word' id='word_1_349' title='bbox 386 4199 429 4261; x_wconf 93' lang='lat' dir='ltr'><em>qui</em></span> <span class='ocrx_word' id='word_1_350' title='bbox 447 4199 474 4246; x_wconf 92' lang='lat' dir='ltr'><em>in</em></span> <span class='ocrx_word' id='word_1_351' title='bbox 484 4197 524 4246; x_wconf 89' lang='lat' dir='ltr'><em>his</em></span> <span class='ocrx_word' id='word_1_352' title='bbox 537 4196 627 4257; x_wconf 81' lang='lat' dir='ltr'><em>(indul</em></span> <span class='ocrx_word' id='word_1_353' title='bbox 703 4205 719 4227; x_wconf 58' lang='grc' dir='ltr'><strong><em>ω</em></strong></span> <span class='ocrx_word' id='word_1_354' title='bbox 736 4198 816 4262; x_wconf 87' lang='lat' dir='ltr'><em>[Orig.</em></span> <span class='ocrx_word' id='word_1_355' title='bbox 830 4198 858 4246; x_wconf 91' lang='lat' dir='ltr'><em>in</em></span> <span class='ocrx_word' id='word_1_356' title='bbox 874 4211 926 4260; x_wconf 82' lang='lat' dir='ltr'><em>esp.</em></span> <span class='ocrx_word' id='word_1_357' title='bbox 939 4197 972 4246; x_wconf 84' lang='lat' dir='ltr'><em>vi.</em></span> <span class='ocrx_word' id='word_1_358' title='bbox 991 4196 1024 4246; x_wconf 79' lang='lat' dir='ltr'><em>sd</em></span> <span class='ocrx_word' id='word_1_359' title='bbox 1042 4197 1112 4246; x_wconf 83' lang='lat' dir='ltr'><em>Rom.</em></span> <span class='ocrx_word' id='word_1_360' title='bbox 1125 4196 1196 4245; x_wconf 87' lang='lat' dir='ltr'><em>Oom·</em></span> 
     </span>
     <span class='ocr_line' id='line_1_42' title="bbox 99 4261 1195 4329; baseline -0.006 -14"><span class='ocrx_word' id='word_1_361' title='bbox 99 4267 203 4329; x_wconf 88' lang='lat' dir='ltr'><em>gentiis)</em></span> <span class='ocrx_word' id='word_1_362' title='bbox 217 4267 377 4326; x_wconf 76' lang='lat' dir='ltr'><em>irrepserunt,</em></span> <span class='ocrx_word' id='word_1_363' title='bbox 393 4267 419 4312; x_wconf 91' lang='lat' dir='ltr'><em>et</em></span> <span class='ocrx_word' id='word_1_364' title='bbox 434 4277 540 4324; x_wconf 89' lang='lat' dir='ltr'><em>quorum</em></span> <span class='ocrx_word' id='word_1_365' title='bbox 558 4276 627 4310; x_wconf 83' lang='lat' dir='ltr'><em>ocos-</em></span> <span class='ocrx_word' id='word_1_366' title='bbox 671 4267 748 4311; x_wconf 77' lang='lat' dir='ltr'><em>ment.</em></span> <span class='ocrx_word' id='word_1_367' title='bbox 771 4262 816 4311; x_wconf 93' lang='lat' dir='ltr'><em>lib.</em></span> <span class='ocrx_word' id='word_1_368' title='bbox 828 4277 851 4310; x_wconf 77' lang='lat' dir='ltr'><em>r.</em></span> <span class='ocrx_word' id='word_1_369' title='bbox 877 4262 933 4325; x_wconf 62' lang='lat' dir='ltr'><em>Op,</em></span> <span class='ocrx_word' id='word_1_370' title='bbox 956 4267 1016 4311; x_wconf 86' lang='lat' dir='ltr'><em>tom</em></span> <span class='ocrx_word' id='word_1_371' title='bbox 1036 4261 1070 4309; x_wconf 83' lang='lat' dir='ltr'><em>is.</em></span> <span class='ocrx_word' id='word_1_372' title='bbox 1092 4275 1116 4326; x_wconf 85' lang='lat' dir='ltr'><em>p.</em></span> <span class='ocrx_word' id='word_1_373' title='bbox 1140 4264 1195 4311; x_wconf 75' lang='lat'><em>686.</em></span> 
     </span>
     <span class='ocr_line' id='line_1_43' title="bbox 100 4326 804 4390; baseline -0.004 -10"><span class='ocrx_word' id='word_1_374' title='bbox 100 4333 170 4380; x_wconf 85' lang='lat' dir='ltr'><em>sione</em></span> <span class='ocrx_word' id='word_1_375' title='bbox 204 4331 303 4390; x_wconf 81' lang='lat' dir='ltr'><em>insigne</em></span> <span class='ocrx_word' id='word_1_376' title='bbox 336 4328 382 4376; x_wconf 89' lang='lat' dir='ltr'><em>hoc</em></span> <span class='ocrx_word' id='word_1_377' title='bbox 412 4327 628 4388; x_wconf 83' lang='lat' dir='ltr'><em>indulgentisrum</em></span> <span class='ocrx_word' id='word_1_378' title='bbox 671 4327 717 4376; x_wconf 91' lang='lat' dir='ltr'><em>col.</em></span> <span class='ocrx_word' id='word_1_379' title='bbox 730 4329 752 4375; x_wconf 79' lang='lat'><em>2.</em></span> <span class='ocrx_word' id='word_1_380' title='bbox 766 4326 804 4388; x_wconf 86' lang='lat' dir='ltr'><em>O.]</em></span> 
     </span>
     <span class='ocr_line' id='line_1_44' title="bbox 101 4389 1198 4456; baseline -0.006 -11"><span class='ocrx_word' id='word_1_381' title='bbox 101 4411 193 4445; x_wconf 89' lang='lat' dir='ltr'><em>nomen</em></span> <span class='ocrx_word' id='word_1_382' title='bbox 220 4394 251 4443; x_wconf 84' lang='lat' dir='ltr'><em>sb</em></span> <span class='ocrx_word' id='word_1_383' title='bbox 278 4392 405 4442; x_wconf 81' lang='lat' dir='ltr'><em>hoereticis</em></span> <span class='ocrx_word' id='word_1_384' title='bbox 432 4391 627 4454; x_wconf 75' lang='lat' dir='ltr'><em>blasphemetur,</em></span> <span class='ocrx_word' id='word_1_385' title='bbox 704 4390 845 4456; x_wconf 52' lang='lat' dir='ltr'><em>&#39;pilpaei</em></span> <span class='ocrx_word' id='word_1_386' title='bbox 862 4394 897 4453; x_wconf 68' lang='grc' dir='ltr'><em>τῷ</em></span> <span class='ocrx_word' id='word_1_387' title='bbox 911 4389 995 4453; x_wconf 69' lang='grc' dir='ltr'>Πέτρῳ</span> <span class='ocrx_word' id='word_1_388' title='bbox 1012 4390 1075 4451; x_wconf 75' lang='grc' dir='ltr'><strong><em>μόνῳ</em></strong></span> <span class='ocrx_word' id='word_1_389' title='bbox 1096 4390 1198 4438; x_wconf 70' lang='grc' dir='ltr'><em>δίδονται</em></span> 
     </span>
     <span class='ocr_line' id='line_1_45' title="bbox 101 4455 1200 4520; baseline -0.007 -9"><span class='ocrx_word' id='word_1_390' title='bbox 101 4459 248 4510; x_wconf 75' lang='lat' dir='ltr'><em>emendatas</em></span> <span class='ocrx_word' id='word_1_391' title='bbox 265 4464 291 4507; x_wconf 85' lang='lat' dir='ltr'><em>ct</em></span> <span class='ocrx_word' id='word_1_392' title='bbox 305 4461 428 4506; x_wconf 86' lang='lat' dir='ltr'><em>correctos</em></span> <span class='ocrx_word' id='word_1_393' title='bbox 445 4456 629 4519; x_wconf 72' lang='lat' dir='ltr'><em>cupiensprae-</em></span> <span class='ocrx_word' id='word_1_394' title='bbox 674 4456 731 4505; x_wconf 71' lang='lat' dir='ltr'><em>itt·</em></span> <span class='ocrx_word' id='word_1_395' title='bbox 739 4460 783 4505; x_wconf 81' lang='grc' dir='ltr'><em>τοῦ</em></span> <span class='ocrx_word' id='word_1_396' title='bbox 805 4455 891 4520; x_wconf 74' lang='grc' dir='ltr'><strong>κυρίου</strong></span> <span class='ocrx_word' id='word_1_397' title='bbox 919 4457 943 4504; x_wconf 84' lang='lat' dir='ltr'><em>al</em></span> <span class='ocrx_word' id='word_1_398' title='bbox 970 4456 1064 4504; x_wconf 64' lang='lat' dir='ltr'><em>surdo</em></span> <span class='ocrx_word' id='word_1_399' title='bbox 1085 4457 1128 4512; x_wconf 76' lang='grc' dir='ltr'><em>τῆς</em></span> <span class='ocrx_word' id='word_1_400' title='bbox 1151 4458 1200 4503; x_wconf 75' lang='grc' dir='ltr'><em>τῶν</em></span> 
     </span>
     <span class='ocr_line' id='line_1_46' title="bbox 101 4517 1200 4585; baseline -0.005 -10"><span class='ocrx_word' id='word_1_401' title='bbox 101 4525 166 4575; x_wconf 85' lang='lat' dir='ltr'><em>senti</em></span> <span class='ocrx_word' id='word_1_402' title='bbox 177 4517 277 4574; x_wconf 75' lang='lat' dir='ltr'><em>decreto</em></span> <span class='ocrx_word' id='word_1_403' title='bbox 285 4522 630 4585; x_wconf 74' lang='lat' dir='ltr'><em>genemnursntuitprsvos</em></span> <span class='ocrx_word' id='word_1_404' title='bbox 674 4521 777 4584; x_wconf 72' lang='lat' dir='ltr'><em>odpdeur</em></span> <span class='ocrx_word' id='word_1_405' title='bbox 799 4520 932 4579; x_wconf 70' lang='grc' dir='ltr'><em>βασιλείας,</em></span> <span class='ocrx_word' id='word_1_406' title='bbox 954 4519 994 4568; x_wconf 77' lang='lat' dir='ltr'><em>xci</em></span> <span class='ocrx_word' id='word_1_407' title='bbox 1022 4520 1097 4570; x_wconf 71' lang='lat' dir='ltr'><em>odiels</em></span> <span class='ocrx_word' id='word_1_408' title='bbox 1119 4519 1200 4584; x_wconf 65' lang='grc' dir='ltr'><strong>ἕτερος</strong></span> 
     </span>
    </p>
   </div>
   <div class='ocr_carea' id='block_1_9' title="bbox 0 0 1470 4926">
    <p class='ocr_par' dir='ltr' id='par_1_10' title="bbox 0 0 1470 4926">
     <span class='ocr_line' id='line_1_47' title="bbox 0 0 1470 4926; baseline 0 0"><span class='ocrx_word' id='word_1_409' title='bbox 0 0 1470 4926; x_wconf 95' lang='lat' dir='ltr'><em> </em></span> 
     </span>
    </p>
   </div>
  </div>
 </body>
</html>
