2910 4926
213 270 279 354 492
343 283 387 335 so
408 283 598 335 cammarus
619 282 817 332 armanno
839 282 1023 333 ammona
1043 282 1231 335 ansrorsro.

214 440 351 505 aliorum
380 440 573 506 testimoniis
602 461 669 503 non
695 438 891 503 destituitur.
937 440 1033 503 Certe
1055 439 1246 523 Onuphrius
1268 460 1321 504 re·

214 544 338 607 centior
359 550 418 622 est,
443 565 539 626 quam
558 550 596 606 ut
613 563 708 606 nosse
729 562 799 605 rem
818 541 970 625 potuerit,
991 541 1086 605 etad
1109 543 1231 620 omnia,
1247 563 1320 625 qnae

214 667 272 728 pro
287 647 444 710 Pontifiee
458 647 592 723 faciunt,
609 643 780 708 asserenda
794 643 975 727 projectior.
1021 644 1141 707 Parum
1155 666 1233 708 vero
1246 652 1319 707 tum

213 756 339 831 poterat
353 750 442 831 Papa
455 747 638 813 Alexander
655 749 781 824 Sextus,
798 746 827 809 si
847 745 883 809 id
904 766 972 810 non
986 752 1122 829 poterat,
1138 746 1319 811 oonaanos

212 849 249 912 in
264 851 379 934 vulgus
393 871 538 914 rumores
560 869 718 933 spargere,
734 855 831 931 atque
855 869 894 912 eo
918 847 1014 912 modo
1037 847 1255 931 suspicionem
1278 849 1319 914 de

213 960 317 1016 morte
340 952 452 1016 Zizimi
474 973 493 1014 a
512 973 546 1015 se
561 972 718 1015 amovere.
764 950 942 1015 Sabellicus
959 971 1034 1014 vero
1050 971 1112 1014 neo
1130 950 1164 1014 in
1180 950 1320 1015 dubium

211 1061 349 1134 revocat,
365 1076 407 1119 an
422 1075 545 1118 veneno
568 1054 708 1137 perierit,
732 1060 765 1118 et
787 1052 941 1134 Pontifiee
964 1074 1024 1116 non
1048 1054 1160 1134 ipnaro
1177 1052 1318 1134 saetam,

212 1156 247 1218 id
261 1157 419 1220 creditum
433 1157 580 1220 affirmat.
629 1157 683 1221 Sie
697 1159 785 1221 enim
799 1157 865 1221 ille.
911 1157 1050 1219 Fberunt
1069 1157 1122 1238 pai
1143 1157 1318 1236 crederent,

212 1280 280 1321 enm
303 1279 415 1322 veneno
437 1259 602 1337 satiatam,
621 1255 782 1340 fieisseqrae
804 1258 1021 1321 Alenandram
1043 1256 1230 1338 Pontificem
1251 1260 1320 1341 egiris

212 1362 336 1424 emnitii
351 1381 412 1423 non
426 1362 611 1442 tynae-amm.
636 1360 880 1424 Guiceiardinus
895 1361 956 1425 hoe
970 1360 1068 1439 idem,
1079 1360 1154 1428 Non
1168 1359 1318 1441 defense,

213 1465 266 1546 qni
288 1464 450 1526 crederent
457 1473 483 1528 ¹¹.
528 1463 596 1528 Qui
615 1462 772 1526 tandem?
795 1464 869 1527 vani
890 1463 1062 1540 homines?
1084 1462 1150 1526 imo
1171 1463 1318 1528 cordatis

212 1566 333 1648 alioqui
361 1586 412 1629 res
441 1565 477 1627 in
508 1565 687 1628 Historiam
713 1586 780 1628 non
808 1565 985 1629 referenda.
1031 1564 1096 1628 Sed
1113 1564 1259 1647 ,explicat
1284 1564 1319 1629 id

211 1668 307 1751 paulo
329 1675 411 1750 post,
428 1687 503 1730 oum
518 1668 675 1730 constanti
691 1669 847 1730 bominum
869 1668 1011 1748 opinione
1033 1667 1187 1730 ereditrm
1202 1666 1285 1730 dicit
1293 1680 1318 1730 ⁰.

215 1770 378 1832 Constanti
414 1770 570 1832 heminam
605 1771 749 1850 opinione
786 1770 948 1848 aeduum,
978 1769 1025 1832 ait
1055 1767 1317 1833 Guiocinrdinus.

211 1872 355 1952 Eratque
377 1877 521 1934 constans
539 1869 644 1952 sama,
663 1871 708 1934 ait
732 1871 875 1935 Joviuss
924 1869 1099 1934 Sabellicus
1119 1870 1320 1934 affirmanter

212 1973 267 2050 ait,
288 1975 420 2036 lberam
442 1973 637 2051 Alexandro,
660 1979 696 2035 at
717 1974 873 2036 Zizimam
894 1993 1008 2036 verwno
1024 1973 1155 2051 tolleret,
1170 1993 1319 2055 mapnam

212 2076 284 2136 anri
293 2075 418 2155 pondus
430 2075 607 2156 pollicitam
614 2073 720 2156 faisse
729 2087 754 2138 (¹.
792 2076 842 2138 Ex
856 2074 913 2137 illa
927 2082 1035 2138 autem
1050 2075 1155 2156 mapni
1162 2075 1319 2155 ponderis

206 2179 445 2258 pollicitatione,
467 2179 624 2241 comtanti
643 2179 799 2247 bominum
821 2179 963 2260 opinione
986 2177 1138 2240 creditam
1153 2175 1272 2257 fabae,
1288 2183 1319 2241 et

212 2281 367 2344 Zizimam
381 2300 494 2342 veneto
508 2281 673 2359 subtatum,
687 2288 718 2344 et
729 2282 853 2364 Papam
867 2283 932 2363 egias
947 2280 1069 2344 consilii
1083 2301 1145 2343 non
1159 2281 1316 2362 ipnaruna

212 2385 259 2446 At
281 2382 330 2444 illi
351 2381 497 2445 fecerunt
520 2382 606 2465 quod
625 2382 856 2445 ffistoeieonnm
878 2390 947 2446 est:
982 2402 1057 2445 eum
1080 2381 1180 2465 aliqui
1204 2390 1318 2446 contra

213 2485 379 2561 mutirent,
395 2491 433 2547 ut
455 2483 532 2567 quid
552 2490 696 2565 constans
711 2483 803 2566 sama
817 2484 925 2563 ferret,
940 2484 974 2547 id
988 2484 1145 2547 referrent
1152 2509 1163 2561 ς
1187 2504 1227 2547 ex
1240 2505 1316 2567 quo,

200 2589 290 2670 quid
305 2589 365 2671 ipsi
380 2589 547 2665 sentirent,
564 2588 686 2651 nemini
701 2588 871 2651 obscurum
885 2609 955 2651 esse
970 2587 1085 2670 potuit,
1098 2607 1165 2650 non
1181 2608 1260 2650 sane
1276 2587 1317 2651 de

214 2715 261 2770 eo,
286 2694 325 2754 de
356 2714 419 2774 quo
445 2700 512 2754 tam
540 2692 623 2754 male
647 2692 746 2754 sensit
769 2691 865 2755 Orbis
889 2691 1101 2767 Christianus,
1129 2690 1317 2755 Alexandro

119 2795 133 2812 ”
217 2798 324 2872 Sexto,
345 2795 452 2856 saeeuli
474 2795 525 2856 sui
546 2795 712 2875 propudio,
737 2794 845 2877 etqui
871 2801 973 2857 artem
997 2815 1069 2857 eam
1092 2793 1234 2871 calleret,
1256 2815 1318 2858 nec

215 2899 326 2962 Turcis
342 2897 456 2973 solum,
473 2897 571 2960 etiam
586 2898 787 2975 Christianis,
802 2918 961 2961 venenum
977 2917 1060 2980 saepe
1075 2896 1264 2979 propinaret
1273 2908 1295 2961 ¹.

246 3058 263 3080 ¹¹¹
280 3049 367 3114 [Mare.
387 3049 447 3097 Ant.
463 3047 533 3098 Coeo.
552 3048 655 3114 Sabell]
675 3048 739 3097 Eun.
784 3052 845 3097 tom.
858 3048 875 3095 i.
890 3062 914 3110 p.
926 3047 966 3097 47.
981 3045 1056 3096 Basil.
1069 3044 1152 3109 1578.]

216 3115 247 3164 X.
267 3115 311 3162 lib.
324 3112 369 3176 in]
388 3118 449 3161 tom.
461 3114 488 3161 ii.
508 3128 532 3175 p.
545 3113 611 3176 781]
816 3121 826 3151 ‘¹
845 3111 1085 3176 [alamanicam.
1098 3110 1190 3159 Sabell
1201 3110 1315 3163 Ennead.

247 3187 259 3210 ¹¹
278 3179 379 3241 [Frena.
393 3177 547 3239 Guiooiard.]
568 3177 650 3226 libii.
672 3176 740 3226 Hist
784 3176 817 3225 X.
831 3177 875 3225 lib.
888 3177 922 3223 ix.
942 3181 1002 3224 tom.
1014 3176 1041 3224 il.
1056 3191 1079 3238 p.
1090 3174 1156 3238 trs]

216 3244 272 3293 Ital.
286 3245 322 3306 [p.
333 3246 371 3292 68.
388 3242 561 3304 anil.1566.]
817 3250 826 3274 ¹
843 3240 920 3305 [Vide
942 3240 1055 3302 Onupbr.
1078 3239 1184 3288 Panvin.
1204 3240 1234 3288 in
1253 3240 1317 3292 Vita

248 3318 259 3341 ⁰
278 3307 357 3370 [lbid.
370 3322 393 3369 p.
405 3306 454 3370 tt]
785 3306 856 3355 alex.
868 3305 921 3364 Vl,
933 3320 958 3369 p.
971 3307 1026 3356 359.
1038 3303 1071 3354 ad
1081 3304 1140 3353 eale.
1151 3303 1284 3370 Plotium]

247 3382 258 3411 Ρ
275 3372 356 3435 [Paul.
375 3371 431 3420 Jov.
454 3369 532 3433 Hist]
554 3371 600 3419 lib.
620 3370 646 3418 ii.
674 3369 740 3433 [Op.,
