2910 4926
407 284 413 289 ·
445 283 626 332 umuoonu
648 282 830 330 nusronsm.
1129 265 1194 328 273

93 449 96 455 ·
124 436 283 501 Augustinus
294 473 314 486 ..
325 473 330 485 .
340 436 417 486 ‘Haec
429 475 434 485 .
449 473 456 486 .
469 473 474 486 .
487 436 609 486 bonorem
621 442 741 500 tauquam
752 435 872 498 religiose
882 437 989 497 possunt
1001 432 1101 493 bebere,
1111 410 1194 496 stupe

155 532 207 569 rem
220 522 340 581 tanquam
355 519 421 568 mira
436 533 488 567 uon
499 517 752 581 possuntt-[Bell.
769 517 844 580 Apol.
861 530 907 580 pro
924 514 1008 579 Resp]
1024 514 1112 578 piii.
1127 513 1194 578 [Op.,

154 605 216 650 tom.
225 601 269 649 vii.
282 600 328 649 eol.
341 602 395 652 767.
408 599 451 660 Β.]

135 714 184 778 Ut
207 722 240 778 et
263 715 397 796 Serpens
418 735 528 793 onmes,
552 715 636 799 apud
659 713 892 796 Augustinum‚
915 713 1060 775 honorem
1081 711 1193 775 tubere
1207 721 1357 800 [tingue

84 817 213 898 potnit;
236 823 280 892 at,
295 816 351 879 nbi
367 824 400 879 et
415 817 628 879 odorationem
644 816 744 896 coepit,
760 814 980 878 comminutus
1003 813 1113 876 stetim
1134 821 1193 876 est.
1206 788 1276 852 Μ’]

93 918 174 985 Quae
185 925 219 982 et
230 927 503 982 sacramentorum
518 920 601 982 ratio
610 925 670 995 est,
680 924 715 980 m
730 919 874 980 honorem
890 918 1033 995 babeant,
1047 923 1195 999 tunquam

91 1021 262 1103 religioso:
292 1027 448 1102 stuporem
471 1027 620 1102 tunquam
648 1021 730 1082 miro
755 1040 816 1082 non
842 1019 985 1083 habeant.
1038 1019 1194 1082 Nondum

92 1124 180 1188 euim
198 1126 349 1207 stupendo
373 1126 430 1188 illu
446 1134 553 1189 vestra
575 1123 880 1187 Tronmbstontiotio
900 1123 1050 1187 Patribus
1074 1123 1193 1186 audita.

91 1228 180 1291 Nam
195 1229 352 1310 Imopines
374 1229 419 1292 ibi
442 1229 527 1313 apud
543 1229 765 1312 Augustinnm
786 1227 884 1290 nullae
905 1232 991 1305 sunt,
1010 1227 1109 1290 nullae
1125 1247 1194 1291 me·

92 1340 271 1398 morantur.
318 1335 419 1397 Nosse
440 1334 569 1417 quidem
596 1355 639 1412 se,
661 1334 740 1397 dicit
761 1331 973 1416 Augustinus,
997 1333 1110 1395 multos
1132 1338 1196 1394 tnm

86 1439 286 1521 picturarum
308 1439 510 1502 adoratores:
533 1438 590 1501 sed
607 1440 660 1520 qni
679 1435 884 1520 professionis
905 1457 968 1499 ene
989 1426 1051 1498 uim
1066 1455 1122 1499 nec
1135 1437 1196 1498 sci·

92 1548 173 1621 rent,
188 1563 243 1606 nec
258 1543 456 1605 emitterent.-
480 1542 538 1604 sed
555 1561 630 1623 qnos
644 1541 788 1603 Ecclesia
804 1539 1030 1617 condemnaret,
1046 1544 1076 1601 et
1096 1540 1196 1620 qnoti-

94 1647 145 1709 die
175 1652 323 1728 tanquam
351 1646 449 1708 mulos
472 1644 561 1724 filios
585 1646 741 1727 corripere
768 1644 940 1707 studeret¹.
994 1643 1095 1727 Cujus
1126 1662 1197 1724 quae

93 1749 193 1813 fuerit
214 1749 254 1812 de
273 1749 465 1830 Imopinr'bns
485 1748 655 1826 sententio,
672 1769 711 1810 ex
725 1747 846 1810 Psalmi
861 1746 944 1810 cxiii.
961 1747 1161 1809 enarratione
1172 1755 1196 1822 l,
1224 1794 1229 1807 .

94 1874 161 1918 non
175 1853 280 1916 nescit
296 1852 483 1917 cardinalis.

128 2030 141 2055 ⁸
154 2023 182 2088 [“
194 2022 243 2072 Sed
258 2023 318 2086 quia
334 2023 389 2072 haeo
402 2022 548 2071 hominibus
563 2027 624 2071 nota
674 2024 824 2073 naturaliter
840 2024 868 2073 in
885 2023 1057 2073 animantibus
1069 2023 1196 2073 viventem

95 2093 163 2148 sunt,
170 2088 230 2151 quia
241 2103 285 2150 per
295 2086 411 2136 homiues
421 2087 494 2143 fiunt.
503 2086 622 2135 honorem
675 2087 767 2147 videre,
775 2094 850 2152 utque
863 2090 890 2139 iu
904 2088 1092 2150 nobismetipsis
1103 2089 1196 2138 sentire

96 2157 216 2223 tauquam
228 2153 456 2215 religiosspossunt
467 2152 623 2210 habereutn·
674 2154 854 2213 consuevimus,
870 2167 1020 2216 quanquam,
1037 2158 1067 2201 ut
1083 2152 1122 2201 illi
1135 2167 1198 2201 usse·

96 2231 183 2330 Surum
202 2223 322 2280 tunquam
342 2218 407 2265 mirs
428 2231 480 2265 nou
499 2217 624 2280 possunt.''
674 2223 741 2276 runt,
765 2219 792 2266 in
814 2219 915 2280 siguum
934 2217 1036 2279 aliquod
1055 2217 1197 2275 fabrefacta,

117 2320 121 2328 .
673 2287 747 2344 etque
774 2283 896 2332 eminenti
921 2282 1040 2332 collocuta
1068 2285 1196 2343 suggestu,

673 2362 731 2395 eum
749 2347 847 2396 adorari
863 2351 938 2409 atque
954 2346 1072 2397 honorari
1086 2346 1197 2395 amulti-

674 2412 763 2460 tudine
780 2412 892 2474 eoeperit,
916 2411 984 2474 parit
1001 2412 1030 2460 iu
1049 2424 1197 2474 unoquoque

674 2475 874 2525 sordidissimum
903 2476 993 2524 erroris
1015 2475 1140 2535 affectum,
1168 2478 1198 2523 ut

673 2542 793 2603 quonium
804 2541 832 2589 in
847 2541 892 2590 illo
904 2541 1025 2602 figmento
1037 2555 1088 2589 uon
1098 2539 1197 2588 invenit

674 2605 777 2654 vitalem
795 2609 900 2664 motum,
915 2604 1000 2654 credet
1014 2619 1108 2653 numen
1119 2604 1198 2653 occul·

673 2673 728 2718 tum
737 2687 744 2728 ;
761 2669 869 2731 effigiem
887 2674 972 2718 tamen
988 2669 1083 2719 viventi
1100 2668 1197 2731 corpori

673 2735 792 2794 similem,
805 2735 921 2783 seductus
932 2734 1012 2783 formu
1023 2742 1049 2782 et
1056 2736 1197 2783 commotus

673 2799 821 2848 auctoritate
839 2799 909 2861 qussi
928 2798 1080 2861 sapientium
1098 2798 1198 2846 iustitu-

673 2868 757 2912 torum
788 2863 1027 2926 obsequentiumque
1058 2862 1198 2920 turbarum,

673 2928 728 2977 siue
746 2929 804 2977 vivo
821 2927 906 2990 ulique
921 2927 1061 2976 habitatore
1077 2941 1129 2976 esse
1147 2940 1199 2975 uon

674 2994 762 3055 putati
795 2991 864 3041 Hinc
886 2996 912 3040 et
931 2992 998 3040 mula
1018 2991 1145 3040 doemonia
1165 2989 1197 3040 ad

674 3056 824 3119 possidenda
849 3057 965 3118 gentium
988 3057 1121 3105 simulacre
1140 3055 1199 3105 tulis

674 3120 1199 3182 homiuumaffeetusinvitetquorumprse

674 3184 813 3234 sidentium
839 3186 910 3234 varia
947 3183 1046 3233 fallacia
1075 3184 1200 3233 mortiferi

674 3250 832 3298 seminantur
844 3253 869 3298 et
886 3248 1089 3310 multiplicantur
1099 3263 1200 3298 errores.

675 3313 743 3361 Aliis
752 3314 838 3375 itaque
849 3313 911 3361 loeis
917 3317 943 3361 et
951 3317 1038 3361 eontra
1043 3312 1093 3361 ists
1099 3312 1200 3361 Divinae

676 3377 769 3429 uitem
787 3378 904 3439 vigilant,
923 3390 956 3425 ne
974 3377 1106 3439 quisquam
1124 3377 1200 3436 dieat,

675 3456 732 3491 eum
740 3442 914 3491 irrisat'ueriut
922 3440 1068 3496 simulam
1083 3439 1143 3490 Non
1153 3441 1201 3489 hoo

676 3506 775 3556 visibile
793 3505 856 3565 colo,
878 3505 922 3554 sed
940 3519 1034 3553 numen
1056 3504 1123 3568 quod
1146 3505 1201 3554 illie

675 3570 840 3620 Invisibiliter
847 3570 947 3619 habitat
958 3568 966 3618 .'
977 3605 983 3617 .
997 3606 1002 3618 .

709 3639 720 3695 t
732 3637 754 3684 4.
765 3634 892 3685 Videntur
902 3640 987 3684 autem
993 3633 1042 3682 sibi
1068 3632 1202 3695 urgstioris

678 3714 731 3749 esso
748 3699 878 3761 religionis
889 3700 932 3762 qui
944 3699 1040 3758 dicunt,
1082 3712 1110 3747 ec
1126 3701 1201 3748 simu·

676 3764 779 3822 lucrum,
802 3779 849 3814 uec
876 3763 1029 3812 dsemonium
1053 3763 1127 3821 colo;
1157 3762 1202 3811 sed

676 3828 785 3890 effigiem
802 3829 955 3891 corporalem
979 3828 1033 3891 ejus
1049 3828 1085 3877 rei
1100 3828 1202 3890 siguum

676 3894 784 3953 intueor,
803 3908 878 3956 quum
892 3893 972 3942 colere
989 3892 1068 3942 debeo
1085 3927 1092 3940 .
1111 3928 1117 3940 .
1135 3929 1142 3942 .
1163 3891 1202 3941 De

677 3958 769 4020 quibus
777 3973 861 4006 rursus
869 3972 927 4006 cum
939 3957 1062 4018 exagitari
1071 3956 1203 4020 ooeperiut,

678 4021 745 4084 quod
761 4036 864 4085 corpora
874 4022 967 4081 colant,
980 4022 1138 4083 meximeque
1155 4027 1203 4069 ter-

677 4101 739 4146 ram,
760 4091 787 4136 et
812 4100 889 4145 mure,
913 4090 939 4136 et
957 4100 1048 4144 serem,
1070 4091 1096 4134 et
1117 4085 1204 4146 iguem

678 4186 828 4201 .......
846 4149 994 4213 respondere
1004 4149 1099 4198 sudent
1110 4163 1161 4197 nou
1178 4163 1204 4197 se

678 4216 733 4278 ipsa
761 4230 864 4278 corpora
890 4215 977 4273 colere,
999 4213 1042 4262 sed
1068 4229 1127 4276 quse
1152 4213 1205 4261 illis

678 4278 795 4340 regendis
809 4279 946 4342 pressident
963 4278 1075 4326 numina
1117 4277 1206 4339 ltaque

680 4343 798 4406 Apostoli
819 4358 871 4392 uua
887 4343 1014 4392 sententia
1028 4355 1131 4403 poenum
1147 4341 1207 4389 isto-

680 4423 737 4457 rum
754 4408 992 4469 damnationemque
1008 4410 1129 4455 testetur:
1155 4404 1208 4465 ραι·

131 2283 195 2345 Δις,
209 2282 240 2332 de
256 2282 325 2330 'Prin
338 2280 382 2329 lib.
394 2281 432 2329 iii.
449 2295 501 2344 cup.
514 2296 539 2329 x.
555 2281 623 2341 (sect.

97 2347 148 2410 20.)
160 2347 216 2410 Op..
228 2350 289 2395 tom
299 2347 352 2395 viii,
366 2345 412 2395 cot
426 2348 497 2395 1232.
510 2345 537 2394 (l.
548 2343 591 2408 D.]

129 2418 141 2442 ¹
159 2411 189 2474 [“
200 2410 289 2460 Nolite
309 2411 374 2459 mihi
396 2411 513 2472 colligere
535 2410 625 2473 proies

97 2488 165 2524 sores
180 2475 291 2525 nominis
309 2475 456 2530 Christiani,
474 2488 520 2523 neo
535 2475 624 2537 proies-

97 2539 176 2589 sionis
192 2554 244 2589 suse
264 2541 316 2588 tim
336 2545 381 2588 aut
399 2540 506 2588 scientes
524 2544 568 2587 sut
584 2553 624 2587 er·

98 2603 221 2654 hibentes
255 2603 343 2654 Nolite
375 2604 510 2653 consectari
538 2603 625 2652 turbas

98 2669 283 2746 imperitorum,
291 2669 338 2745 ‘qui
348 2669 388 2745 uel
399 2670 426 2716 iu
436 2669 490 2731 ipsa
502 2683 560 2716 veru
569 2669 625 2744 reli-

98 2733 625 2858 11113111111111117111

99 2863 263 2925 promiserint
279 2861 340 2912 Deo.
374 2861 441 2910 Novi
459 2862 553 2910 multos
571 2875 624 2910 esse

99 2926 269 2990 sepulcrorum
276 2931 301 2976 et
310 2928 464 2989 picturarum
471 2925 624 2984 adoratorem

30 3034 34 3040 ,
99 2991 160 3040 noui
182 2992 275 3040 multos
291 3006 344 3041 esse
365 2991 408 3054 qui
427 2990 625 3038 luxuriosissime

100 3069 176 3118 super
185 3061 297 3105 mortuos
308 3055 405 3114 bibant,
414 3061 440 3103 et
453 3054 540 3117 epulas
556 3054 625 3103 ceds-

99 3120 201 3170 vsribus
230 3120 386 3176 exhibentes.
414 3134 487 3182 super
515 3118 625 3180 sepultos

100 3185 195 3248 seipsos
206 3185 337 3248 sepeliant,
352 3188 377 3232 et
387 3184 536 3232 voracitates
547 3183 625 3232 ebrie

100 3252 214 3313 tutesque
232 3264 289 3298 suas
305 3248 428 3311 deputent
442 3247 624 3310 religioni...

101 3311 168 3377 §ld
198 3312 275 3362 Nunc
294 3328 338 3362 vos
359 3312 422 3360 illud
445 3311 574 3367 admoneo,
597 3316 627 3359 ut

101 3377 238 3442 aliquando
257 3377 375 3427 Ecclesiae
397 3376 534 3426 Catholicae
553 3376 627 3426 male

101 3434 184 3491 dicere
205 3441 334 3501 desinatis,
359 3440 524 3503 vituperando
546 3455 628 3489 mores

101 3504 244 3564 homiuum,
272 3521 316 3555 uos
330 3510 356 3555 et
367 3506 422 3568 ipsu
432 3505 591 3563 condemnat,
602 3511 628 3553 et

101 3584 165 3634 quos
186 3521 300 3633 qnotiiie
319 3574 440 3632 tanquam
463 3569 542 3618 malos
561 3568 628 3618 tilios

101 3635 227 3696 surrigere
237 3635 400 3689 student—S.
408 3632 485 3697 Aug]
497 3633 528 3682 de
536 3633 627 3682 Morib.

102 3696 170 3749 neci
180 3698 252 3749 cetu.
262 3698 331 3762 [lib]
340 3699 355 3747 ir
364 3697 439 3763 [esp]
446 3699 530 3746 xxxiv.
539 3697 577 3811 Ἓξ
589 3698 628 3756 75,

103 3762 143 3815 lt.
162 3762 454 3827 Op.,tom.i.eolr1163.
471 3762 498 3821 B,
507 3761 535 3816 (J.
568 3761 585 3827 .]

135 3835 148 3871 r
164 3828 193 3892 [ιΙ
201 3827 263 3884 Quis
272 3842 334 3891 puer
340 3829 509 3889 iuterrogatus
519 3841 571 3875 non
582 3825 630 3876 hoe

101 3896 200 3941 eertum
217 3906 270 3941 esse
289 3891 444 3954 respoudeat,
456 3890 529 3954 quod,
547 3890 630 3940 Simn-

103 3954 177 4005 laero
193 3956 307 4018 peruium
328 3971 357 4005 os
373 3955 471 4015 babent,
489 3961 512 4004 et
529 3970 580 4003 non
597 3955 629 4003 lo

220 4034 232 4079 ,·
248 4021 333 4070 emulos
348 4020 446 4078 tabern,
457 4027 480 4069 et
495 4035 547 4069 non
563 4019 629 4069 oide-

138 4091 173 4143 ut,
195 4089 222 4134 et
240 4090 331 4134 esetera
352 4100 409 4147 ques
428 4083 529 4133 divinus
548 4099 629 4133 sermo

103 4149 250 4200 contexuitt
285 4148 337 4198 Gur
354 4164 380 4198 er
399 4153 559 4211 otautopere
575 4148 593 4198 S
611 4149 630 4197 i·

105 4211 171 4261 ritus
182 4212 288 4262 Sanetus
299 4220 370 4263 curat
380 4164 565 4277 §sripturarum
578 4164 630 4275 piu·

105 4275 179 4326 rimis
191 4277 254 4327 locis
265 4277 320 4326 haee
330 4278 457 4326 insinuare
467 4281 543 4340 atque
555 4277 631 4326 incul-

106 4355 169 4397 eere,
178 4341 247 4391 velut
254 4342 427 4402 inscientibus,
437 4342 507 4404 quasi
519 4356 571 4391 non
581 4356 631 4389 om-

106 4404 183 4453 nibus
207 4406 365 4468 apertissima
386 4410 461 4468 atque
483 4406 632 4466 notissims;

107 4469 157 4518 nisi
174 4470 234 4532 quia
251 4470 347 4533 speeies
364 4471 544 4529 membrorum,
556 4485 633 4534 quam

151 4564 395 4601 usurus-urse.

681 4477 938 4530 crommmaoerum„
953 4471 1044 4533 iuquit,
1078 4469 1209 4520 seems»
1253 4478 1254 4483 ’

932 4570 1020 4615 Τ,
