2910 4926
462 279 645 327 immersu
667 279 848 328 aussorsro.
1142 265 1206 328 307

104 431 236 515 liquida,
252 431 280 495 si
294 453 362 496 non
376 433 565 518 interrupta,
582 434 609 497 si
624 442 791 498 recurrant
810 435 848 498 in
869 455 914 513 se,
938 435 965 497 si
982 434 1206 518 probabilitate

104 557 232 599 summa
255 537 384 601 Lectori
409 538 566 621 placeant,
594 545 627 601 et
651 538 691 601 ad
722 559 755 602 se
785 537 980 602 renitentem
1007 539 1204 623 pertrahant.

104 639 177 703 Nec
192 640 414 703 committendi
429 640 482 703 hic
496 662 570 703 cum
585 661 623 704 eo
639 641 765 717 Patres,
780 662 846 704 non
862 641 964 723 magis
980 664 1076 725 quam
1092 643 1208 706 Patres

103 743 329 807 committendi
352 742 438 806 inter
462 764 505 807 se
550 744 623 807 Imo
645 743 721 807 edat
746 743 935 822 Cardinalis,
951 744 1001 806 vel
1016 744 1205 862 Eudaemon,

104 949 303 1014 methodo'
274 973 339 1013 vim
359 951 483 1014 nullam
504 951 601 1014 faciat
602 952 721 1036 ,cujus
737 898 919 1016 cohaercdnt
933 950 1018 1014 inter
1037 972 1072 1015 se
1089 960 1205 1036 partes,

103 1053 210 1138 primo
230 1053 373 1117 medium
396 1054 601 1139 respondeat,
623 1054 767 1119 medium
789 1054 829 1118 ab
853 1054 919 1118 imo
946 1075 988 1118 ne
1010 1054 1168 1140 discrepet
1179 1065 1204 1134 ³,

103 1155 187 1220 nihil
201 1179 335 1240 usquam
353 1157 430 1237 hiet,
447 1159 659 1223 contradictio
674 1180 741 1222 non
756 1165 910 1241 emergat,
928 1157 1011 1221 nihil
1031 1157 1081 1221 vel
1096 1159 1205 1223 incur-

103 1267 154 1323 rat
178 1260 213 1323 in
235 1260 297 1324 alia
318 1261 493 1344 Scripturae
512 1262 592 1340 loca,
614 1261 664 1325 vel
684 1261 759 1325 fidei
781 1260 961 1343 analogiam
978 1261 1085 1324 violet.
1130 1261 1207 1326 'lale

103 1363 182 1445 quid
208 1363 281 1426 edat
301 1363 343 1428 dc
365 1365 455 1428 vobis
479 1366 535 1449 qui
561 1366 646 1429 volet
658 1391 667 1442 ς
702 1372 785 1449 post,
810 1386 903 1448 aequo
926 1365 1034 1428 Marte
1065 1365 1204 1428 dimicet.

103 1466 244 1550 Alioqui,
254 1468 401 1532 vellicare
416 1469 468 1533 hic
484 1469 615 1553 aliquid,
628 1469 674 1534 ibi
689 1469 847 1547 arrodere,
860 1469 896 1532 in
911 1468 1001 1532 tenui
1014 1468 1105 1531 labor
1116 1478 1164 1531 est
1174 1481 1204 1532 ⁰:

103 1577 137 1634 ct
153 1592 247 1654 quem
264 1572 334 1635 Rex
348 1571 483 1652 babebit,
499 1573 581 1637 addo
597 1572 694 1636 etiam
711 1572 833 1651 ridebit,
849 1593 907 1654 pro
922 1571 1022 1634 irrito.

136 1701 204 1760 Quin
215 1703 299 1766 potius
311 1702 440 1752 Pontificii
457 1703 573 1752 sentiunt
590 1718 648 1753 cum
661 1703 779 1753 Patribus
796 1701 973 1751 discessionem
989 1700 1060 1750 illam
1071 1701 1123 1750 iore
1134 1715 1149 1750 s
1159 1700 1206 1750 Ro

168 1797 243 1834 mano
259 1784 366 1847 irnperio
377 1821 384 1834 .
396 1821 403 1833 .
415 1820 422 1832 .
434 1821 439 1832 .
452 1783 541 1847 Neque
557 1784 612 1833 fieri
633 1788 725 1847 potest,
746 1787 776 1833 ut
793 1782 942 1833 universalis
953 1782 1096 1832 discussion
1109 1781 1160 1832 fide
1169 1772 1206 1832 sit

168 1865 251 1914 futura
262 1869 321 1915 autc
332 1865 468 1915 sdrentum
486 1866 649 1924 Antichristi,
661 1866 721 1929 quis
738 1871 798 1914 tunc
810 1865 984 1914 Antichristus
999 1863 1135 1913 adveniens
1153 1878 1205 1913 non

168 1945 301 2006 inveniret,
316 1960 378 2009 quos
391 1946 636 2010 seduceret.-[lieli.
655 1946 728 2009 Apol.
740 1960 785 2009 pro
798 1943 917 2009 Resp.]p
934 1946 989 1994 128.
1008 1944 1076 2009 [Op.,
1091 1945 1204 1995 tomvii.

168 2027 214 2076 eol.
224 2027 255 2079 ii*
257 2030 279 2076 6.
292 2026 319 2077 0.
330 2027 374 2090 D.]

148 2118 331 2182 Discessic
318 2140 397 2203 Jam,
414 2119 453 2182 dc
470 2141 532 2202 qua
543 2120 725 2202 Apostolus
742 2118 918 2205 2Tbessst
897 2140 930 2181 ιι.
933 2118 1120 2200 ,quaeritur,
1133 2139 1204 2202 quoe
1217 2129 1315 2195 [Qualis

104 2229 138 2285 et
152 2222 238 2285 unde
251 2221 362 2287 futura
377 2223 427 2287 sit.
473 2225 504 2287 A
513 2223 609 2304 fide?
631 2245 673 2286 an
688 2223 728 2285 ab
739 2201 874 2304 imperio
886 2223 1044 2285 Romano.
1040 2223 1054 2269 2
1084 2222 1116 2284 A
1124 2221 1202 2303 fide,
1216 2195 1336 2323 ἐφ

108 2323 197 2405 (dicit
212 2332 245 2389 et
265 2325 359 2390 docet
375 2328 467 2409 Rex.)
514 2327 565 2389 Ab
586 2328 731 2408 Imperio,
749 2325 870 2389 mavult
893 2324 1081 2390 Cardinalis.
1127 2325 1202 2389 Dis·
1258 2275 1322 2390 223

103 2448 213 2490 camus
239 2428 278 2489 ab
295 2429 454 2510 Apostclc,
472 2452 525 2513 qur
516 2429 615 2493 '''de
595 2451 634 2492 us
655 2429 862 2512 temporibus,
882 2428 1052 2491 Discedere!
1067 2429 1204 2491 domines
1216 2408 1347 2473 mmm]

104 2528 232 2611 afidet’.
277 2531 519 2596 Potesttamen
542 2541 716 2616 utrumque
739 2540 894 2596 constare.
940 2531 1017 2595 Non
1039 2531 1126 2593 enim
1149 2531 1205 2614 qui

104 2632 327 2698 discessionem
349 2656 369 2695 c
385 2635 452 2715 fide
466 2635 567 2719 ponit,
583 2644 680 2719 negat
696 2636 734 2697 ab
749 2636 894 2717 Imperio.
939 2634 1010 2698 Nec
1026 2655 1096 2718 quae
1112 2633 1205 2698 affert

103 2735 149 2801 ibi
174 2745 294 2815 tamen,
318 2738 393 2801 huic
415 2738 580 2821 probando
605 2747 691 2802 sunt.
736 2740 869 2820 Impletc
891 2738 1014 2819 imperii
1036 2743 1203 2818 imporat,

105 2840 267 2903 Sublatam
282 2862 298 2903 e
313 2843 412 2904 medic
427 2843 616 2923 impericmf,
632 2841 719 2905 aliud
735 2848 860 2917 sonant,
878 2862 972 2924 quam
989 2840 1205 2903 discessionem

104 2943 145 3006 ab
159 2945 299 3025 imperio.
345 2944 491 3008 Discedit
506 2945 550 3008 sic
566 2944 742 3029 Imperium
758 2945 874 3027 ipsum,
890 2964 956 3007 non
972 2942 1148 3007 disceditur
1163 2943 1204 3006 ab

103 3046 184 3130 ipso.
226 3049 465 3131 Argumentum
481 3070 555 3112 vero
570 3048 649 3131 ejus,
665 3049 758 3112 nihili
774 3056 833 3111 est.
877 3048 914 3110 Si
929 3053 1001 3110 ente
1013 3048 1205 3110 Antichrisli

105 3155 244 3232 ternpore
281 3152 437 3229 discessio,
470 3174 532 3215 eon
560 3152 692 3215 inveniet
723 3172 797 3233 quos
829 3152 957 3214 seducat
988 3151 1206 3213 Antichristus

103 3256 235 3318 oeneus.
284 3255 350 3319 Ubi
373 3257 522 3319 incautus
537 3255 635 3318 verba
651 3255 748 3338 Regis
770 3255 886 3338 posuit,
904 3275 961 3338 per
981 3274 1052 3338 quae
1073 3254 1204 3337 periret.
1295 3243 1309 3265 ⁰

104 3351 294 3421 Antichristi
318 3358 406 3421 enim
431 3359 618 3440 temporibus
640 3357 740 3439 scre,
766 3357 863 3421 verbs
889 3358 988 3440 Regis
1012 3367 1106 3420 sunt:
1139 3379 1206 3420 non

104 3469 178 3526 ante
191 3462 383 3526 Amicii-isti
397 3467 544 3543 tempora.

136 3588 161 3639 S.
172 3588 281 3652 August
293 3625 299 3638 .
313 3589 426 3639 .lib.1x.
439 3589 470 3640 de
483 3589 537 3639 Cir.
549 3590 605 3649 Dei,
615 3604 667 3652 cap.
681 3590 715 3638 xi.
751 3587 888 3651 ‘Tempore
900 3587 1055 3637 Antichristi
1068 3587 1206 3637 llcclemaur

168 3675 224 3721 toto
240 3672 299 3722 orbe
319 3686 448 3735 passuram
468 3673 667 3735 persecutionem
686 3671 873 3720 maximam¹.'.
892 3669 976 3720 ..llx
995 3685 1044 3734 quo
1061 3670 1205 3733 intelligere

137 3845 149 3868 ¹·
181 3836 245 3887 Vide
254 3837 316 3887 Hor.
325 3835 633 3901 Epist.sd1’is.1in.152.]
677 3837 709 3885 iv.
728 3837 755 3884 in
773 3835 886 3886 2'l'hcss
908 3835 963 3899 Op,
981 3841 1042 3885 tom.
1062 3836 1094 3885 ir.
1112 3852 1136 3899 p.
1149 3839 1204 3888 235.

137 3911 148 3935 ⁰
178 3902 346 3965 Virg.Gc0rg.
360 3903 392 3951 ir.
403 3901 437 3965 6.]
676 3902 721 3951 lin.
736 3900 786 3964 30]

137 3964 1036 4043 r1rim.iv..1·Praef.Monitp..71]

137 4039 148 4071 t
167 4031 290 4095 [Ἐρχιτιιι
307 4030 332 4080 δὲ
350 4031 363 4079 d
378 4029 544 4095 προειρημένοι
558 4029 633 4080 'avri-
745 4031 830 4079 “Haec
841 4031 909 4079 enim
921 4030 971 4079 ent
979 4045 1117 4080 norissima
1125 4045 1205 4096 perse

105 4114 206 4159 χιρσιοι
234 4096 311 4155 ciros,
339 4095 399 4145 ὅταν
430 4098 585 4160 πληρωθῶσιν
612 4096 634 4145 ol
677 4033 745 4144 cuiio
770 4095 906 4144 novissimo
929 4095 1080 4144 imminente
1098 4096 1205 4159 judicio,

105 4163 181 4224 ιιιιιρσὶ
213 4163 256 4220 τῆς
285 4160 402 4221 'papales
429 4165 519 4218 βασιλι
521 4161 563 4220 ius,
592 4160 633 4210 ιιιιὶ
677 4175 752 4223 quam
767 4159 859 4209 Sancta
869 4158 980 4208 Ecclesia
993 4160 1117 4209 totcorbe
1128 4162 1206 4224 pstie

105 4225 233 4288 πλησιάζοι
254 4225 339 4276 λοιπὸν
360 4226 392 4275 τὰ
414 4228 459 4285 τῆς
477 4226 521 4274 τοῦ
542 4199 634 4285 «isaar
676 4229 726 4281 tur,
735 4239 850 4273 universa
860 4224 957 4272 scilicet
968 4224 1057 4274 civitas
1066 4224 1161 4274 Christi
1173 4224 1205 4274 ab

105 4291 251 4341 συντελείας
254 4290 311 4339 -S
336 4288 412 4352 Cyril.
437 4289 508 4340 Hier.
532 4290 632 4340 Catech
677 4289 794 4338 universa
814 4288 909 4338 diaboli
926 4288 1037 4348 civitate,
1054 4295 1206 4351 quantacun·

106 4370 148 4404 xv.
166 4358 231 4414 512.
252 4354 308 4418 Op,
319 4355 412 4417 ρ..229
425 4354 467 4418 D.]
677 4369 725 4416 que
743 4354 792 4402 crit
811 4358 917 4417 utraque
938 4368 1013 4417 super
1032 4358 1133 4403 terram.
1135 4352 1206 4402 ”.-S

138 4419 249 4501 ‘specs
267 4419 294 4469 δὲ
311 4421 372 4478 αὕτη
388 4422 564 4484 surcarias
527 4421 564 4469 isi
566 4420 634 4478 trisc-
679 4426 745 4479 Aug
763 4419 794 4468 dc
817 4418 871 4468 Cir.
892 4417 947 4475 Dei,
966 4418 1010 4467 lib.
1029 4432 1071 4466 xx.
1091 4433 1145 4481 cap.
1166 4420 1206 4466 11.

105 4503 147 4533 ιιιι
163 4488 195 4550 τῇ
214 4484 390 4548 drappis-S
409 4485 534 4547 Cbrysost
558 4483 634 4533 Hom
679 4483 735 4547 Op,
747 4487 807 4533 torn.
817 4483 860 4533 rii.
873 4482 919 4532 col.
931 4485 985 4533 945
999 4482 1042 4546 B.]

886 4566 957 4629 ιι
