2910 4926
258 272 324 335 460
441 334 453 361 ,
569 286 611 334 an
633 286 824 334 cnanruuns
846 287 1045 336 aemmmnr

259 441 446 519 Cardinalis,
463 461 591 505 necesse
606 450 665 504 est.
711 444 757 505 At
775 443 948 524 tepitimum
968 444 1029 506 hoc
1045 444 1124 525 ejus,
1139 444 1189 505 vel
1203 444 1367 521 uaaainw,

258 566 323 607 non
345 545 545 626 requirimus,
562 545 596 605 in
611 544 791 626 Apostolis:
814 566 880 608 non
896 544 930 607 in
946 545 1132 628 Prophetis:
1155 544 1198 630 (si
1213 546 1364 627 leyitime,

258 648 284 709 si
299 649 488 710 unanimiter
498 648 520 729 :)
545 669 613 710 non
634 655 738 729 potest
760 668 837 725 non,
853 647 1006 732 quicquid
1030 648 1070 712 ab
1095 648 1158 711 illis
1182 655 1241 725 est,
1259 650 1367 731 lepiti·

257 772 338 813 traam
350 772 428 828 esso,
444 758 540 833 atque
554 752 708 813 unanime.
731 752 839 833 Atque
854 751 925 829 hoc,
943 752 982 815 dc
994 753 1149 831 Concitiia,
1161 760 1194 815 et
1208 753 1365 816 Patribus

257 852 380 916 dictum
395 854 476 930 volo,
493 852 548 936 qui
563 862 742 934 sequuntur
763 873 829 915 non
852 853 996 936 passibus
1019 855 1128 938 aequis.
1173 856 1273 936 Papa
1287 877 1365 919 vero

256 956 362 1033 vestri,
379 957 517 1038 alonge,
535 963 630 1037 atquc
645 954 812 1019 intervallo
827 963 928 1035 tanto,
944 963 982 1018 ut
996 957 1046 1020 vel
1066 958 1170 1021 visum
1191 958 1363 1041 effugiant.

258 1058 341 1120 Date
371 1058 464 1120 nobis
488 1057 643 1134 Concilio,
673 1058 825 1139 Lepitime
856 1067 1054 1140 coayreyata,
1079 1068 1110 1123 et
1132 1061 1362 1142 procedentia:

257 1160 331 1223 date
346 1161 457 1222 Patres
470 1160 611 1222 unanimi
634 1180 781 1222 consensu
799 1162 1012 1242 predicantes
1020 1189 1030 1233 ;
1053 1163 1089 1225 in
1104 1184 1215 1226 eorum
1230 1171 1363 1228 senten-

257 1263 336 1324 tiam
360 1263 445 1324 imus
468 1261 585 1324 statim.
634 1263 756 1343 Papam
778 1283 852 1326 vcro
873 1262 964 1326 vobis
991 1273 1123 1342 servate,
1147 1266 1182 1328 in
1200 1266 1362 1330 Cattedra

257 1365 348 1426 Petri
367 1365 405 1446 (si
420 1364 529 1446 vultis)
547 1365 711 1427 sedeataa.
756 1365 893 1429 Perinde
911 1366 997 1429 enim
1014 1367 1109 1447 illius,
1126 1374 1222 1451 atque
1237 1389 1363 1448 comm,

258 1468 371 1550 quiin
398 1468 556 1531 cathedra
583 1468 685 1531 Masis
713 1468 869 1547 reddant,
896 1468 1089 1533 fermentum
1120 1492 1201 1554 saepe
1232 1473 1363 1538 acidum

258 1571 465 1652 gustavimus.
505 1568 576 1633 Neo
592 1570 679 1632 enim
694 1592 747 1633 eos
762 1571 875 1649 solum,
892 1580 929 1634 ut
944 1572 1056 1635 Patres
1071 1573 1163 1657 ipsos,
1180 1595 1218 1638 ex
1234 1583 1363 1640 natura

257 1673 407 1735 humana
431 1672 605 1756 fragilitate
630 1672 820 1736 mendaces:
854 1673 919 1751 sed,
944 1696 982 1737 ex
1008 1674 1174 1739 literarum
1197 1678 1363 1761 imperitia

257 1798 392 1853 summa,
415 1776 531 1840 bardos
553 1777 668 1860 plane:
691 1798 730 1839 cx
751 1776 886 1840 libidine
907 1776 975 1860 ipsa
998 1779 1186 1859 mentiendi,
1210 1782 1361 1847 fallaces:

257 1885 294 1940 ut
318 1878 456 1942 deterior
480 1878 608 1942 illorum
631 1878 735 1942 multo
761 1879 812 1956 sit,
838 1901 934 1961 quam
960 1882 1094 1943 Petrum
1119 1884 1270 1947 conditio
1318 1887 1363 1949 Et

257 1981 452 2062 experientia
470 1981 639 2068 didicimus
654 1989 773 2059 tamen,
790 2002 901 2045 omnes
916 2004 1006 2046 suam
1020 1983 1278 2066 infallibilitatem
1294 2011 1363 2052 cre-

256 2106 341 2165 pare,
372 2094 404 2147 et
433 2084 675 2167 promissionem
710 2087 793 2166 (qua
822 2106 981 2168 nusquam
1012 2089 1086 2170 est),
1114 2098 1146 2153 et
1175 2091 1247 2154 illos
1276 2092 1364 2176 ipsos

257 2185 358 2267 magis
380 2186 417 2248 de
437 2187 552 2248 scirtio
570 2185 710 2265 pectoris
717 2194 741 2262 ¹¹,
758 2194 791 2247 et
808 2187 939 2267 spiritua
955 2189 1133 2252 &sistentia
1148 2191 1289 2272 gloriari,
1307 2195 1362 2276 qui

255 2287 440 2370 longissime
456 2288 495 2351 ab
510 2295 648 2369 utroque
663 2287 807 2365 aberant,
824 2288 932 2371 quales
948 2299 1049 2368 erant,
1063 2293 1209 2356 omnium
1223 2295 1360 2377 judicio,

257 2391 441 2455 Bonifacius
465 2393 615 2470 Octavus,
643 2391 764 2454 Paulus
790 2391 967 2469 Secundus,
987 2393 1094 2457 Julius
1120 2397 1300 2477 Secundus,
1326 2411 1359 2463 et

257 2496 392 2557 Tertius

290 2639 317 2687 Si
329 2655 404 2702 super
414 2640 518 2688 scientia
530 2641 638 2702 propria,
651 2639 689 2687 vol
708 2640 807 2702 privata
823 2641 927 2701 spiritus
938 2641 1107 2691 illustratione
1118 2642 1285 2693 fundamenta
1297 2644 1359 2694 fidei

323 2719 467 2768 collocanda
484 2726 551 2777 sunt,
563 2735 615 2767 non
632 2735 706 2782 super
722 2726 828 2782 petram,
840 2720 882 2768 aod
895 2735 969 2783 super
979 2736 1081 2771 arenam
1092 2722 1182 2773 domus
1193 2725 1254 2773 fidei
1266 2733 1360 2775 nostrae

322 2800 426 2848 fundata
445 2815 496 2848 non
514 2802 607 2862 poterit
626 2800 742 2861 effugere,
764 2802 834 2863 quin,
852 2801 929 2850 flante
949 2810 1023 2850 rento
1042 2806 1198 2864 tentationis,
1217 2806 1263 2855 fiat
1288 2810 1362 2859 ruina

322 2881 392 2928 illius
410 2880 623 2943 magna—[Bell.
638 2882 710 2943 Apol.
724 2897 768 2944 pro
786 2881 870 2944 Resp]
890 2897 931 2944 pp.
946 2884 1000 2931 188.
1015 2886 1068 2933 189.
1087 2884 1156 2948 [()p.,
1176 2891 1238 2935 tom.
1251 2887 1295 2936 rii.
1314 2890 1360 2937 col.

322 2964 376 3010 810,
390 2961 428 3024 Q]

95 3094 218 3158 [Spiritus
302 3078 413 3141 Nolim
429 3077 569 3160 quidem,
586 3099 767 3159 quenquam
786 3099 879 3159 super
896 3081 1027 3159 priuata
1051 3082 1181 3161 spiritua
1201 3085 1252 3144 sui
1271 3085 1360 3146 illu.

94 3162 207 3273 ffiffl
259 3183 393 3243 tratione
401 3179 609 3260 ficariumcata
620 3181 729 3261 jacere
738 3178 818 3259 fidei
832 3202 914 3254 suae;
938 3181 994 3243 scd
1010 3205 1072 3264 quo
1087 3184 1195 3248 minus
1210 3185 1244 3247 id
1259 3190 1361 3269 possit

94 3304 195 3351 sequen·
258 3293 376 3361 tamen,
401 3304 437 3346 ac
460 3292 498 3345 ut
522 3304 616 3364 super
638 3282 740 3344 multo
763 3283 917 3364 plurimos
938 3284 1116 3364 Pontifices,
1133 3295 1165 3348 et
1188 3308 1301 3350 eorum
1321 3291 1359 3371 (si

95 3353 162 3416 dus]
258 3408 325 3449 non
341 3387 511 3461 uteactaces,
529 3386 643 3447 merito
658 3387 789 3464 tamen)
807 3395 970 3467 suspectos
986 3387 1116 3468 spiritus
1125 3413 1135 3465 ,·
1159 3411 1224 3453 non
1238 3392 1358 3471 (credo)

258 3497 383 3551 sensato
406 3488 554 3570 cuiquam
570 3486 759 3562 Cardinalis,
779 3486 879 3568 (dabit
895 3509 968 3551 vero
983 3489 1119 3571 veniam)
1137 3513 1178 3553 ne
1203 3492 1263 3555 sibi
1290 3497 1361 3576 qui-

259 3590 332 3652 dem
346 3591 407 3672 ipsi
422 3589 633 3672 persuadebit.
672 3590 724 3665 Et,
741 3588 798 3651 ubi
813 3590 941 3651 tertiam
953 3592 1022 3673 jam
1038 3594 1187 3674 paginam
1203 3595 1360 3677 implerit,

259 3693 339 3754 nihil
363 3693 469 3769 efficit,
492 3692 569 3775 quin
592 3693 627 3753 in
652 3692 746 3754 rebus
770 3692 853 3769 fidoi,
878 3714 919 3755 an
938 3695 1086 3772 Concilio,
1104 3717 1145 3758 an
1161 3698 1287 3776 Patres,
1306 3702 1360 3763 sed

139 3806 146 3825 ¹
185 3826 189 3833 ¹
259 3804 333 3857 ante
356 3796 472 3873 omnia,
491 3817 532 3857 au
550 3796 720 3874 Scriptura
743 3796 789 3856 ita
811 3816 844 3856 se
866 3796 1009 3874 iubeant,
1030 3806 1067 3859 ut
1089 3798 1283 3882 referuntur,
1301 3804 1360 3886 ipsi

258 3919 314 3980 per
338 3920 370 3960 se
396 3898 552 3981 inspicere
576 3897 713 3960 debeant
744 3897 919 3980 Principes,
947 3908 1043 3982 atque
1073 3901 1151 3965 adeo
1180 3904 1281 3988 (puto)
1312 3909 1361 3970 in·

257 4002 395 4084 specturi
411 4002 485 4063 sint.
532 4002 582 4064 De
599 4002 720 4081 Spiritu
737 4000 865 4084 quidem
881 4005 1019 4082 privata,
1036 4005 1202 4068 nobiseum
1218 4009 1267 4070 illi
1283 4032 1359 4074 con-

258 4104 362 4166 venit:
396 4112 428 4165 at
452 4125 516 4167 non
541 4103 579 4165 de
605 4104 745 4165 scierrtia.
792 4104 876 4166 Nam
905 4105 931 4166 si
957 4107 1088 4168 scientia
1114 4108 1165 4185 sit,
1191 4133 1251 4173 nec
1272 4113 1360 4193 falsi

258 4209 398 4285 nutriaris,
415 4206 469 4270 sed
484 4227 573 4269 vera:
598 4227 655 4268 cur
672 4208 728 4269 illa
749 4207 810 4269 niti
831 4229 897 4270 non
920 4210 1030 4290 possit,
1047 4232 1112 4272 non
1129 4212 1253 4291 debeat,
1269 4217 1359 4281 haud

258 4311 348 4373 facile
378 4311 513 4392 (opinor)
543 4310 666 4372 dixerit.
713 4312 803 4372 Petri
828 4311 1046 4391 corrfessiouem
1070 4315 1169 4377 voluit
1194 4318 1356 4402 Christus,

591 4488 600 4508 ⁰
621 4479 700 4542 [Vide
712 4496 793 4543 supra,
811 4496 835 4544 p.
850 4484 902 4531 153.
922 4488 974 4531 not.
987 4482 1017 4544 ‘.]
