2910 4926
257 273 324 334 434
572 288 615 335 no
637 287 827 335 eunomius
848 286 1048 335 ammaum

261 440 349 504 Saul.
404 441 608 504 Auctoritate
638 441 724 504 enim
759 462 816 503 sua
850 440 1024 504 exerdtum
1054 436 1251 521 conscripsit,
1281 456 1361 499 con·

261 543 380 627 scripto
403 545 497 627 plena
519 551 678 627 potestate
704 543 839 627 praesuit.
896 543 1029 622 Victori,
1057 542 1142 626 quod
1167 541 1202 603 in
1227 539 1363 622 Mispha

177 722 184 739 ο
256 648 326 731 jam
340 646 455 710 habuit
469 668 615 730 regnum,
639 647 674 710 in
691 647 798 729 Gilgal
816 668 900 711 novo
922 646 988 710 ritu
1010 647 1243 710 confirmatum.
1287 642 1362 706 Nec

259 771 322 814 von
346 749 489 831 ‘fucere'
513 749 560 813 ibi
581 749 749 833 quicquam
774 757 867 813 sonat
889 748 985 827 aliud,
1010 769 1106 832 quam
1127 747 1298 810 innovare:
1322 751 1360 806 ut

261 873 322 916 neo
338 874 398 917 vox
413 853 602 937 ‘Elepistw
625 853 772 936 sequenti
787 853 901 935 capite,
918 873 1024 934 quam,
1048 852 1094 915 sic
1113 851 1148 914 in
1170 850 1323 913 Electum
1343 869 1362 909 a

263 956 334 1019 Deo
349 955 537 1032 consentire,
558 963 596 1018 ut
611 955 777 1019 dissentire
792 963 902 1018 tamen
922 956 948 1017 si
962 955 1051 1031 velis,
1068 974 1226 1036 nequeas;
1251 971 1360 1033 quam,

261 1065 300 1120 ut
314 1057 482 1137 Electioni,
499 1060 602 1122 aDeo
617 1059 662 1122 sic
677 1058 779 1135 factae,
794 1057 925 1122 libertas
939 1057 1030 1120 nulla
1048 1057 1159 1119 relicta
1178 1056 1219 1117 sit
1236 1053 1362 1116 dissen-

260 1160 372 1224 tiendi.

305 1263 347 1326 In
362 1270 432 1326 tota
450 1271 559 1326 tamen
579 1263 632 1326 hic
652 1285 696 1341 re,
720 1262 902 1345 argumenti
922 1261 1016 1345 Regii
1030 1261 1094 1324 vim
1112 1260 1253 1343 prudens
1269 1259 1361 1322 dissi·

140 1372 207 1437 314
262 1367 372 1429 mulat.
431 1366 472 1430 ld
495 1367 582 1430 enim
611 1374 757 1430 causatus
787 1367 866 1443 Rex,
899 1365 1072 1448 plurimum
1101 1364 1217 1427 merito
1250 1370 1360 1426 autem

262 1477 418 1546 causatus,
441 1469 527 1552 quod
553 1470 659 1532 dolosa
682 1469 735 1532 hio
758 1468 895 1532 nimium
919 1467 1098 1532 cardinalis
1125 1471 1277 1528 atutcru‘.
1325 1466 1361 1528 Si

261 1572 441 1635 consentiat
462 1573 497 1633 in
517 1573 639 1653 Regem
658 1572 802 1652 pupulus,
827 1570 854 1633 si
874 1590 1037 1634 curemus
1054 1570 1220 1650 popularis
1241 1567 1361 1632 alicubi

260 1676 380 1758 injecta
394 1675 526 1752 mentio,
543 1682 592 1737 sat
606 1674 641 1737 iu
657 1696 695 1737 ea
708 1695 784 1738 voce
798 1674 955 1737 momenti
970 1674 1042 1751 erit,
1057 1680 1095 1735 ut
1103 1692 1200 1753 peaes
1209 1673 1362 1752 populum

262 1778 360 1860 Regis
370 1778 493 1855 electio,
505 1785 542 1840 ut
554 1777 629 1860 eligi
644 1798 664 1839 u
672 1779 789 1859 populo
802 1779 934 1860 Regem,
948 1775 1125 1840 Cardinalis
1136 1774 1246 1838 statim
1256 1774 1361 1838 fiden-

260 1888 311 1942 ter
334 1888 462 1943 asserat.
507 1882 552 1943 At
574 1888 699 1943 mutata
721 1881 788 1943 vice
807 1882 886 1963 jam,
903 1880 1014 1942 eadem
1030 1878 1057 1940 si
1071 1900 1131 1941 vox
1152 1878 1361 1954 interveniat,

260 1982 371 2046 eadem
395 1984 422 2045 si
446 2004 506 2059 res,
532 1984 646 2064 Populi
669 2004 783 2064 nempe
810 2003 972 2045 cousensus
996 1982 1032 2044 in
1057 1980 1216 2064 Episcopo
1240 1981 1361 2043 consti·

259 2085 391 2163 tuendo,
421 2087 510 2148 nulla
531 2087 566 2149 in
591 2107 666 2149 voce
693 2086 748 2163 vis,
770 2092 806 2148 ut
830 2085 996 2168 eligendus
1018 2106 1056 2146 ex
1079 2105 1117 2146 ea
1139 2084 1318 2166 Episcopus
1341 2105 1360 2145 u

256 2189 377 2269 populu.
422 2188 470 2251 Ex
491 2209 638 2251 consensu
659 2188 704 2251 ibi
724 2209 792 2251 non
814 2189 958 2271 sequitur
973 2187 1094 2250 electio.
1138 2186 1183 2249 Et
1197 2207 1239 2249 en
1260 2194 1359 2249 state-

258 2312 328 2353 ram
343 2289 492 2354 dolosum.
537 2292 589 2353 En
602 2291 727 2372 pondus
742 2291 775 2353 in
791 2311 947 2368 consumo,
964 2298 996 2353 et
1007 2289 1142 2371 pondus,
1157 2289 1226 2351 leve
1235 2290 1362 2370 pondus

259 2393 298 2455 ad
314 2394 495 2475 Episcopus,
519 2415 616 2475 praue
636 2393 677 2456 ad
698 2393 797 2475 Repeu
815 2393 990 2476 eligendos,
1007 2391 1091 2474 quod
1113 2392 1147 2453 in
1162 2391 1300 2473 Repibus
1320 2391 1360 2453 ad

259 2495 448 2559 electionem
463 2496 629 2578 ponderet,
645 2496 679 2557 in
691 2496 858 2577 Episcopis
872 2518 937 2558 non
953 2495 1013 2557 nisi
1030 2494 1070 2557 ad
1084 2495 1316 2589 testimonium.

292 2631 434 2688 Quoniam.
448 2669 453 2679 .
467 2670 472 2681 .
486 2637 569 2681 exstat
588 2632 688 2694 publice
705 2633 774 2681 odito
791 2633 882 2681 ‘Actio
901 2634 928 2681 in
941 2632 1104 2681 (larncttum'
1120 2631 1194 2694 plena
1212 2632 1357 2686 mendaciis,

327 2717 353 2759 et
364 2713 433 2761 brevi
446 2713 556 2760 exstabit
567 2712 703 2773 responsio,
715 2750 721 2760 .
735 2751 739 2760 .
753 2750 759 2760 .
771 2712 802 2761 ad
821 2713 891 2761 illam
908 2712 1036 2762 hectorem
1054 2711 1273 2776 remitto-[Bell.
1287 2713 1359 2776 Apol.

323 2794 460 2857 proRcsp.]
477 2809 500 2856 p.
515 2795 568 2844 177.
588 2792 654 2857 [Op.,
666 2799 726 2842 tom.
737 2795 780 2843 vii.
793 2795 837 2842 eol.
851 2798 905 2843 804.
920 2795 959 2858 Β]

95 2906 185 3019 &ctio
197 2907 224 2955 in
303 2893 424 2959 Quodsi
446 2895 524 2976 jam,
542 2915 579 2956 ca
595 2893 755 2957 Cardinali
780 2916 869 2957 mens
884 2896 933 2957 vol
954 2896 1050 2972 frons,
1066 2903 1103 2957 ut
1126 2916 1197 2976 quae
1214 2915 1273 2976 pro
1291 2896 1358 2958 Tri-

95 2977 246 3097 haffffia
259 2995 368 3060 bunali
402 3005 491 3080 gesta
528 3006 602 3059 sunt
636 2997 833 3080 publicisque
868 2999 986 3062 tabulis
1021 2999 1217 3080 consignata,
1248 3007 1357 3061 tamen

94 3099 194 3175 nenda·
258 3101 427 3162 mendaciis
438 3103 534 3182 plenu
550 3100 685 3163 scribere
703 3122 769 3162 non
788 3101 914 3182 pigeat:
938 3103 1091 3183 majorem
1113 3100 1208 3162 fidem
1225 3101 1357 3163 Jesuitae

93 3163 162 3227 cua]
260 3204 386 3266 Siculo·
405 3204 584 3267 habendam
602 3211 737 3280 censeat,
759 3206 807 3285 (ex
823 3203 1072 3286 Transfugarum
1093 3211 1287 3279 nostrorum,
1304 3212 1356 3265 aut

257 3307 453 3388 perditorum
469 3307 595 3369 Civium
615 3306 778 3383 relatione,
799 3327 871 3368 vere
895 3307 1064 3368 meruduciis
1084 3307 1191 3388 plenu,
1212 3306 1355 3368 libellum

257 3410 489 3472 consarcinanti
503 3412 521 3490 :)
551 3431 645 3491 quom
669 3410 770 3491 Rapui
796 3411 952 3487 Arcbiuis,
977 3409 1072 3491 idque
1095 3408 1134 3471 de
1160 3429 1205 3486 rc,
1230 3431 1288 3490 per
1310 3418 1356 3472 tot

257 3513 415 3591 Proceres‚
439 3513 578 3594 aliosque
594 3533 632 3573 ex
650 3512 737 3574 omni
753 3512 864 3575 ordine
886 3513 1079 3588 innumeros,
1103 3511 1208 3573 adbuc
1229 3511 1266 3573 in
1281 3512 1356 3573 sitis

255 3622 391 3691 testata3
418 3614 488 3696 quis
515 3636 580 3677 uon
604 3614 674 3696 plus
700 3615 817 3677 mentis
847 3615 903 3691 illi,
935 3615 1041 3677 minus
1067 3614 1182 3678 frontis
1205 3615 1355 3697 exoptet?

256 3717 322 3781 Qui
344 3717 391 3778 ita
404 3716 499 3778 fidem
514 3716 640 3793 habeat,
658 3716 728 3799 quis
743 3716 772 3778 ei
792 3717 888 3779 fidem
909 3717 1050 3787 habeat?
1074 3716 1145 3798 quis
1163 3716 1197 3778 in
1215 3716 1354 3799 reliquis,

254 3816 290 3878 in
316 3818 545 3882 Controuersiis
570 3818 666 3880 fidem
693 3819 760 3901 ejus
787 3828 964 3901 suspectam
988 3841 1054 3881 nou
1079 3819 1206 3896 babeat,
1230 3819 1286 3901 qui
1307 3820 1356 3882 cui

253 3918 347 3998 volet,
363 3928 396 3982 et
412 3928 567 4002 quantum
587 3921 680 3998 volet,
701 3922 816 3999 credat,
841 3943 900 3985 nec
922 3923 983 3985 nisi
1004 3923 1110 3985 volet?
1157 3922 1286 4000 Credat,
1302 3922 1355 3984 nbi

252 4023 330 4100 vult,
355 4023 558 4104 quantumvis
584 4045 603 4085 a
628 4024 689 4085 fide
717 4023 927 4089 abhorreant:
952 4025 1008 4088 ubi
1030 4047 1096 4087 non
1116 4025 1194 4103 suit,
1211 4025 1356 4088 occludat

254 4147 354 4203 aures,
371 4124 519 4188 obfirmet
540 4125 692 4203 animum,
711 4127 912 4208 quantumvis
927 4127 989 4189 fide
1004 4127 1102 4210 digna
1117 4127 1190 4188 sint.
1235 4128 1356 4190 Annon

287 4302 296 4326 ¹
325 4293 395 4342 Prot.
408 4294 442 4343 xi.
456 4294 490 4357 1.]
827 4297 914 4358 Ooqui.
940 4296 1065 4359 Apologia
1087 4311 1132 4358 pro
1155 4295 1183 4344 ll.
1203 4294 1230 4344 P.
1246 4295 1357 4345 Heuricu

286 4366 295 4389 ⁸
325 4357 779 4414 Videlibcuititulua,‘lt.l'.Eodae·
826 4362 935 4410 Garncto
964 4362 1056 4422 Angla.
1084 4360 1196 4423 ejusdem
1229 4362 1356 4410 societatis

253 4422 426 4470 mon-Ioannis
434 4421 541 4483 Cydonii
553 4437 566 4469 e
578 4422 700 4471 Societata
711 4423 779 4478 iesu.
823 4425 956 4474 sacerdote.
971 4427 1023 4476 Col.
1035 4428 1096 4487 Agr.
1110 4424 1202 4487 1610.']

252 4485 284 4534 ad
307 4487 432 4535 actionem
460 4486 624 4548 proditoriam
653 4487 777 4536 Edouardi
