2910 4926
461 305 643 356 uomouu
664 306 845 356 ausaausm.
1142 296 1206 359 2⁷5

105 455 197 521 Dixit
211 457 330 522 diserte
345 459 414 523 Rex
425 462 576 542 imagines
590 461 771 524 adorandae
784 481 845 524 nan
859 481 934 540 ease,
945 482 1011 526 non
1019 465 1207 545 fictitiarum

104 560 251 640 Deorum,
269 584 348 645 quos
363 562 423 627 sibi
441 565 527 646 (cum
542 564 625 628 nihil
639 586 719 648 opus
734 566 828 648 esset)
845 564 999 629 confinxit
1015 566 1204 647 Cardinalis,

103 662 160 725 sed
181 684 285 745 neque
313 665 499 728 Sanctarum
520 667 685 753 laninam.
730 667 808 729 Non
830 651 1202 749 imagines'Sanatorum:

103 787 170 829 non
185 767 272 830 enim
288 768 338 832 vel
361 770 495 833 Sanotos
516 770 602 853 ipsos
626 770 812 833 adorandos.
858 772 930 835 Nec
954 793 992 836 eo
1016 772 1116 851 cultu
1139 795 1204 856 quo

103 869 192 932 Deus
200 896 210 947 3
235 870 330 934 Solus
345 872 430 935 enim
447 873 536 935 Deus
556 893 593 936 eo
615 873 704 936 cultu
720 874 909 937 adorandus.
932 875 1100 938 Adorandi
1115 878 1202 940 enim

102 993 213 1036 vocem
228 981 361 1057 usurpat
377 976 491 1058 elego,
508 996 525 1038 e
547 974 628 1058 legis
651 983 809 1058 praeoepto
833 976 984 1055 secunda,
1000 977 1057 1042 ubi
1079 981 1202 1044 mentio

99 1075 197 1139 modo
212 1078 282 1160 ejus
297 1084 347 1141 est
355 1104 364 1154 3
389 1099 461 1161 quae
477 1085 584 1142 autem
602 1078 648 1142 ibi
663 1079 808 1141 adoratio
823 1080 964 1162 ponitur,
978 1081 1108 1145 Christo
1125 1083 1202 1167 ipso

98 1176 284 1262 interprete,
300 1181 368 1244 Soli
391 1183 459 1244 Deo
488 1181 650 1264 competit.
683 1182 796 1245 Videat
820 1203 894 1264 erpo
920 1183 1113 1263 Cardinalis,
1138 1207 1201 1267 qua

97 1282 230 1361 ratione,
241 1283 327 1365 quod
341 1284 400 1346 uni
415 1285 485 1347 Deo
501 1284 622 1347 addixit
637 1283 700 1362 lex,
717 1283 915 1367 imaginibus
937 1285 1002 1348 suis
1017 1286 1199 1371 impertiat:

97 1408 172 1451 cum
187 1396 221 1453 et
234 1390 392 1473 imagines
406 1391 491 1453 idota
506 1391 595 1469 fiant,
612 1390 640 1454 si
655 1391 844 1454 adorentur:
868 1398 901 1454 et
921 1392 1075 1455 idolam
1089 1394 1199 1458 adora-

96 1492 144 1555 tio
159 1492 339 1557 idololatria
354 1495 397 1558 sit
410 1494 568 1558 habenda.

130 1640 209 1693 Porro
220 1642 379 1694 lconomaohi
396 1645 459 1694 dicti
476 1648 550 1703 sunt3
567 1659 619 1693 non
635 1644 678 1707 qni
691 1681 697 1694 .
709 1679 715 1692 .
728 1680 735 1693 .
747 1644 872 1707 Imagines
889 1660 1066 1710 quascunque.
1079 1683 1085 1697 .
1098 1683 1104 1697 .
1116 1647 1199 1698 detur·

160 1724 263 1787 babent,
279 1724 324 1774 sed
342 1728 385 1789 qui
399 1742 431 1775 ex
448 1727 561 1789 Templis
579 1726 720 1787 imagines.
733 1726 929 1787 ..sustulerunt
946 1731 991 1776 aut
1007 1727 1198 1791 confregerunt5

160 1806 227 1869 quod
237 1822 253 1857 a
264 1807 437 1858 Osiriuianis.
450 1844 456 1858 .
470 1807 701 1870 ‚tactum-[Bell.
713 1806 787 1870 Apol.
799 1822 844 1871 pra
856 1807 944 1871 Resp]
958 1823 982 1871 p.
992 1810 1046 1860 118.
1060 1809 1126 1874 [Op.,
1135 1814 1197 1860 tom.

159 1888 203 1938 rii
215 1889 261 1937 col.
271 1889 326 1940 768.
339 1889 385 1954 A.]

138 1986 247 2062 Parra,
261 1987 396 2051 Ezekias
411 1988 522 2071 procul
535 1987 816 2052 dubioHarelious
831 1986 984 2067 nonfuit,
1003 1988 1075 2071 (etsi
1086 1990 1195 2053 Icono·
1211 2002 1330 2067 [Quando

93 2091 230 2166 malua,
257 2090 341 2155 addo
367 2091 465 2154 etiam
488 2091 697 2154 Iconoclasles
720 2090 814 2173 suin)
843 2090 898 2173 qui
924 2090 1098 2173 imaginem
1127 2114 1194 2156 non
1207 2069 1333 2182 {ffi'ffffl

94 2212 329 2276 quamcunque,
356 2194 412 2257 sed
440 2194 620 2275 Serpentem
643 2213 768 2271 numm,
793 2193 842 2276 (ut
865 2193 1044 2256 Cardinalis
1060 2194 1189 2278 supral’)
1206 2196 1318 2263 susm]

92 2295 257 2377 imaginem
274 2295 435 2376 Crucifiai,
460 2318 527 2360 non
551 2318 590 2360 ex
614 2317 805 2380 quoeunque
831 2295 912 2375 loco,
938 2297 994 2361 sed
1012 2319 1050 2361 ex
1072 2299 1193 2380 Tanplo

91 2397 159 2477 ἱρεο
182 2399 370 2476 deturbavit,
392 2407 424 2462 et
447 2398 600 2481 confregit
613 2408 635 2463 ⁶.
680 2399 797 2482 Neque
818 2398 914 2462 aliam
937 2398 978 2463 ob
998 2421 1077 2479 rem,
1093 2401 1194 2465 aliove

92 2501 236 2580 consilio,
266 2502 417 2582 imagines
446 2501 499 2565 hic
528 2503 614 2585 apud
643 2523 702 2565 nos
726 2502 865 2580 stillata,
881 2523 989 2585 quam,
1011 2503 1096 2586 quod
1118 2503 1192 2582 illis,

92 2623 111 2666 a
134 2604 363 2686 superstitiosis
385 2604 586 2686 quibusdam,
611 2604 664 2667 hic
685 2604 817 2683 factum,
841 2605 996 2687 quodibi
1021 2626 1103 2669 aneo
1126 2626 1192 2669 sar-

84 2709 185 2786 penti.
231 2707 372 2789 Reponit
396 2707 436 2771 de
449 2708 538 2771 Idola
562 2716 595 2771 et
618 2709 762 2790 imagine.
808 2709 854 2773 At
880 2708 971 2771 nulla
992 2716 1042 2772 est
1063 2709 1099 2772 in
1121 2711 1192 2793 lege

89 2809 172 2873 Idoli
187 2810 327 2874 mentio:
353 2810 533 2873 Similitudo
548 2809 593 2873 ibi
608 2812 707 2873 omnis
721 2810 919 2892 prohibetur,
936 2832 1017 2894 quae,
1039 2811 1075 2894 (si
1091 2812 1188 2894 volet)

90 2917 127 2974 ut
148 2933 258 2994 genus,
283 2918 457 2995 utrumque
483 2912 715 2996 complectitur.
762 2912 902 2996 Reponit
926 2913 965 2975 de
986 2914 1189 2978 adoratione:

89 3014 135 3078 Et
164 3022 214 3077 est
243 3014 343 3078 civilis
372 3016 525 3094 adoratio,
557 3016 628 3099 quis
657 3015 786 3079 nescit?
844 3015 909 3078 Sed
935 3037 1072 3098 quacum
1095 3015 1189 3081 nobis

88 3118 211 3200 negotii
233 3118 324 3182 nihil.
369 3119 420 3182 De
442 3122 590 3202 religiosa
612 3120 796 3182 adoratione
817 3117 933 3200 agitru,
950 3140 1020 3201 quae
1041 3120 1100 3183 soti
1121 3120 1188 3182 Deo

70 3219 236 3286 debetur.

121 3353 246 3404 Catholici
257 3391 264 3404 .
276 3390 283 3403 .
294 3392 301 3404 .
312 3354 437 3416 imagines
448 3355 550 3418 quidem
561 3356 674 3415 mount.
692 3353 736 3404 sed
752 3368 782 3404 ea
798 3352 952 3412 adoratione,
963 3351 995 3402 de
1006 3367 1055 3415 qua
1065 3355 1188 3418 scriptum

152 3440 198 3496 est,
219 3437 345 3487 ‘Adorate
362 3435 503 3486 scabellum
523 3438 617 3502 pedum
635 3436 711 3501 uias:
730 3434 795 3485 Psal.
809 3435 904 3490 xcviii„
921 3434 966 3483 ubi
984 3448 1028 3497 per
1046 3433 1188 3486 scabellum

152 3517 245 3579 pedum
255 3518 359 3570 Domini
369 3533 426 3570 arcs
434 3519 519 3581 lignea
528 3519 683 3582 intelligitur
689 3534 696 3579 ;
708 3531 759 3565 non
769 3514 1025 3577 eadequslegimus,
1034 3514 1188 3567 ‘Dominum

152 3596 234 3647 Deum
246 3603 318 3650 tuum
330 3601 460 3652 adorabis)
473 3638 479 3649 .
491 3637 515 3649 ..
530 3600 604 3650 uate.
616 3597 759 3666 iv.—[Bell.
774 3596 848 3662 Apol.
860 3610 906 3660 pra
919 3595 1007 3659 Resp]
1020 3610 1043 3659 p.
1053 3598 1108 3646 113.
1122 3596 1188 3662 [ορ.,

152 3684 213 3731 tom
225 3682 269 3731 vii.
280 3685 326 3735 coi
340 3684 395 3736 768.
407 3682 454 3747 A.]
1145 3719 1148 3725 -

131 3797 209 3861 Sero
232 3805 340 3863 autem
362 3797 531 3881 distinguit
546 3795 724 3861 Cardinalis
747 3794 787 3858 de
808 3794 991 3856 adoratione
1011 3815 1059 3874 ea,
1078 3801 1111 3858 et
1126 3796 1188 3859 non
1202 3808 1303 3874 [Unum

85 3919 132 3977 ea,
148 3899 205 3963 ubi
226 3900 278 3965 lex
297 3902 377 3989 ipsa
388 3922 455 3965 non
478 3898 659 3982 distinguit.
704 3898 786 3975 Nec,
803 3917 898 3980 quem
920 3895 1052 3960 adducit
1067 3897 1186 3962 Psalmi
1200 3879 1323 3989 fflffig

84 4001 201 4082 lacum,
223 4006 431 4089 tempestivus
445 4005 498 4068 hic
513 4011 572 4067 est.
621 4000 684 4064 Sed
706 4021 812 4083 neque
832 4000 878 4062 sic
892 3999 1106 4082 Augustinus,
1122 4001 1185 4079 uli,
1200 4004 1241 4052 nis
1251 4003 1350 4071 genus]

78 4124 140 4186 per
154 4106 330 4187 scabellum,
347 4130 423 4172 arca
439 4109 541 4189 lignea
552 4105 740 4186 intelligitur
759 4102 797 4185 (si
811 4101 894 4166 bene
909 4102 1058 4165 meminit
1074 4103 1185 4166 Cardi-

84 4207 188 4290 nalis.)
208 4210 261 4273 Sic
276 4212 363 4274 enim
374 4210 590 4293 Augustinus:
610 4208 719 4280 Quare
732 4205 809 4287 quid
821 4204 1003 4289 [legauoa]
1016 4205 1184 4267 sitsaobet-

118 4404 220 4472 ⁵[Bar.
243 4411 316 4473 Apol.
340 4425 386 4474 pro
405 4407 491 4473 Resp.]
513 4425 537 4472 p.
558 4411 612 4458 110.
689 4406 743 4470 ε[2
756 4404 842 4469 (all.)
855 4403 1044 4467 ng.xviii.t.]

86 4470 158 4535 [op.,
174 4477 292 4527 tomus
309 4475 424 4528 coi'lti.
437 4474 480 4538 B.]
860 4566 879 4612 Τ
901 4551 920 4610 2
