2910 4926
444 301 627 350 mornouu
649 300 831 350 urseouuo.
1121 284 1185 347 843

87 453 217 530 sicces‘,
239 472 283 515 sn
303 453 373 517 uliae
396 454 467 518 eliis
490 453 691 520 sublimiores
714 454 789 535 sint,
815 453 964 539 disputo:
988 452 1055 531 sed,
1075 448 1187 538 (siquis

88 552 152 616 fuit
174 553 259 631 tulis,
280 555 407 638 qualem
428 556 545 620 Schola
567 555 708 639 reputet)
729 556 863 619 Petrum
887 555 1030 632 limenou,
1053 573 1128 617 eum
1151 553 1187 616 in

89 656 164 719 coelc
192 656 310 739 potius,
338 679 434 740 quam
457 659 543 740 opud
566 657 695 740 irp'eros,
723 658 838 722 fnisse:
865 657 922 722 ubi
951 656 1057 740 ulique
1080 663 1186 736 tenus,

89 777 241 822 mensura
254 760 306 823 vel
320 760 431 842 gradu,
447 781 515 826 aevo
525 760 622 826 besto
635 761 828 830 fruerentm.

12 964 14 968 Ι
134 862 200 927 Qui
215 883 290 927 vero
312 864 457 946 sequitur
480 864 580 943 locus,
596 865 634 927 de
655 864 789 928 nondum
804 849 976 945 propatuto
1001 860 1187 935 Sanctorum
1198 866 1254 983 ppt)
1271 866 1338 919 Heu

88 965 152 1042 uin,
161 967 272 1046 priore
290 965 500 1030 Tubernuculo
522 968 624 1030 adhuc
645 973 762 1030 statum
780 967 920 1030 tabente.
965 965 1069 1049 Legat
1090 964 1187 1030 modo
1243 1001 1307 1063 243

89 1068 159 1132 haro
182 1069 372 1149 cardinalis,
392 1091 460 1134 non
480 1077 519 1135 ut
540 1067 801 1153 ἀποσπάσματα,
821 1069 879 1134 sed
898 1076 937 1133 ut
957 1069 1023 1153 legi
1047 1089 1106 1152 par
1126 1075 1187 1150 eet,

89 1191 228 1254 cumque
248 1172 299 1250 iis,
321 1193 392 1257 quae
414 1173 622 1250 antecedunt,
642 1179 824 1251 connectat,
843 1173 912 1257 jum
932 1171 1009 1236 inde
1031 1171 1071 1235 ab
1093 1171 1188 1236 initio

89 1275 204 1357 cepitis
225 1274 339 1354 octavi,
355 1275 493 1359 reperiet
513 1275 553 1340 de
569 1276 698 1341 Christo
713 1276 800 1360 Ipso,
816 1275 987 1358 Ipsiusque
1009 1273 1133 1339 Christi
1152 1273 1189 1337 in

90 1397 187 1441 cerne
202 1377 352 1456 adventu,
367 1400 434 1443 non
449 1378 490 1443 de
505 1380 665 1462 apertione
681 1379 759 1457 culi,
774 1377 988 1462 intelligendu
1002 1398 1081 1442 esse.
1125 1377 1189 1441 Vel

89 1481 288 1564 Aquinatem
305 1503 400 1546 suum
414 1483 534 1547 audiat.
584 1483 693 1546 Vetere
710 1483 903 1545 Testamento
923 1480 1109 1564 (eipuidrato
1128 1500 1191 1562 per

84 1585 224 1665 primum
249 1585 504 1668 Tubenmculum)
528 1590 645 1648 statum
664 1584 795 1648 tabente
820 1584 946 1668 (idest,
969 1583 1114 1666 durante)
1138 1584 1191 1646 cin

91 1688 277 1752 Sanctorum
295 1691 427 1772 (scilicet
443 1689 605 1769 Christus)
621 1691 674 1772 qui
689 1690 777 1768 dicit,
793 1689 864 1771 Ego
879 1710 952 1752 sum
965 1688 1044 1768 viu',
1055 1687 1190 1751 nondum

89 1798 225 1856 ueneat.
269 1794 342 1875 Ipse
363 1796 443 1857 euim
469 1799 515 1857 est
540 1795 663 1871 ostium,
680 1813 743 1874 per
764 1792 848 1875 quod
860 1798 955 1875 patet
975 1793 1134 1871 introitus,
1157 1792 1191 1854 in

91 1895 241 1959 Sanctum
264 1897 461 1961 Sanctorum.
506 1898 577 1980 ugo
601 1916 674 1959 sum
695 1895 816 1960 ostium
825 1904 851 1974 ¹,
867 1896 924 1959 sed
944 1917 1005 1959 non
1024 1900 1094 1959 erat
1113 1915 1190 1977 prc-

83 2000 226 2082 polatus‚
242 2001 317 2081 puio
339 2001 442 2064 adduc
462 2000 580 2064 latebat
601 1999 658 2064 sub
674 1997 793 2081 fipuris
812 1999 911 2063 litere
932 1998 1139 2077 obumbratus,
1155 2003 1192 2060 ut

90 2122 158 2182 cup.
174 2123 207 2165 c.
235 2102 396 2186 (Umbrum
416 2103 532 2167 tabem
553 2105 613 2181 len,
630 2104 717 2187 ⁸50.)y
745 2101 806 2165 Vsa
822 2101 1018 2177 Sanctorum,
1035 2122 1102 2164 non
1123 2101 1192 2166 corlr'

91 2206 207 2284 aditus,
223 2205 278 2270 sed
294 2207 444 2271 Christus
466 2207 558 2290 ipse:
582 2205 781 2270 obumbratus
801 2205 838 2267 in
855 2204 957 2269 veteri
971 2206 1190 2283 Testamento,

83 2309 274 2391 propalatus
286 2309 323 2372 in
337 2329 431 2374 novo.

123 2442 259 2494 Concludit
273 2442 342 2494 idem
354 2444 443 2509 Apost
457 2442 489 2494 sd
501 2441 611 2494 ch.xi
629 2442 680 2494 ‘ue
693 2442 721 2493 hi
738 2457 826 2493 omnes
841 2441 988 2492 testimonio
1004 2440 1065 2491 fidoi
1081 2440 1191 2506 probuti,

155 2539 207 2576 non
224 2529 373 2589 acceperunt
389 2524 583 2589 promissionem
602 2559 609 2573 .
627 2559 633 2574 .
651 2560 657 2574 .
675 2528 768 2574 utnon
783 2525 839 2575 sine
853 2510 928 2574 nobis
944 2522 1193 2574 consummerentur.'

156 2606 290 2658 rourum
304 2607 416 2672 apertius
433 2605 493 2668 dici,
510 2604 598 2656 Petrus
614 2605 708 2657 vetoris
718 2604 882 2665 intumuisti,
894 2605 963 2656 inter
978 2619 1041 2669 quos
1057 2603 1144 2655 Enoch
1158 2604 1191 2654 sb

156 2688 279 2752 Apostolo
286 2692 432 2738 numeratus
442 2690 489 2748 ost,
496 2701 549 2737 non
558 2687 684 2751 occepisse
694 2687 881 2751 promissiones,
888 2691 918 2735 ut
926 2699 978 2736 non
988 2686 1043 2738 sino
1053 2686 1128 2736 nobis
1136 2700 1192 2736 oon-

155 2774 343 2820 summsrentur
349 2768 471 2833 t-[Bell.
482 2769 558 2832 Apol.
565 2782 611 2832 pro
624 2767 709 2832 unp]
719 2783 745 2832 p.
754 2769 811 2820 143.
822 2763 890 2833 [Opq
899 2771 962 2818 tom.
972 2767 1017 2818 rii.
1029 2766 1086 2817 coll.
1095 2768 1150 2821 784.
1159 2766 1191 2824 D,

158 2851 215 2903 785.
227 2850 270 2915 n]

134 2950 181 3014 At
194 2950 230 3012 in
245 2956 369 3032 quarto,
406 2949 590 3027 Promissio,
606 2969 698 3030 quem
712 2968 774 3012 non
788 2953 981 3030 acceperunt,
998 2968 1069 3030 quoe
1083 2946 1190 3026 fuerit,
1204 2952 1214 3018 [

80 3053 194 3138 sperit
213 3052 350 3116 Paulus:
372 3057 408 3114 ut
423 3058 718 3116 consummarentur.
764 3049 903 3118 Quando
922 3056 1031 3114 eutem
1054 3070 1193 3113 consum

91 3156 287 3219 mabuntur?
330 3154 458 3238 Ecquid
486 3161 562 3218 ante
594 3153 864 3218 resurrectionem
892 3153 1033 3232 finalem,
1063 3152 1194 3235 quando

92 3244 214 3342 duplici
235 3259 318 3322 stole
340 3256 570 3341 perficientur-i
602 3263 680 3321 unte
702 3277 809 3340 quam,
832 3255 928 3339 plena
949 3276 1061 3319 eorum
1082 3254 1194 3318 fruitio

91 3383 159 3426 non
179 3361 250 3440 erit,
270 3381 341 3444 quae
362 3360 556 3443 repromissa
578 3365 666 3423 sunt.
710 3357 808 3438 Audi,
824 3358 851 3422 si
865 3359 980 3440 placet,
995 3357 1194 3440 Aquinatem

92 3473 126 3528 et
155 3464 217 3528 hic.
262 3463 319 3551 Ad
338 3464 451 3527 stolum
475 3462 615 3546 corporis
639 3460 753 3542 referri
767 3480 873 3544 posse,
896 3481 962 3542 pun
983 3481 1045 3523 non
1068 3459 1195 3522 dabitur

91 3569 320 3646 universaliter,
329 3585 425 3647 usque
432 3571 508 3649 post
522 3566 780 3628 resurrectionem
794 3565 1010 3642 universalem
1026 3564 1099 3626 licet
1105 3560 1195 3644 sorte

92 3671 192 3754 aliqui
205 3671 278 3752 jum
299 3671 434 3733 habeant
455 3671 566 3751 ipsam,
590 3689 631 3731 ec
653 3669 782 3750 speciali
801 3669 1000 3750 priuilepiw.
1047 3668 1194 3733 Quorum

92 3775 266 3856 aliquorum
282 3773 318 3836 in
336 3792 483 3850 numero,
503 3791 544 3835 en
564 3771 694 3853 speciali
710 3771 889 3852 pririlepio,
903 3770 1015 3834 Enoch
1036 3770 1195 3834 etlilium

91 3881 212 3962 aliquos
226 3899 307 3956 esse,
322 3876 401 3960 quid
416 3877 548 3941 obstat?
573 3898 710 3959 quorum
724 3875 772 3940 ita
785 3883 898 3960 ruptus
913 3887 1193 3956 commemoratur,

92 4004 129 4046 uc
165 3982 193 4046 si
228 3980 367 4063 speciali,
395 4000 462 4063 pree
491 3979 625 4057 caeteris,
649 3981 819 4062 pricilepio
855 3981 1035 4064 praesigniti
1063 3979 1194 4044 forent?

127 4171 135 4201 ⁸
148 4166 174 4232 [J
177 4181 231 4217 osn
243 4167 295 4216 xiv.
307 4164 345 4226 2]
665 4179 707 4229 pp.
720 4164 775 4215 430.
786 4166 811 4214 b.
828 4165 884 4216 481.
896 4165 931 4230 u]

126 4240 139 4264 '¹
157 4231 238 4297 [conr.
260 4229 285 4280 d
298 4229 386 4281 Thom.
406 4229 502 4291 Aquin.
525 4227 622 4278 Somni.
699 4236 711 4268 ἵ
741 4228 889 4294 sonnxin]

49 4311 59 4331 ·
96 4297 182 4349 uhsor.
199 4294 302 4359 puniti.
323 4293 410 4357 SuppL
423 4293 516 4351 Quart
529 4290 603 4355 lxix]
698 4299 709 4323 ¹
745 4293 769 4343 S.
788 4292 877 4344 'l'hom
902 4293 997 4358 Aquin.
1020 4291 1088 4343 Iacet
1107 4292 1150 4342 rii.
1168 4291 1197 4342 in

128 4369 139 4391 '
155 4357 324 4426 [insunt]
668 4355 759 4421 Epist]
781 4357 813 4407 ud
837 4357 902 4407 Hob.
919 4359 955 4408 xi.
985 4357 1055 4421 [Op.,
1076 4361 1138 4407 tom.
1151 4358 1195 4407 vii.

129 4435 140 4458 ¹
157 4425 198 4490 18„
214 4423 302 4474 uhom.
326 4423 421 4498 Aquin.
445 4421 513 4472 beot
534 4420 573 4485 ii]
595 4425 624 4474 in
668 4437 692 4486 p.
705 4422 759 4472 478.
772 4421 808 4486 b.]

99 4488 208 4555 [Epist]
226 4487 258 4539 sd
278 4487 343 4538 Heb.
357 4502 391 4536 rx.
416 4486 486 4550 [Op.,
506 4491 568 4536 tom.
580 4487 623 4538 rii.

1246 931 1283 996 8·]
