2910 4926
261 246 308 310 8}
574 264 619 311 an
640 264 832 314 amomum
852 256 1051 316 armanum

261 439 391 497 mma,
407 417 588 485 Venetiis¹¹=
610 442 678 486 non
693 422 734 486 de
749 425 910 505 tenporali
929 425 994 506 ejus
1014 424 1147 488 dominio
1171 423 1296 500 directo,
1313 420 1362 482 rel

263 524 386 604 Rome,
401 523 522 610 inipso
537 527 757 592 cardinalium
772 528 994 593 consistori00.

295 678 369 731 Certe
385 678 507 732 Romanae
524 680 644 733 Ecclesiae
657 682 728 743 fides,
746 688 846 734 atvero
861 683 1010 748 proprieque
1026 681 1162 742 Catholiea,
1179 679 1267 730 eadem
1284 679 1362 728 estin

328 761 436 827 llnropa,
447 763 535 814 eadem
546 802 552 813 .
565 801 571 814 .
584 766 628 814 .in
637 766 707 827 Asia,
714 765 801 816 eadem
813 767 841 816 in
852 765 945 826 Africa,
957 765 1044 814 eadem
1056 765 1083 813 in
1094 764 1153 814 orbe
1163 777 1243 827 nuper
1251 763 1361 818 invento,

327 844 416 895 adem
426 846 454 895 in
465 850 552 896 monte
563 845 669 907 Libano,
679 847 766 898 eadem
778 850 806 899 in
817 848 942 908 Ameriae,
953 847 1040 898 eadem
1052 847 1120 911 apud
1132 848 1235 896 ultimos
1245 844 1261 894 J
1263 857 1361 908 apones.

327 926 440 993 -[Bell.
453 928 527 992 Apol.
539 943 585 993 pro
596 928 685 994 Resp]
697 944 721 994 p
735 933 757 980 9,
770 930 841 996 [Op.‚
853 930 964 981 tomril.
977 929 1024 980 eol.
1036 929 1091 981 too.
1104 928 1143 993 c]

308 1059 382 1139 Sed,
393 1060 449 1125 nbi
463 1083 539 1146 ergo
552 1062 609 1127 illa
623 1070 673 1128 est
687 1070 755 1128 tam
770 1064 885 1128 diffusa
902 1065 1039 1126 Maroae
1053 1062 1132 1126 fides
1147 1061 1275 1126 vestra?
1298 1060 1362 1123 Hic

258 1162 329 1247 jam
358 1164 571 1230 rhetoricatur
595 1165 784 1246 cardinalis,
811 1175 853 1247 et,
883 1167 985 1250 (quasi
1010 1174 1132 1249 septem
1157 1166 1226 1249 jam
1255 1172 1361 1248 partes

263 1267 361 1334 Orbis
383 1270 563 1354 reperisset)
581 1271 643 1334 Est
664 1273 698 1335 ia
712 1274 802 1352 Asia,
818 1272 933 1356 inquit,
949 1273 1010 1335 Est
1024 1278 1055 1335 et
1069 1273 1103 1335 ia
1116 1277 1217 1334 monte
1230 1271 1360 1347 Libano,

264 1372 354 1456 quasi
377 1394 470 1437 mons
484 1373 623 1438 libanus
644 1376 678 1439 in
693 1378 773 1439 Asia
788 1376 920 1440 nonsit.
969 1377 1030 1438 Est
1047 1376 1080 1438 iu
1099 1376 1255 1438 Ameriae.
1300 1375 1361 1435 Eat

262 1481 294 1539 et
316 1478 348 1540 ia
373 1476 453 1541 crue
470 1499 568 1560 nuper
590 1480 721 1559 inuento,
745 1479 834 1564 quasi
856 1479 948 1542 urbs
964 1500 1061 1560 nuper
1074 1480 1213 1541 inventur
1234 1498 1299 1541 non
1320 1477 1361 1539 sit

263 1581 420 1645 Arrtcrieo.
465 1581 526 1644 Est
547 1588 577 1645 et
599 1583 685 1664 upued
704 1584 828 1646 ultianus
848 1584 993 1666 Jupooea,
1010 1589 1043 1647 at
1063 1589 1096 1646 ct
1117 1583 1137 1645 J
1139 1603 1256 1666 apones
1277 1581 1310 1644 hi
1326 1581 1360 1643 iu

263 1683 343 1749 Asia
364 1695 450 1763 suist,
466 1685 515 1749 vel
540 1685 568 1749 si
589 1693 679 1751 extra
693 1687 813 1767 Asiam,
829 1687 864 1752 iu
885 1685 1044 1752 America.
1089 1687 1160 1750 Neo
1186 1707 1262 1750 sane
1283 1686 1360 1748 satis

264 1787 431 1853 Catholiea
450 1788 513 1853 fide
535 1788 588 1853 hic
609 1789 776 1855 nobiscum
798 1790 876 1874 agit.
920 1791 1009 1854 Nam
1031 1790 1093 1853 hoc
1114 1790 1261 1853 Romana
1276 1790 1360 1866 fidei,

261 1893 594 1978 cdiqce,quan1pene
614 1916 772 1978 nusquam
793 1902 853 1975 est,
869 1894 903 1959 in
923 1895 1056 1959 Africa?
1081 1894 1273 1977 quantillum
1288 1915 1361 1956 vero

261 1996 451 2082 ubiquitatis
467 1997 545 2082 ejus,
562 1997 596 2062 in
616 1999 705 2076 Asia,
720 1999 783 2063 nisi
805 1998 831 2062 si
847 2020 938 2062 mons
961 1999 1104 2062 Libanus
1128 1998 1309 2061 summittat
1332 1998 1361 2060 ei

260 2102 440 2168 Monachus
461 2103 606 2186 aliquot?
631 2104 672 2167 In
693 2105 822 2187 Europa
837 2124 920 2182 vero,
937 2102 1062 2166 decoxit
1083 2103 1122 2164 ad
1138 2101 1258 2164 medias
1267 2127 1276 2178 ;
1301 2083 1360 2163 nec

259 2208 294 2273 iu
308 2208 459 2273 America
474 2208 613 2271 multum
629 2228 732 2291 opcrae
746 2207 851 2291 pretii,
864 2207 890 2270 si
906 2207 1033 2270 Acostae
1048 2205 1217 2269 credimus.
1248 2205 1359 2288 Bapti-

258 2311 323 2377 rati
346 2312 429 2376 forte
450 2311 590 2374 infantes
612 2310 657 2374 ibi
682 2311 821 2394 aliquot:
851 2310 944 2374 Indis
969 2309 1047 2393 ipsis
1073 2309 1146 2392 plus
1168 2309 1272 2372 multo
1295 2309 1360 2372 veri

258 2414 323 2481 odii
339 2420 387 2478 est
408 2414 443 2477 in
466 2413 664 2478 Professores
685 2413 833 2476 Romana
851 2412 940 2494 fidei,
959 2433 1056 2496 quam
1078 2412 1195 2474 amoris
1211 2411 1262 2475 vel
1283 2413 1359 2489 ficti,

258 2517 294 2582 in
302 2516 400 2600 fidem
420 2518 529 2598 pisum.
576 2517 694 2595 Quare,
711 2537 821 2580 secum
835 2515 961 2580 habitet
982 2515 1171 2593 cardinalis,
1187 2523 1220 2578 ot
1235 2515 1361 2579 desinat

260 2621 378 2687 dehine
393 2621 439 2686 ita
453 2642 576 2705 porinus
598 2621 765 2705 explicare.
810 2621 900 2685 Nota
915 2620 1044 2704 quidem
1062 2621 1131 2684 haec
1145 2621 1225 2705 ejus,
1241 2621 1359 2702 ubique,

261 2724 364 2809 magis
379 2731 413 2790 ct
435 2725 542 2789 minus
567 2725 690 2808 recipit,
706 2732 739 2789 et
754 2724 829 2788 fidei
850 2746 975 2810 semper
989 2725 1134 2802 debetur,
1150 2746 1276 2807 semper
1295 2747 1362 2788 non

261 2829 427 2913 competit.
474 2830 569 2894 Certo
584 2829 723 2913 quidem,
739 2849 799 2894 nec
814 2835 932 2911 tempus
952 2829 1001 2893 ita
1014 2829 1140 2912 proprio
1158 2829 1287 2912 respicit
1302 2851 1362 2892 vox

266 2934 436 3012 Catholicae,
455 2933 494 3015 (si
516 2932 597 2998 serio
612 2934 683 3017 quis
698 2933 762 2996 vim
778 2933 864 2997 vocis
884 2932 1063 3016 expendat)
1083 2939 1120 2996 ut
1135 2934 1255 2995 locum:
1280 2940 1312 2996 et
1327 2933 1362 2994 in

262 3039 339 3117 loeo,
354 3037 389 3102 id
404 3038 511 3122 potius
529 3037 645 3103 necubi
660 3038 709 3102 vel
727 3036 910 3102 includatur
923 3038 974 3100 vel
994 3037 1191 3115 excludatur,
1208 3059 1303 3121 quam
1324 3046 1361 3101 ut

262 3142 373 3226 obtqua
398 3142 552 3207 obtineat.
605 3143 761 3207 Nondum
791 3141 877 3206 enim
903 3142 1014 3225 ubique
1037 3141 1178 3206 obtinuit
1207 3142 1360 3220 Ecclesia,

266 3248 344 3332 (riou
367 3246 463 3312 modo
484 3248 586 3327 simul,
611 3247 666 3311 sed
689 3267 795 3331 neque
816 3268 874 3330 per
895 3248 1140 3329 successionem)
1166 3249 1200 3309 ia
1220 3249 1361 3310 aniverso

263 3353 385 3437 qudem
410 3354 533 3418 muudo.
581 3354 673 3417 Genti
692 3353 760 3438 jam
784 3351 842 3415 nni
864 3373 930 3415 nou
956 3359 1014 3429 cst,
1037 3351 1088 3414 vel
1110 3352 1174 3414 loeo
1200 3351 1248 3433 (ut
1271 3352 1358 3433 olim)

263 3456 413 3537 astricta3
447 3458 512 3522 late
535 3465 635 3541 patet,
660 3454 732 3521 καθ’
756 3453 835 3519 ὅλου
858 3477 915 3540 per
939 3456 1125 3518 universum
1152 3477 1221 3520 esse
1245 3464 1361 3540 potest,

265 3563 350 3643 (eam
365 3562 451 3626 earini
466 3562 530 3626 vim
553 3561 651 3626 habet
667 3583 728 3626 vox
741 3561 798 3625 illa
820 3556 892 3624 καθ’
914 3558 1003 3641 ὅλου)
1024 3560 1086 3624 etsi
1107 3582 1174 3624 non
1197 3561 1256 3624 sit:
1280 3562 1362 3624 addo

262 3665 371 3743 ctiam,
399 3665 461 3729 etsi
485 3663 590 3729 adhuc
612 3686 780 3747 uunquam
805 3662 911 3743 fuerit,
936 3663 987 3728 vel
1012 3663 1157 3742 fortusse,
1182 3685 1241 3727 nec
1267 3664 1362 3728 simul

262 3790 405 3853 siliquam
421 3769 531 3833 futura
545 3769 595 3847 sit,
607 3789 673 3832 uno
688 3768 817 3852 quidem
833 3776 986 3850 tempore.

295 3903 410 3954 llureses
428 3904 580 3955 lutheranus
603 3904 790 3968 Septentrionis
806 3904 929 3968 angulum
947 3902 1086 3969 possident,
1103 3919 1172 3955 mare
1190 3920 1242 3954 non
1259 3908 1362 3956 transie-

326 3992 395 4048 runt,
406 3987 494 4039 Aulam
505 3992 532 4039 et
543 3986 655 4039 Alrlcaar
666 4002 719 4037 non
730 3987 880 4051 attigerunt,
895 4010 924 4032 =

293 4152 306 4175 ¹·
325 4143 407 4209 [Vide
437 4144 562 4196 leonardi
590 4144 669 4195 Direla
696 4143 790 4194 l'eneti
834 4144 907 4195 Pauli
917 4144 949 4194 V.
963 4144 1034 4202 (ibid.
1046 4160 1071 4210 p.
1083 4146 1162 4211 825.)]

262 4207 380 4259 lhllctutu
389 4209 584 4260 euutmllullaru
593 4209 664 4259 Pauli
674 4212 703 4257 l'.
714 4209 790 4272 (aprul
867 4218 878 4242 ⁰
897 4209 979 4274 [Vide
992 4210 1053 4260 Bell.
1067 4211 1098 4260 dc
1110 4212 1180 4261 Rom.
1196 4212 1268 4261 Pont.
1281 4213 1325 4263 lib.
1339 4230 1364 4269 v.

262 4273 374 4324 tloldast
395 4274 524 4325 hlonureh.
547 4275 653 4325 tumlti.
677 4290 700 4338 p.
721 4278 792 4336 cst.)
836 4290 907 4338 capp.
917 4277 986 4324 1-6.
1000 4275 1056 4339 Op,
1070 4281 1132 4325 tom.
1144 4278 1161 4326 i.
1174 4292 1215 4340 pp.
1225 4280 1279 4326 231.
1293 4295 1362 4342 seq.;

263 4337 335 4388 l'aull
349 4338 440 4390 l’cnetl
458 4339 677 4390 tluusldoratiuucs
691 4341 794 4389 eoasur·
837 4339 970 4390 et'lortur.
982 4341 1060 4390 Torti.
1074 4356 1097 4404 p.
1109 4344 1148 4390 36.
1162 4342 1227 4390 Edit.
1240 4346 1332 4403 nostrl

260 4416 332 4452 arum
347 4402 418 4454 l‘aull
428 4403 457 4453 l'.
468 4404 539 4465 (ibid.
558 4419 581 4468 p.
595 4407 661 4468 256.)
680 4411 706 4453 ct
718 4405 795 4454 Thou
870 4413 882 4444 P
901 4404 982 4468 [l'idc
994 4405 1056 4454 Bell.
1066 4405 1097 4455 de
1111 4405 1186 4455 Notis
1198 4406 1263 4456 Ecel.
1276 4409 1318 4458 lib.
1329 4410 1363 4459 iu.

260 4466 374 4531 logorunr
389 4468 479 4520 Veneta
490 4469 598 4520 l'raetat.
613 4469 645 4519 do
665 4469 794 4519 Interdict
839 4485 892 4536 cap.
902 4473 924 4522 t.
937 4469 992 4534 Op,
1005 4472 1090 4520 tomi.
1102 4486 1126 4536 p.
1136 4473 1191 4521 288.
1204 4471 1245 4535 ll]
