2910 4926
111 2550 203 2666 ,a

133 2617 247 2666 onciona·

112 2688 178 2733 tores
189 2684 225 2732 iu·

110 2746 214 2810 stituti.]

155 4167 220 4231 269

269 278 333 343 372
580 293 623 341 sn
646 293 836 343 enauimus
858 294 1056 343 susinum

272 456 369 532 atque
392 448 548 528 involuta,
577 448 742 514 interdum
773 450 870 514 etiarn
900 449 1048 527 absurda,
1073 453 1169 531 atque
1191 447 1297 510 aliena
1324 445 1371 509 sic

271 552 414 637 undique
434 552 653 633 obscuratum,
673 560 712 616 ut
733 574 801 617 non
818 553 883 617 nisi
904 553 1000 638 paulo
1019 553 1087 637 jam
1109 549 1211 634 magis
1231 548 1371 632 intelligi

272 664 401 739 queant,
418 678 515 739 quam
536 657 612 721 olim
636 657 754 720 Latina
775 677 850 720 cum
872 664 996 720 essent:
1020 661 1057 718 ιιι
1080 653 1177 718 etiam
1195 654 1274 738 jam,
1295 672 1371 715 cum

271 779 333 822 non
347 759 467 839 desunt,
483 760 585 823 desint
606 765 728 838 tamen,
745 765 777 823 et
792 759 963 840 Interpreti
977 764 1082 822 vestro
1102 758 1275 838 Interprete
1289 775 1371 838 opus

272 860 324 941 sit,
347 869 381 926 et
402 862 438 926 in
459 863 589 927 Idolum
612 883 703 927 versa
723 863 826 926 versio
847 868 961 940 vestra,
984 881 1056 944 quae
1079 881 1114 924 oe
1135 859 1236 938 nubet,
1259 864 1290 922 et
1310 879 1373 920 non

272 963 440 1046 toqnitnrb,
454 986 516 1029 nec
530 964 639 1029 minus
660 965 696 1028 in
718 965 847 1030 Idolum
869 964 960 1049 plebs
981 964 1060 1048 ipsa,
1078 985 1148 1047 quae
1163 981 1256 1026 aures
1269 961 1372 1039 tabet,

270 1067 401 1130 sednon
415 1068 590 1131 audiendi&
635 1068 698 1145 Ita,
714 1089 778 1151 qua
792 1067 926 1150 potestis
941 1073 975 1131 et
989 1066 1124 1145 audetis,
1139 1065 1292 1150 populum
1309 1063 1373 1127 Dei

272 1167 387 1232 arcetis
402 1190 422 1231 a
435 1169 526 1233 libris
543 1170 659 1233 Sacris.
706 1170 870 1236 Quorsum
886 1170 1018 1234 autem?
1054 1169 1143 1235 Quos
1157 1168 1234 1232 olim
1249 1167 1372 1242 Moses,

273 1291 352 1354 quos
367 1271 497 1350 Paulus,
516 1293 595 1355 quos
612 1274 735 1352 Patres,
755 1273 903 1356 inprimis
918 1268 1199 1357 chrysostomum,
1217 1270 1264 1333 ita
1278 1268 1373 1346 serio,

272 1373 319 1437 ita
333 1394 426 1458 saepc,
442 1373 484 1438 ad
497 1375 669 1439 lectionem
692 1396 803 1439 eorum
819 1375 973 1453 sedulam,
989 1396 1050 1439 nec
1064 1375 1100 1438 in
1117 1375 1240 1455 Templo
1255 1373 1372 1450 solum,

274 1475 331 1540 sed
350 1477 434 1539 domi
459 1476 558 1541 etiam
579 1476 738 1542 inritavit.
782 1477 829 1540 At
852 1476 949 1555 idem,
969 1476 1054 1560 quod
1077 1475 1163 1552 olim,
1184 1474 1373 1558 periculum,

273 1599 390 1663 nempe
411 1600 449 1642 ne
464 1600 632 1661 perperam
653 1565 841 1661 intelliyant.
887 1580 931 1642 Ει
955 1600 997 1642 an
1019 1599 1057 1642 ea
1072 1576 1160 1642 vobis
1180 1576 1262 1639 ratio
1286 1596 1375 1639 com-

273 1682 369 1746 moda
393 1682 529 1761 videtur,
558 1705 621 1768 quo
646 1704 688 1748 nc
711 1703 880 1764 perperam
907 1684 1094 1765 intelligant,
1121 1689 1158 1744 ut
1184 1681 1305 1743 omnino
1334 1701 1376 1743 ne

272 1787 478 1869 intettipcnt?
508 1787 581 1851 Imo
596 1787 717 1870 legant,
733 1785 926 1868 intelligant,
948 1787 1030 1869 (quae
1045 1783 1135 1849 dabit
1150 1783 1251 1866 Deus)
1269 1782 1375 1847 sicubi

272 1889 426 1969 haereant,
442 1889 630 1954 condiscant
649 1911 669 1952 a
690 1888 872 1971 Theologis,
888 1888 943 1971 qui
965 1888 1060 1952 citius
1083 1910 1122 1952 ex
1141 1893 1232 1970 parte
1251 1885 1374 1950 intelli-

272 1999 385 2076 gentes
405 1992 566 2057 deducent
590 1993 631 2057 ad
645 1993 825 2071 veritatem,
841 2013 938 2075 quam
959 1992 1091 2056 omnino
1108 1993 1277 2056 Sacrorum
1299 1990 1374 2053 lite·

272 2116 381 2161 rarum
396 2097 502 2162 rudes.

305 2249 390 2313 Atque
401 2249 433 2300 sd
444 2248 491 2300 hoc
501 2249 586 2314 ipsum
596 2249 711 2300 instituti
726 2255 787 2300 sunt
797 2248 998 2309 concionatores,
1009 2248 1053 2311 qui
1063 2247 1180 2312 populari
1190 2247 1279 2308 lingua
1289 2245 1376 2308 exple·

338 2334 409 2391 nent,
425 2324 482 2394 quio
499 2331 590 2381 Latine
605 2332 634 2380 in
649 2330 768 2381 llcclesiis
781 2329 1018 2394 leguntur-[Bell.
1031 2329 1105 2392 Apol.
1118 2343 1163 2392 pro
1177 2327 1264 2391 Resp]
1277 2342 1302 2391 p.
1316 2328 1376 2376 149.

340 2410 405 2475 [Op.,
423 2416 484 2461 tom.
493 2412 536 2462 vii.
553 2411 600 2462 col.
613 2411 668 2463 tas.
682 2410 724 2474 Β.]

319 2528 383 2591 Sed
408 2529 645 2591 Concionctcres
670 2529 715 2590 od
735 2530 793 2591 tec
814 2528 916 2609 ipsum
937 2526 1083 2604 instituti,
1103 2531 1148 2602 nt,
1171 2544 1237 2606 qne
1259 2524 1378 2586 Lat-ine

275 2631 418 2711 leqnntnr
436 2632 469 2692 in
483 2630 646 2708 Ecclesiis,
662 2651 699 2693 ec
715 2631 986 2712 populandoque
1006 2630 1181 2710 enplcnent.
1227 2626 1262 2689 Si
1271 2647 1376 2708 popu-

275 2733 338 2796 lari
359 2734 465 2814 linqua
487 2732 645 2815 legantur,
662 2755 734 2816 qnae
755 2735 898 2815 tepenter
919 2735 952 2795 in
974 2734 1137 2810 Ecclesils,
1155 2753 1263 2794 annon
1286 2752 1374 2795 com-

274 2836 429 2921 pendium
444 2837 500 2900 fict
514 2837 704 2917 interpretis,
720 2845 757 2900 ut
772 2859 890 2920 magne
905 2827 941 2900 e'x
958 2844 1049 2920 parte
1057 2839 1158 2917 plana
1170 2838 1248 2921 jam,
1264 2835 1376 2899 minus

273 2941 366 3025 proin
381 2946 499 3023 egeant
518 2942 730 3022 eeplcnante?
776 2942 892 3023 Neque
906 2961 980 3004 vero
996 2941 1040 3002 act
1059 2941 1140 3002 illud
1151 2941 1288 3002 instituti
1301 2948 1377 3004 eunt

277 3045 523 3122 Concionotores,
548 3052 594 3122 ut,
611 3064 682 3127 quae
707 3044 825 3106 Latina
849 3045 884 3108 in
908 3043 1014 3121 sacris,
1038 3046 1202 3107 emanente
1224 3044 1376 3120 reddant,

272 3145 361 3228 quin,
376 3153 414 3209 ut
429 3166 541 3208 sensus
562 3152 687 3224 eruant,
703 3167 770 3209 non
784 3146 882 3210 verba
896 3146 1092 3210 transferant
1100 3171 1109 3223 ;
1135 3167 1206 3229 quae
1224 3147 1251 3209 si
1265 3148 1375 3228 emple-

272 3253 349 3310 ncta
380 3249 487 3330 linque
517 3249 667 3328 populari
694 3248 848 3329 tepenter,
878 3247 995 3330 populo
1028 3247 1112 3310 lecta
1140 3247 1376 3330 intelligantur,

275 3350 492 3414 Gonctonatori
508 3350 671 3413 minuetur
685 3349 784 3413 labor.
832 3350 1024 3433 Quanquam
1041 3349 1111 3432 quis
1127 3350 1208 3413 vidit
1229 3373 1376 3434 unquam

272 3452 357 3535 apud
380 3474 446 3531 vos,
470 3452 600 3515 interim
622 3452 699 3515 dum
720 3453 826 3514 Misso
848 3452 949 3530 fieret,
972 3459 1113 3515 stantem
1136 3474 1195 3535 pro
1218 3462 1375 3537 suggestu

275 3556 538 3633 Concionctorem‚
564 3554 620 3638 qui
647 3556 921 3618 commentatores
944 3562 1053 3638 ageret
1083 3555 1312 3637 Misn‘ficantie,
1342 3566 1375 3621 ct

272 3656 350 3740 quid
372 3665 552 3721 murmuret
574 3678 641 3720 uno
665 3657 735 3720 loco
762 3657 925 3735 Sacerdos,
946 3657 1024 3740 quid
1046 3657 1138 3721 sileat
1162 3659 1272 3738 altero,
1296 3661 1375 3744 quid

272 3759 480 3841 gesticuletur
508 3759 613 3838 tertio,
640 3760 793 3843 populum
818 3781 875 3823 saa
900 3761 1006 3842 linqua
1035 3761 1238 3825 admoneret?
1284 3763 1375 3846 Opus

273 3882 358 3939 vero,
385 3869 422 3925 ut
446 3883 513 3925 non
530 3863 666 3943 populns
690 3862 769 3939 haec,
797 3862 875 3946 quin
900 3865 1070 3945 Sccn'ficne
1095 3864 1162 3948 ipse
1186 3864 1375 3948 plerumque

275 3962 438 4041 doceatur,
454 3971 522 4027 tam
539 3983 621 4046 saepe
641 3962 771 4042 bardus,
788 3972 825 4028 ut
842 3965 918 4048 quid
934 3965 1019 4028 dicat
1036 3965 1092 4046 ibi,
1109 3967 1186 4049 quid
1200 3968 1308 4047 faciat,
1323 3971 1376 4033 vix

276 4086 313 4129 ac
327 4087 369 4129 ne
379 4066 432 4130 vix
443 4066 572 4148 quidem
587 4066 654 4149 ipsc
665 4066 845 4150 intelligat3
867 4068 951 4132 nein
961 4069 1064 4132 Missa
1076 4070 1225 4152 quidem:
1245 4078 1373 4135 tantum

277 4168 367 4232 abest
390 4176 427 4231 ut
450 4167 649 4251 exploratum
672 4169 791 4233 habeat
817 4172 1041 4233 Testamentum
1062 4173 1156 4235 Vetus
1176 4180 1209 4237 et
1231 4174 1375 4248 Novum,-

308 4349 319 4383 ι
338 4351 391 4416 [Ps.
403 4367 458 4400 cxv.
471 4349 558 4413 (Vulg.
570 4352 650 4416 cxiii.)
663 4354 697 4415 6.]
846 4355 937 4406 Matth.
956 4356 1011 4421 Op,
1023 4360 1084 4406 tom.
1092 4358 1118 4407 il.
1131 4360 1286 4421 pp.13.14.;
1298 4357 1374 4409 Hom.

307 4424 317 4447 ⁸
350 4415 426 4480 lbid.]
845 4421 880 4469 ix.
892 4421 921 4470 in
932 4420 1024 4471 (tolose.
1043 4427 1103 4471 tom.
1111 4423 1144 4472 iv.
1162 4437 1186 4486 p.
1197 4422 1252 4474 137.
1264 4423 1310 4474 lin.
1320 4424 1373 4481 lta

307 4479 317 4510 ⁶
348 4480 413 4530 Vide
435 4479 459 4530 S.
481 4479 608 4567 Chrysost.
631 4480 707 4531 Hom.
725 4483 751 4531 ii.
774 4483 802 4533 in
846 4484 915 4535 Orat
927 4487 998 4536 xviii.
1016 4491 1077 4536 tom.
1089 4502 1111 4537 v.
1129 4501 1153 4551 p.
1167 4487 1236 4550 lot]
