2910 4926
464 296 645 346 aromorsn
670 297 850 346 nassonem.
1165 281 1206 343 31

150 454 181 515 3.
205 453 323 535 Credat
346 462 379 517 et
401 455 470 518 hoc.
517 454 621 518 Alteri
641 455 738 518 ctiam
761 453 817 531 ibi,
839 460 1009 536 postquam
1033 452 1214 514 attaediatus

104 556 220 619 essue
243 578 263 619 a
288 559 423 638 vesperis
442 557 668 621 deambulatum
690 559 724 619 ia
741 557 894 637 capitulo,
910 555 1084 638 imaginem
1101 555 1214 618 Cruci·

104 659 161 722 lixi
181 660 217 722 in
240 661 362 743 pariete
387 661 611 744 circumegisse
632 682 675 738 se,
694 667 727 723 et
752 660 929 743 posteriora
954 681 1012 722 sua
1037 659 1144 723 subito
1165 659 1213 722 illi

104 762 290 841 obvertisse,
307 766 396 845 quasi
411 770 563 827 auerteret
577 785 610 827 se
625 765 765 826 totaliter
780 751 822 825 ub'
833 761 897 826 eod.

148 871 181 929 4.
205 866 347 930 Credat:
378 869 484 930 Alteri
508 867 637 931 cuidam
661 864 800 947 Rusones
824 886 937 947 mapsa
957 866 1047 946 copia
1066 866 1212 942 asseclas,

107 970 208 1052 (nunc
229 976 396 1052 reptantes,
418 991 506 1033 nnnc
526 972 693 1052 salientes)
712 971 928 1033 commensales
951 989 990 1031 ac
1013 969 1157 1031 emulum
1179 969 1214 1030 iu

103 1097 220 1155 prensa,
244 1078 415 1139 coatorales
437 1079 470 1138 iu
493 1077 570 1139 lecto
589 1075 688 1140 fuisse
702 1096 763 1155 per
777 1094 908 1136 rrteusem
926 1074 1088 1155 integrum,
1104 1073 1159 1156 qui
1179 1079 1213 1135 et

104 1179 139 1240 in
154 1179 272 1242 discum
287 1181 353 1261 eius
372 1179 548 1262 (Monacho
563 1179 650 1242 enim
665 1178 750 1256 huic,
761 1179 876 1259 putum
892 1177 996 1239 dismas
1009 1177 1069 1258 est)
1082 1177 1212 1258 prosili-

103 1289 186 1361 reut,
202 1305 263 1347 nec
277 1284 388 1347 laesum
404 1282 571 1347 tamenab
586 1284 631 1346 eis
646 1290 716 1347 toto
734 1283 795 1346 hoc
812 1291 983 1365 ternpore⁰.

150 1388 180 1448 5.
205 1386 323 1450 Credat
339 1385 476 1470 denique
492 1392 525 1450 et
540 1386 619 1449 hoc:
646 1385 807 1462 Hostiam,
822 1406 917 1468 quani
931 1383 1114 1447 Monachus
1130 1383 1213 1446 alter

104 1499 197 1574 peste
212 1500 386 1575 correptus,
403 1500 435 1555 et
455 1490 552 1555 morti
568 1493 636 1576 jam
658 1489 830 1573 proximus,
847 1497 1008 1571 sumptam
1027 1487 1214 1571 aliquandiu

105 1602 180 1678 post
194 1597 328 1659 retinere
342 1617 403 1658 uon
412 1602 528 1677 posset,
544 1596 601 1657 sed
620 1596 735 1657 uomitu
754 1593 920 1674 rejecisset,
937 1613 1005 1654 cum
1019 1594 1101 1655 omni
1116 1592 1213 1673 ejecta

105 1700 303 1763 immunditia
325 1703 484 1763 collectum
505 1699 614 1775 firisse,
630 1698 664 1761 in
683 1719 783 1780 eaque
804 1696 929 1759 biduum
944 1701 1040 1759 totum
1055 1695 1212 1781 jacuisse:

105 1805 212 1868 triduo
227 1811 329 1868 autem
337 1810 412 1887 post
426 1810 640 1886 euperpatam,
656 1804 824 1884 repositam
838 1803 872 1863 in
887 1802 952 1863 loco
967 1821 1077 1863 sacro:
1101 1821 1213 1884 eoque,

107 1909 216 1972 nescio
239 1916 318 1992 quot
341 1909 380 1972 de
404 1910 485 1972 coelo
514 1909 650 1971 Sanctos
674 1914 769 1970 nocte
796 1905 944 1968 Hostiam
968 1904 1057 1967 illam
1081 1905 1215 1987 rejecta·
1326 1938 1335 1949 ··

107 2034 204 2077 neam
215 2021 403 2076 veneratum
416 2010 562 2076 venisses.
613 2011 687 2077 Quo
702 2010 822 2087 andito,
836 2016 959 2072 motum
979 2009 1215 2091 Houglrtonum

112 2118 164 2200 (de
188 2117 293 2182 tribus
318 2117 391 2195 illis,
419 2139 499 2200 quos
522 2117 569 2179 ita
595 2115 745 2193 celebrat,
774 2114 888 2195 unum)
909 2115 1083 2194 postposito
1108 2115 1217 2177 timore

107 2242 241 2297 nausea,
256 2242 329 2284 mou
343 2242 386 2297 se,
403 2242 471 2284 cum
494 2222 576 2284 oram
596 2221 772 2295 aramus,
789 2219 833 2280 ud
854 2217 1067 2280 celebrandam
1082 2218 1218 2280 Missam

103 2344 311 2405 preparasse,
327 2323 383 2386 sub
407 2345 468 2406 qua
490 2330 520 2387 et
534 2324 682 2386 Hostium
703 2324 790 2385 illam
810 2326 985 2384 reverenter
1002 2328 1033 2385 et
1053 2321 1218 2405 affectuose

110 2430 275 2491 tamusess.
317 2428 435 2492 Subdit
456 2436 574 2505 autem,
592 2428 657 2490 Sed
675 2447 767 2508 quum
784 2427 959 2506 prestamus
972 2427 1032 2488 iste
1051 2426 1111 2489 siu·
1134 2428 1219 2489 catis

110 2536 199 2607 esset,
215 2552 301 2594 uemo
315 2532 375 2594 scit
389 2532 451 2593 nisi
467 2532 519 2613 qui
535 2527 681 2611 ceremth.
728 2529 824 2592 Certe
847 2528 872 2590 si
894 2527 1004 2592 credat
1021 2528 1091 2592 haec
1106 2529 1218 2594 Cardi-

110 2635 202 2713 nalis‚
222 2634 344 2719 jubebo
369 2634 508 2699 medicos
533 2655 685 2717 quaerere,
707 2653 815 2695 annon
839 2631 886 2695 illi
903 2634 1040 2714 polypus
1064 2635 1100 2697 in
1120 2655 1217 2699 naso:

110 2737 191 2802 adeo
215 2760 346 2802 necesse
372 2747 431 2819 est,
454 2759 585 2802 omnem
609 2736 765 2801 odorandi
791 2758 920 2800 sensum
944 2737 1076 2820 periisse
1101 2736 1140 2816 ei,
1164 2738 1215 2803 cui

111 2843 278 2906 mendacia
292 2844 361 2907 haec
375 2851 443 2906 tam
458 2842 637 2926 pisculenta
652 2863 718 2904 non
733 2840 911 2903 subolcant.

145 2977 275 3035 Quomodo
294 2984 379 3029 autem
396 2978 526 3029 catholica
542 2981 588 3037 est,
615 2978 642 3026 id
665 2981 711 3036 cst,
734 2989 832 3039 semper
858 2974 961 3036 crcdita,
989 2976 1011 3024 st
1036 2980 1095 3026 ante
1120 2990 1216 3027 annum

178 3061 249 3111 15³5.
269 3048 357 3111 aridita
373 3076 425 3111 non
436 3059 598 3126 estl-[Bell.
611 3060 686 3124 Apol.
700 3074 746 3124 pro
761 3060 847 3126 Resp]
867 3071 891 3121 p.
906 3061 927 3109 8.
948 3059 1017 3124 [Op.,
1033 3063 1095 3109 tom.
1108 3059 1152 3109 vu
1169 3059 1216 3110 col.

177 3145 232 3197 ῗο9.
246 3144 292 3208 Α.]

155 3260 234 3323 Post
248 3280 332 3335 vero,
350 3259 525 3342 quaestione
541 3281 599 3322 nos
615 3260 776 3343 opprimit.
818 3261 973 3335 erommo
988 3266 1091 3322 autem
1105 3259 1216 3322 cauo-
1230 3275 1370 3390 primatus

112 3364 174 3425 lica
189 3369 244 3441 est,
261 3364 297 3425 id
309 3369 364 3439 est,
381 3383 500 3444 seumer
514 3363 685 3440 creditusi
700 3370 771 3427 aste
786 3386 900 3428 aunum
916 3364 1109 3426 millesimum
1128 3364 1217 3445 puiu-
1230 3341 1338 3455 mssffiffie

109 3471 310 3550 pentesimum
329 3470 519 3550 tripesr'mum
540 3469 679 3550 putatum
699 3469 809 3532 audita
828 3489 889 3531 nou
909 3469 981 3531 est?
1025 3467 1095 3530 Nos
1114 3466 1216 3530 vicem
1230 3470 1331 3534 novus]

112 3572 160 3634 illi
180 3572 357 3635 referimus.
405 3571 575 3636 Quomodo
598 3579 706 3634 autom
730 3571 1032 3634 transubstantiatio
1058 3570 1217 3633 Catholicu

113 3682 171 3753 est,
187 3676 224 3737 id
236 3681 292 3751 est,
304 3695 423 3756 sursper
437 3674 583 3736 credita?
599 3674 757 3757 quomodo
770 3674 1041 3738 Concoms'tautr'u?
1057 3672 1217 3756 quomodo

112 3782 229 3861 species
242 3780 362 3842 unica?
406 3779 449 3842 Et
464 3779 516 3840 vix
531 3786 675 3861 tempero
690 3799 752 3852 mc,
766 3779 844 3861 quin
859 3779 1045 3842 admoveam
1061 3777 1216 3850 Quaado

112 3885 178 3962 troc,
200 3883 345 3966 pluribus
368 3882 480 3946 vestris
499 3881 704 3944 novitatibus.
752 3881 816 3944 Sed
837 3881 1031 3965 respondeo;
1059 3881 1216 3945 Creditum

112 4009 180 4050 eum
202 4008 330 4069 semper,
346 3986 396 4049 vel
417 3992 488 4048 ursle
511 4006 624 4047 aunum
648 3992 696 4048 ter
720 3987 922 4049 millesimum.
968 3986 1097 4049 Testem
1119 3985 1216 4048 citoc

115 4092 233 4155 Schola
248 4098 353 4155 vestra
369 4091 389 4152 J
392 4113 463 4152 oan.
482 4089 704 4167 Parisicnsem,
722 4089 787 4172 qui,
803 4096 878 4153 ante
894 4111 995 4152 annos
1007 4090 1073 4174 jam
1090 4096 1217 4152 trecen-

112 4206 172 4274 tos,
185 4196 298 4273 fassus,
311 4195 350 4257 la
361 4196 457 4258 ueteri
472 4196 536 4276 Iepe
547 4194 761 4256 Sacerdotium
770 4196 922 4274 potestati
932 4194 1035 4275 Repie
1049 4194 1217 4274 subjectum

145 4381 157 4414 ⁴¹
178 4382 322 4445 Gregorius,
333 4395 386 4446 cap.
399 4383 421 4430 8.
435 4380 490 4445 [tol.
499 4379 589 4429 xxxix.
601 4378 635 4442 a]
719 4376 728 4409 ¹
748 4377 808 4441 Cap.
822 4381 844 4427 2.
862 4378 914 4444 [tol.
927 4379 977 4428 xvi.
990 4378 1023 4442 a]

145 4447 232 4497 ‘Joh.
267 4447 358 4507 Dailei,
385 4460 438 4510 cap.
466 4445 561 4496 eodem.
592 4444 643 4508 [sol.
720 4444 805 4494 sloh.
819 4444 967 4506 Houghton,
994 4441 1145 4504 r01.1v÷.s.1

112 4512 204 4562 xxxix.
218 4510 254 4576 b.]
721 4506 733 4539 ἱ
749 4507 826 4573 [lbid.
837 4508 879 4558 fol.
892 4509 953 4557 xrii.
965 4507 989 4557 b.
