2910 4926
467 293 648 342 asemona
669 291 850 341 aasroxsio.
1145 272 1207 335 133

107 447 225 512 scribat
251 454 284 512 et
313 448 454 528 doctum,
478 450 603 514 hostem
628 449 851 533 profiteaturf)
885 447 1021 511 Utinam
1050 444 1204 529 (inquam)

106 553 263 618 imitetur.
309 555 431 618 Ferunt
450 555 534 618 enirn
554 554 687 618 minime
706 555 828 618 malum
842 554 949 618 fuisse.
996 553 1083 616 Nam
1098 551 1207 614 necin

107 656 301 720 Pontificatu
322 664 389 720 tam
412 658 468 722 diu
487 658 559 737 fuit,
575 664 612 721 ut
633 656 736 721 malus
757 657 833 720 inde
851 657 953 734 lieret,
972 653 1097 738 (viginti
1111 652 1208 718 modo

86 759 233 823 dierum
259 761 429 843 Pontifex.)
476 762 555 825 Ideo
581 769 700 841 autem,
726 769 764 824 ut
789 761 908 839 ferunt,
931 781 997 823 non
1021 759 1092 838 fuit,
1123 756 1208 841 quod

109 866 211 928 Caria
225 873 338 930 vestrae
353 868 549 951 corruptelas
565 866 642 929 satis
658 873 692 929 et
706 871 824 943 nosset,
841 872 874 927 et
893 868 1052 940 notassct;
1075 869 1108 925 et
1123 882 1208 933 vero.

107 969 268 1053 quomodo
283 970 365 1034 serio
380 971 546 1034 reformari
561 976 703 1054 possent,
715 976 855 1032 versaret
870 968 987 1031 animo.
1032 967 1210 1050 Agnovisse

107 1081 195 1137 certe
226 1073 334 1137 fenmt
363 1096 424 1139 nec
461 1075 701 1139 dissimulanter
732 1093 838 1137 naevos
867 1073 903 1135 in
932 1072 1077 1136 Ecclesia
1106 1079 1211 1135 vestra

106 1176 249 1240 multos:
279 1198 339 1240 nec
361 1177 388 1240 si
413 1177 646 1240 controuersias
668 1176 855 1260 scripsisset,
879 1175 924 1239 sie
954 1174 1089 1257 singula,
1113 1175 1210 1237 etiam

107 1302 179 1365 quae
199 1281 328 1345 defendi
349 1303 415 1346 non
438 1289 582 1366 possunt,
603 1280 701 1365 (quod
716 1281 822 1362 Nares
844 1280 914 1364 ejus
931 1279 1032 1361 facit)
1050 1278 1211 1342 mordicus

106 1405 164 1467 per
185 1384 243 1461 fas,
258 1384 421 1473 nefasque,
441 1387 646 1449 defensurum
667 1383 765 1448 fuisse
774 1409 784 1461 3
808 1384 884 1462 imo,
902 1383 995 1447 exiis
1011 1382 1124 1461 multa,
1140 1404 1211 1466 quae

107 1488 215 1569 Nepos
229 1489 298 1572 ejus
314 1489 466 1567 defendit,
483 1494 710 1553 correcturum.

141 1622 208 1687 [ch
228 1623 259 1672 dc
277 1622 350 1672 rebus
369 1624 419 1674 sibi
438 1623 575 1686 incognitis
592 1627 618 1672 et
636 1622 691 1671 sine
707 1625 808 1671 auctore
826 1620 958 1686 loquitar]
991 1620 1017 1669 N
1019 1635 1051 1669 on
1068 1623 1107 1669 est
1122 1634 1210 1669 verum

172 1704 298 1754 Diaconos
320 1704 465 1755 Cardinales
489 1705 606 1754 habuisse
631 1704 691 1753 olim
717 1704 806 1753 titulos
830 1703 1004 1752 Paroeclenscs.
1038 1700 1118 1750 Tituli
1141 1701 1209 1750 enim

173 1785 341 1836 Paroeeiarum
360 1789 421 1837 solis
434 1787 590 1851 Presbyteris
612 1787 744 1845 dabantur,
765 1785 882 1835 Diacouis
905 1789 990 1834 autem
1010 1783 1127 1833 Ecclesia
1143 1784 1209 1843 aliae,

171 1883 228 1932 quae
244 1868 423 1920 Diaconiarum
440 1885 533 1921 nomen
550 1867 791 1933 habebant-[Bell.
804 1867 877 1930 Apol.
890 1882 936 1931 pro
953 1865 1038 1930 Resp]
1050 1881 1073 1929 p.
1087 1866 1126 1917 37.
1143 1864 1209 1931 [Op.‚

172 1956 233 1999 tom.
244 1952 288 2000 vii.
301 1952 346 2002 col
359 1953 414 2004 725.
428 1952 466 2017 C.]

152 2056 258 2123 Quam
273 2080 348 2123 vero
363 2067 436 2143 post
451 2061 581 2122 lsaaa‘les
602 2061 746 2141 myrteos
765 2058 1109 2138 Cardinalemjavaat?
1131 2076 1210 2138 quas
1224 2061 1315 2140 [natali
1329 2076 1371 2125 P*
1398 2123 1404 2136 ,

106 2160 153 2224 ibi
167 2161 306 2226 festucas
321 2164 446 2247 carpit?
468 2165 642 2227 Diacoaiaa
656 2164 745 2226 creoda
761 2164 853 2226 datas
873 2163 1033 2241 Diacoais,
1050 2161 1212 2223 Paroeciaa
1223 2141 1357 2242 ’3ξὲᾟῖ

106 2265 315 2347 Presbyteria.
361 2267 542 2350 Distinguit
557 2267 610 2330 hic
626 2267 815 2344 Cardinalis,
831 2266 887 2330 ubi
902 2266 1050 2329 Pontifex
1065 2286 1132 2328 non
1148 2263 1210 2326 dis·
1223 2273 1290 2320 *Ψ
1300 2262 1349 2306 ‘¹³‘

109 2365 239 2449 tinguit.
271 2367 353 2432 Quis
368 2368 454 2431 enim
469 2369 582 2447 nescit,
596 2390 615 2431 a
630 2369 721 2431 Sixto
737 2368 797 2432 IV.
811 2369 890 2452 jam,
903 2389 940 2432 ac
955 2366 1137 2431 Alexandro
1149 2366 1211 2428 VI.

1224 2322 1295 2385 aa]

109 2477 143 2533 et
166 2474 327 2551 paroeaas
356 2473 519 2551 Diaconis,
547 2481 580 2536 et
609 2474 781 2537 Diacoafaa
810 2472 1003 2555 presbyteris
1033 2470 1212 2556 promiscue

109 2573 255 2652 traditas,
271 2583 304 2639 et
327 2598 346 2639 a
366 2577 575 2640 Pontificibus
595 2577 671 2660 ipsis
691 2576 861 2640 confusas?
885 2575 1026 2639 Confusa
1049 2595 1125 2656 crgo
1143 2575 1212 2658 jam

110 2680 290 2763 capiuntur,
319 2682 417 2765 (quod
442 2683 545 2765 Regio
569 2681 720 2745 instituto
750 2681 827 2744 satis
840 2679 861 2763 z)
900 2679 955 2763 qui
977 2680 1017 2743 de
1043 2678 1139 2743 rebus
1167 2678 1213 2741 ibi

109 2784 236 2848 locutus
259 2788 383 2868 copoila
406 2787 532 2869 quidem
556 2808 623 2849 non
645 2786 737 2849 valde
760 2784 874 2867 dignis,
890 2805 951 2847 nec
972 2791 1082 2847 tamon
1108 2785 1211 2864 incop-

109 2889 195 2950 m‘lia.
240 2889 358 2970 Aquila
374 2889 399 2950 si
415 2896 496 2952 esset
513 2887 702 2966 cardinalis,
716 2887 764 2951 ita
777 2906 899 2949 massas
913 2907 975 2949 aaa
989 2892 1142 2967 caperat

142 3039 232 3104 Neque
238 3055 325 3090 verum
337 3045 375 3090 est
387 3042 449 3090 olim
460 3040 612 3105 presbyteris
624 3044 650 3090 et
661 3040 779 3089 Diaconis
788 3038 921 3103 cujuslibet
928 3037 1085 3088 eathedralis
1093 3035 1212 3087 Ecclesiae

176 3123 325 3185 permissum
345 3123 420 3172 fuisso
440 3123 544 3172 titulum
564 3121 782 3181 cardinalitium„
795 3159 801 3170 .
814 3158 819 3170 .
832 3137 860 3170 ac
877 3135 909 3170 ne
927 3121 955 3170 ia
974 3120 1088 3170 Romana
1110 3119 1213 3184 quidem

179 3202 291 3254 Ecclesia
309 3209 423 3268 tempore
441 3204 465 3252 S.
479 3204 594 3254 Silvestri
611 3219 699 3254 omnes
716 3204 822 3254 Diaconi
842 3203 987 3253 cardinales
1005 3207 1085 3263 erant,
1103 3202 1148 3252 scd
1167 3201 1214 3251 soli

176 3290 281 3348 septem.
315 3286 438 3349 Tempore
459 3291 544 3336 annm
563 3286 708 3349 Symmachi
730 3285 862 3336 Pontificio
884 3285 931 3334 soli
950 3285 1044 3346 viginti
1063 3287 1119 3333 octo
1143 3287 1216 3333 erant

182 3366 274 3416 tituli.
293 3403 299 3415 .
318 3402 324 3414 .
343 3366 664 3432 presbyterorum-[Bell.
683 3366 757 3431 Apol.
768 3381 814 3430 pre
826 3365 910 3430 Resp]
926 3381 950 3429 p.
963 3365 1002 3416 37.
1020 3364 1087 3429 [Op.‚
1098 3369 1159 3415 tom.
1171 3365 1215 3413 vii.

178 3450 224 3499 col.
236 3448 292 3500 725.
306 3448 344 3512 C.]

156 3557 232 3622 Alia
256 3557 325 3642 jam
351 3557 497 3621 minutia.
545 3558 641 3625 Quod
663 3579 729 3621 non
759 3556 824 3620 sint
853 3556 887 3619 in
909 3555 1055 3618 Ecclesia
1081 3554 1217 3636 qualibet
1231 3561 1275 3640 [In
1303 3559 1364 3611 lurl·

115 3660 297 3722 cathedrali
330 3660 525 3723 Cardiaales.
583 3660 650 3725 Ubi
679 3668 789 3724 tamen
823 3661 889 3723 siae
921 3665 1046 3722 auctore
1074 3659 1217 3741 loquitur
1228 3626 1373 3742 {ssssm‘ple‘

115 3763 304 3842 Cardinalis,
335 3771 368 3826 et
398 3765 588 3827 Canonistas
618 3764 821 3828 adversantes
849 3762 958 3841 habet,
984 3763 1039 3847 qui
1068 3762 1104 3826 in
1128 3763 1217 3827 omni
1229 3756 1316 3885 ffffi

119 3868 301 3930 cathedrali
330 3888 393 3946 eos,
426 3867 481 3950 qui
507 3889 573 3950 prae
599 3868 723 3931 eaeteris
754 3868 906 3931 Cardiaes
933 3869 1036 3948 Clota,
1064 3867 1217 3931 nimirum

114 3971 231 4053 quibus
247 3970 292 4034 rei
310 3970 425 4034 divinae
440 3993 517 4034 cura
536 3972 697 4055 praecipua
712 3970 879 4035 commissa
894 3979 952 4051 est,
968 3971 1088 4055 ubique
1106 3971 1217 4034 Cardi-

114 4077 200 4138 aales
215 4075 405 4159 appellitant
415 4085 436 4139 ⁸.

146 4235 158 4268 l
187 4226 258 4289 Virg.
270 4226 322 4275 Ecl.
336 4227 368 4276 iv.
381 4226 415 4291 2.]
691 4228 735 4277 lib.
744 4228 760 4276 i.
768 4227 818 4276 'Pit
828 4227 899 4276 xxiv.
910 4228 962 4277 ‘De
971 4226 1040 4276 Offic.
1050 4226 1219 4290 archipresb!

147 4300 156 4325 ¹
187 4291 279 4341 drasm.
293 4292 372 4354 Adag.
384 4307 407 4355 p.
421 4290 487 4356 131.]
691 4307 744 4355 cap.
764 4293 790 4340 ii.
814 4292 1017 4342 ‘ministerium'
1037 4293 1064 4340 in
1083 4292 1163 4340 Gloss
1185 4290 1217 4341 ad

148 4365 157 4387 ⁸
185 4357 255 4405 Cant.
271 4357 385 4406 Jacobst.
403 4357 435 4406 do
454 4357 549 4406 Concil.
568 4356 611 4407 lib.
629 4357 646 4406 i.
691 4372 743 4405 roc.
768 4355 973 4406 ‘cardinalium'
996 4358 1068 4419 Corp.
1085 4355 1139 4405 Jur.
1158 4355 1220 4406 Can.

116 4421 171 4470 ‘De
190 4421 302 4471 cardin·
324 4437 347 4484 p.
367 4424 404 4470 19.
428 4422 473 4470 eol.
492 4424 514 4470 2.
532 4421 561 4482 B,
580 4422 646 4484 apud
691 4427 751 4470 tom.
764 4422 790 4471 ii.
802 4422 847 4471 col.
861 4420 928 4485 tlt]

115 4486 190 4535 Cone.
210 4491 270 4535 tom.
289 4487 367 4546 xvii.;
390 4490 416 4536 et
432 4486 554 4536 Decretal.
573 4485 646 4549 Greg.
