2910 4926
254 270 319 332 202
355 354 359 361 Ι
567 286 611 334 an
633 287 824 335 cinerariis
845 287 1044 337 nnmsnmm

287 439 312 490 S.
331 441 453 493 Ricardns
471 443 610 508 Episcopus
627 443 791 495 cicestrensis
809 444 910 495 claudat
931 443 999 494 hunc
1021 444 1114 493 locum.
1156 442 1183 492 Is
1200 443 1295 493 electus
1308 442 1360 493 fuit

321 520 458 588 Episcopus
478 528 565 574 eontra
581 525 734 574 sententiam
747 524 839 586 Regis:
858 528 991 588 propterea
1009 522 1087 572 Rex.
1107 559 1113 571 .
1132 559 1139 572 .
1157 558 1163 572 .
1181 537 1221 572 res
1239 522 1359 572 Ecclesiae

320 601 484 653 Oieestrensis
490 603 570 667 jussit
581 603 829 668 confiscari—[Bell.
842 603 915 667 Apol.
924 617 970 666 pro
981 600 1066 666 Rssp.]
1074 613 1101 665 p.
1108 601 1147 652 72.
1162 601 1231 666 [Op.,
1242 605 1304 651 tom.
1311 600 1357 650 vii.

320 682 365 732 col.
378 682 434 735 745.
447 683 490 748 R]

299 781 387 845 Nam
400 783 568 861 Ricardus,
585 784 640 868 qui
657 785 777 847 claudit
792 804 917 866 agmen,
931 783 957 845 si
972 782 1072 845 invito
1085 782 1174 865 Rege
1189 779 1356 844 ordinatus

156 957 163 969 .
254 884 431 967 Episcopus
447 893 507 965 est,
524 894 568 966 at,
581 908 619 950 eo
633 887 746 965 invito,
759 888 846 949 Baro
861 885 953 968 regni
968 885 1068 948 creari
1083 906 1151 948 non
1165 884 1280 967 potuit.
1304 882 1359 947 Ad

254 989 428 1051 Bononiam
446 997 555 1053 autem
578 998 723 1075 spectant
746 991 941 1072 temporalia,
965 989 1000 1051 in
1025 1009 1095 1070 quae
1118 987 1200 1069 Regi
1220 988 1292 1071 jus;
1318 994 1356 1050 ut

252 1112 360 1156 carere
382 1094 446 1157 illia
469 1116 600 1159 necesse
622 1097 720 1160 fuerit
742 1096 782 1174 ei,
799 1095 854 1178 qui
875 1095 956 1158 citra
970 1114 1135 1157 assensum
1151 1092 1289 1175 Regium
1304 1113 1355 1155 or·

252 1194 356 1259 dinan'
371 1196 516 1261 voluerit.
563 1199 680 1282 Inique
695 1198 782 1262 enim
797 1203 1021 1280 comparatum
1036 1203 1128 1274 esset,
1145 1202 1183 1257 ut
1200 1194 1255 1278 qui
1269 1194 1356 1257 inter

252 1300 352 1381 Repeti
375 1300 527 1364 Procercs
548 1302 784 1365 annumerandi
808 1309 894 1379 sunt,
919 1300 1000 1382 Regi
1024 1297 1276 1362 obtruderentur
1298 1319 1356 1381 per

250 1402 325 1480 sim,
347 1403 439 1486 cujus
463 1404 598 1468 interest
621 1406 818 1489 exploratam
841 1425 953 1467 eorum
975 1402 1072 1465 fidem
1094 1401 1225 1479 habere,
1243 1401 1298 1484 qui
1316 1422 1354 1465 eo

251 1503 286 1567 in
301 1526 437 1569 numero
453 1514 657 1571 censeantur.

295 1609 397 1691 Atqui
420 1631 495 1673 vero
526 1611 690 1693 quaerebat
712 1609 773 1673 hoc
801 1611 879 1688 Rex,
905 1630 965 1672 nee
990 1615 1147 1692 praeterea
1171 1608 1378 1693 quiequam,-

252 1732 348 1793 quam
378 1713 503 1776 venisse
539 1721 612 1777 tum
650 1714 684 1776 in
715 1713 886 1776 discrimen
916 1720 1109 1796 potestatem
1138 1712 1351 1792 Pontifieiam,

250 1836 350 1897 eaque
381 1814 421 1877 de
448 1837 483 1878 re
513 1815 702 1879 dimicatum
733 1836 809 1879 esse.
858 1816 1072 1881 Quantumvis
1095 1822 1167 1878 tum
1195 1816 1353 1899 Hugones

250 1925 347 2001 atque
370 1918 501 1983 Thomae
523 1919 714 1982 tumultuati
737 1919 812 1998 sint,
837 1919 1042 2002 quantumvis
1064 1919 1104 1981 ab
1127 1919 1167 1981 iis
1190 1919 1350 1997 Pontifex,

251 2023 356 2104 Reges
385 2029 496 2085 tamen
526 2023 709 2105 opposuisse
739 2045 774 2086 se
804 2045 937 2106 semper,
969 2044 1029 2086 nee
1058 2023 1207 2097 inultam,
1233 2023 1284 2086 vel
1313 2045 1351 2088 eo

250 2125 378 2203 saecule,
408 2126 520 2188 tulisse
550 2126 786 2189 contumaciam
816 2148 917 2205 suam,
944 2126 1027 2209 siqui
1053 2125 1208 2189 mandato
1239 2127 1351 2210 Papali
1445 2205 1447 2209 .

250 2228 388 2310 Regium
414 2229 592 2312 Imperium
615 2229 857 2312 posthaberent.
904 2231 1051 2311 Utraque
1081 2228 1181 2311 igitur
1204 2229 1350 2313 quaesivit

249 2330 404 2414 exempla,
421 2339 453 2395 et
470 2333 608 2415 Regum,
627 2332 667 2395 de
686 2333 760 2416 jure
784 2354 842 2396 suo
861 2355 926 2396 non
951 2332 1144 2410 cedentium,
1161 2340 1194 2395 et
1210 2332 1349 2397 Clerico·

248 2456 322 2497 rnm
337 2436 585 2499 contumacium.
634 2436 698 2501 Qui
714 2436 800 2498 enim
816 2435 851 2498 in
866 2436 1044 2498 custodiam
1062 2434 1145 2514 duci,
1162 2436 1215 2518 qui
1238 2457 1348 2499 eorum

248 2537 334 2602 bona
348 2539 425 2602 fisco
441 2538 545 2602 addici
560 2545 720 2622 poterant,
734 2539 797 2602 nisi
810 2540 898 2623 Papa
912 2539 1000 2623 pleni
1015 2547 1086 2602 tum
1102 2539 1168 2602 suis
1182 2539 1235 2602 hie
1251 2541 1347 2623 Regi·

247 2640 308 2704 bus
323 2642 542 2704 restitissent?

279 2792 334 2842 Hos
345 2794 413 2857 ipsos
426 2794 537 2856 quinque
549 2795 705 2856 Anglieanos
720 2809 799 2857 reges,
815 2794 936 2858 quiequid
955 2794 1058 2844 tandem
1076 2796 1183 2858 egerint,
1203 2795 1279 2844 luisse
1297 2794 1347 2845 fide

311 2875 550 2938 Catholieos,nequc
561 2876 866 2938 uuquamabobedientia
877 2876 976 2925 Summi
990 2876 1128 2934 Pontifieis,
1141 2882 1169 2926 ut
1185 2877 1297 2941 supremi
1311 2892 1350 2926 ca·

310 2957 373 3019 pitis
384 2957 510 3017 Ecclesiae,
522 2957 755 3021 defecisse—[Bell.
768 2958 841 3022 Apol.
850 2974 895 3020 pro
903 2957 987 3022 Resp.]
998 2974 1022 3022 p.
1034 2960 1073 3011 73.
1081 2959 1147 3023 [Op.,
1159 2964 1219 3009 tom.
1228 2960 1271 3009 vii.
1283 2961 1329 3009 col.

312 3035 366 3085 745.
380 3033 406 3083 Ο.
416 3034 462 3098 Ι).]

81 3150 169 3216 [Multi
181 3152 226 3202 Re
289 3142 334 3203 At
355 3143 455 3223 Repes
476 3143 526 3204 illi
548 3143 689 3224 putrique,
714 3142 775 3204 etsi
794 3141 830 3203 in
852 3141 921 3205 istis
938 3143 982 3205 sic
997 3144 1148 3207 Pontifici
1163 3144 1204 3207 ad
1219 3145 1346 3228 opposi-

81 3218 317 3332 ffiffloetum
340 3245 471 3324 fuerint,
497 3253 589 3309 erant
611 3255 721 3308 tamen
744 3245 864 3327 alioqui
886 3246 956 3309 sino
974 3247 1072 3311 dubio
1092 3248 1161 3311 boni
1180 3249 1345 3326 Catholici,

82 3347 178 3396 tacita
247 3370 306 3413 nec
332 3371 423 3412 secus
451 3372 548 3432 quam
574 3351 662 3432 Papa
686 3350 722 3411 in
750 3349 904 3432 religione
934 3358 1126 3429 senserunt;
1159 3359 1192 3414 et
1214 3351 1347 3416 insudat

82 3412 164 3476 runt]
246 3452 332 3530 huie,
360 3475 417 3535 per
446 3453 526 3516 duas
556 3454 701 3536 paginas,
725 3459 762 3515 ut
789 3453 835 3514 ita
861 3453 973 3516 doceat
1004 3456 1147 3518 sensisse.
1201 3454 1345 3518 Miratur

127 3553 189 3616 152
251 3555 338 3637 (seio)
364 3556 490 3633 Lector,
512 3556 643 3618 inanem
665 3555 718 3618 hie
735 3554 914 3618 Cardinnlis
937 3578 1075 3640 operam.
1121 3558 1219 3634 Nam,
1242 3557 1278 3619 ni
1300 3558 1346 3620 ita

246 3680 320 3721 cum
346 3659 435 3741 Papa
461 3660 634 3721 sensissent
663 3659 698 3720 in
727 3658 890 3740 religione,
917 3660 1000 3723 nihil
1028 3660 1148 3723 mirum
1177 3661 1274 3742 Papoe
1300 3660 1345 3723 sic

244 3762 429 3844 opposuisse
445 3783 489 3824 se.
528 3762 652 3824 Mirum
667 3766 787 3838 autem,
804 3782 878 3824 eum
894 3763 987 3826 sicin
1004 3764 1159 3846 religione
1175 3762 1343 3840 senserint,

246 3864 331 3947 quod
355 3864 387 3927 ei
407 3871 517 3926 tamen
541 3864 586 3926 sie
610 3885 644 3926 se
668 3865 885 3947 opposuerint.
931 3866 1086 3949 Alioquin
1109 3867 1194 3931 enim
1222 3868 1344 3950 jaceret

244 3976 482 4050 argumentum,
513 3968 605 4050 cujus
633 3967 669 4029 in
699 3988 737 4030 eo
763 3968 809 4030 vis
834 3969 950 4047 omnis,
977 3970 1062 4052 qnod
1089 3970 1125 4033 in
1152 3970 1343 4034 Pontificem

243 4070 361 4153 alioqui
389 4070 465 4133 satis
490 4070 606 4148 devoti,
630 4078 741 4133 tamen
767 4092 858 4133 suam
882 4072 930 4134 illi
954 4073 1179 4136 auctoritatem
1206 4072 1342 4155 Regiam

242 4173 418 4254 mancipari
443 4194 508 4235 non
532 4172 677 4236 tulerint.
725 4172 883 4255 Quodque
908 4175 1024 4252 omnia,
1052 4177 1136 4258 (qum
1161 4175 1205 4237 ibi
1232 4181 1343 4237 narrat

243 4275 334 4357 Rem)
355 4275 453 4338 etiam
466 4275 700 4338 florentissimis
716 4276 881 4340 Pontifieis
896 4277 1002 4355 rebus
1019 4286 1144 4341 constet
1160 4278 1341 4360 contigisse.

241 4379 295 4457 Et,
311 4399 385 4441 eum
400 4378 590 4442 incubarent
604 4379 681 4441 Orbi
696 4379 893 4444 densissimae
908 4402 1048 4444 errorum
1066 4382 1217 4459 tenebrae,
1229 4390 1341 4445 tamen

240 4482 385 4561 celtum,
403 4482 594 4564 Regesillos
610 4482 746 4547 eandem
765 4484 874 4565 (quam
897 4492 1008 4547 noster
1028 4488 1127 4566 nunc)
1146 4493 1339 4567 potestatem
