2910 4926
244 238 289 297 88
558 249 601 298 ΔΙ)
622 238 815 299 ΟΔΕΒῙΝΔΕΙθ
826 237 1039 298 vIilllrIrAIlllllll

250 405 382 470 demum
397 403 601 469 obedientiam
621 405 717 470 hanc.
763 406 819 484 At,
834 427 873 471 eo
890 405 961 490 ipso
980 411 1126 488 tempore
1144 398 1243 486 Papa,
1258 421 1302 466 an
1315 390 1355 465 ui

250 510 356 593 legem
372 529 464 573 suam
478 509 661 593 refigereut,
677 530 721 573 au
737 516 776 573 ut
797 509 938 574 inclusos
951 509 987 571 in
1001 526 1127 572 carcere
1140 505 1297 583 laxarent,
1313 525 1357 568 ιιι

251 618 290 676 ut
302 613 323 677 J
325 612 443 676 esuitns
458 611 500 676 ad
514 633 549 676 se
563 612 754 696 reciperent,
770 634 813 677 an
826 624 865 676 ut
879 613 914 676 in
928 611 980 675 his
994 611 1153 675 obedirent
1168 608 1239 687 sibi,
1254 609 1357 692 impc-

253 723 340 780 trare
354 715 504 800 peterat?
549 712 646 782 Quod
664 716 765 800 igitur
780 715 820 780 de
835 715 1009 780 obedientie
1024 713 1143 792 dixisti,
1159 712 1200 776 ad
1209 731 1358 794 pompam

253 818 349 884 modo
370 817 442 897 fuit,
458 826 492 883 et
513 818 549 881 in
564 838 701 901 pompe:
725 819 799 882 Duc
823 818 858 881 iu
876 819 1068 900 palestram,
1083 815 1177 880 aliter
1202 815 1359 879 annuales

254 922 381 986 senties.
412 921 532 1000 Faciat,
549 921 635 1004 quod
650 923 847 986 Francorum
863 921 945 1004 Regi
959 920 1035 984 fecit
1051 918 1226 1002 Gregorius
1237 916 1358 994 xlvi,

256 1025 366 1089 statim
393 1045 489 1108 quam
515 1024 655 1089 cohibuit
683 1024 887 1088 obedientiam
909 1025 985 1088 Dux
1004 1022 1216 1100 Nioernenois,
1236 1021 1356 1105 (medo)

255 1126 453 1194 modificabit
475 1121 646 1192 nonnihil:
670 1148 740 1208 nec,
766 1135 847 1208 tum,
875 1128 949 1192 sivit
972 1127 1089 1211 deponi
1116 1127 1240 1209 Regem
1263 1145 1358 1189 suum

258 1234 338 1315 (uon
367 1231 517 1296 obstante
545 1231 642 1296 bruto
667 1232 737 1316 ejus
762 1231 920 1313 fulmina)
946 1252 1006 1295 uec
1018 1231 1087 1315 jam
1114 1229 1204 1312 (scio)
1229 1229 1358 1307 sineret,

257 1336 421 1418 deeritque
439 1334 556 1418 (crede)
572 1335 676 1399 officio
690 1335 725 1397 in
737 1335 870 1416 Pupam,
883 1355 924 1398 ne
935 1334 1017 1398 desit
1031 1334 1066 1396 in
1076 1334 1200 1416 Regem
1238 1332 1359 1410 Faciat,

258 1439 343 1523 quod
356 1438 586 1522 Hispaniarum
599 1437 681 1522 Regi
694 1438 793 1522 hujus
804 1438 894 1502 Patri
908 1437 1051 1501 facturus
1066 1437 1172 1501 fuerat
1187 1436 1296 1500 Sixtus
1306 1436 1359 1514 V.,

257 1563 318 1607 uec
333 1540 456 1619 dubito,
473 1541 551 1625 quin
570 1540 683 1605 eadem
697 1541 915 1604 Illastrissimo
929 1541 1013 1604 Dnci
1027 1541 1126 1603 Ferte
1143 1560 1235 1604 mens
1249 1539 1361 1603 futura

258 1645 310 1708 sit.
356 1645 405 1708 Ee
427 1644 455 1707 si
469 1644 540 1708 loco
559 1644 659 1708 semel
676 1665 729 1708 res
752 1644 827 1721 sint,
850 1644 948 1708 osculi
965 1643 1053 1707 illins
1072 1648 1141 1706 tam
1161 1642 1265 1706 suavis
1286 1663 1359 1705 san-

259 1746 334 1811 dalii
349 1746 490 1811 inaurati
503 1745 733 1811 obliviscentur
744 1746 839 1812 illico.
885 1747 980 1814 Quod
995 1746 1072 1815 fecit
1083 1745 1250 1811 Bouifacio
1258 1745 1360 1810 VIII.

260 1851 458 1915 Francorum
481 1850 551 1914 Rex
560 1848 578 1929 ¹,
606 1850 691 1934 quod
714 1848 877 1914 Clementi
892 1849 973 1914 VII.
1006 1849 1238 1933 Hispaniarum
1262 1848 1360 1926 idem,

260 1953 356 2016 simili
371 1974 458 2032 casu,
474 1953 524 2018 vel
540 1952 616 2017 huic
630 1952 749 2017 facturi
764 1960 852 2017 sunt.
891 1952 944 2017 Ad
958 1951 1072 2016 urbem
1088 1951 1269 2030 advenient,
1286 1972 1361 2016 cunr

260 2055 416 2121 comitatu
441 2055 538 2138 louge
561 2055 664 2138 magis
688 2055 888 2140 splendente,
908 2062 1022 2139 utpote
1046 2062 1187 2119 armato:
1212 2054 1362 2119 Scribant

260 2160 295 2222 iu
310 2180 395 2236 eum,
412 2158 439 2222 si
460 2180 527 2223 uon
545 2159 719 2238 Orationes,
735 2167 769 2224 at
783 2160 946 2241 Epictetus
966 2180 1034 2223 uon
1055 2158 1164 2222 minus
1179 2158 1360 2242 elegantes:

262 2263 388 2345 qualem
403 2263 492 2346 legas
504 2262 611 2327 Caroli
625 2260 726 2341 tum¹,
742 2262 783 2326 ad
795 2262 996 2328 Clementem
1005 2264 1137 2346 Papam,
1153 2268 1249 2346 atque
1262 2261 1298 2325 in
1313 2283 1361 2341 ea,

266 2364 362 2449 (quod
385 2371 420 2429 tc
446 2363 535 2429 dabit
561 2365 603 2429 ad
630 2365 792 2448 ruborem)
821 2365 985 2450 objectum
1012 2365 1171 2431 Clementi
1193 2386 1213 2428 a
1234 2365 1360 2444 Carole,

262 2464 477 2531 transmissum
495 2466 536 2531 ab
560 2488 598 2532 eo
619 2469 764 2531 nonnam
785 2469 830 2532 od
848 2469 1064 2532 Morcbienem
1079 2469 1240 2547 Pisoeriae,
1257 2468 1363 2533 Caroli

261 2577 333 2634 tum
348 2569 523 2648 subditum,
536 2578 569 2634 et
580 2571 735 2654 Neapolis
750 2592 927 2654 proregem,
940 2571 1115 2654 offerentem
1126 2572 1181 2634 sub
1190 2573 1364 2652 Apostoliei

263 2674 374 2736 Brern's
385 2674 553 2752 credentia,
560 2673 867 2756 RepniNeopoliteni
875 2676 1090 2738 investituram
1098 2680 1128 2738 et
1130 2675 1364 2755 possessionem,

263 2777 289 2840 si
307 2799 327 2840 ι
346 2776 496 2861 Principe
518 2798 575 2840 suo
597 2776 637 2840 ad
659 2777 825 2842 Pontificis
844 2785 952 2861 partes
973 2778 1173 2842 descisceret.
1218 2779 1365 2861 Cumque

262 2879 460 2944 couscientia
482 2880 586 2944 teucri
610 2901 643 2944 sc
670 2881 819 2946 Marchio
842 2883 988 2965 fingeret,
1008 2903 1051 2946 ne
1073 2881 1107 2946 id
1129 2881 1259 2961 faceret,
1280 2881 1367 2964 quod

262 2985 329 3047 sine
340 2984 514 3047 incursione
529 2984 669 3048 cuminis
683 2985 761 3047 lesa
776 2985 959 3066 Mejestetis
973 2985 1043 3049 fieri
1056 3006 1125 3048 nou
1142 2992 1269 3068 posset:
1292 3005 1364 3068 per·

294 3126 406 3190 ¹¹[Vida
424 3126 521 3177 'l'huan
533 3126 603 3177 Hie
614 3127 660 3178 lib.
670 3128 709 3188 ‚ci
721 3143 793 3194 capp.
837 3129 982 3180 efferentem
1008 3129 1054 3180 sub
1077 3128 1248 3193 cujusdsmrl
1295 3129 1367 3179 tolici

264 3195 301 3242 ll.
312 3194 350 3242 16.
364 3195 402 3242 18.
415 3197 477 3242 tem.
486 3209 509 3241 v.
541 3207 564 3256 p.
577 3196 616 3242 66.
628 3196 667 3244 68.
677 3194 716 3244 70.
839 3193 912 3244 Brevi
925 3195 1054 3246 credentia
1065 3194 1146 3256 Regni
1158 3195 1238 3243 nestri
1277 3195 1368 3257 capoli-

296 3255 301 3288 ¹
325 3257 407 3321 [Vide
429 3257 493 3307 Plat.
532 3259 561 3307 it.
580 3257 793 3322 Bonif.vl1.p.
837 3261 893 3336 tuni
910 3261 1095 3334 investituram,
1106 3264 1132 3336 et
1143 3259 1333 3335 pemassienem,
1345 3261 1366 3307 si

263 3321 453 3452 2⁴¹?'][“Qualin
471 3390 557 3437 sulem
575 3386 673 3437 fuerint
688 3403 794 3451 eaquae
837 3324 1025 3438 qqppnpppspllqp
1041 3322 1369 3453 {cubicibtrbbbbriateqigrbibdg

264 3451 379 3502 Marchie
401 3452 536 3502 Pisohariae
558 3453 587 3502 iu
610 3453 691 3503 nostrl
713 3459 795 3503 status
837 3453 919 3502 eidem
931 3453 1074 3503 Marchieui
1085 3454 1167 3515 magis
1177 3452 1282 3512 affectis,
1290 3457 1369 3503 trans

263 3515 445 3567 detrimentum
461 3517 596 3580 jsctareet
611 3522 718 3568 tractare
730 3517 794 3568 dica
838 3518 887 3567 iret
904 3522 979 3581 atqua
999 3519 1166 3580 transfugeret
1188 3553 1194 3566 .
1218 3553 1225 3566 .
1248 3554 1255 3566 .
1278 3517 1369 3567 Finxit

264 3582 356 3631 batur.
374 3617 380 3631 .
398 3617 405 3631 .
423 3582 610 3645 comprobanda
627 3598 665 3632 res
682 3584 731 3633 crit
749 3598 795 3646 per
837 3582 951 3633 biarchis
963 3598 988 3632 se
1001 3588 1148 3633 contentum
1165 3582 1205 3632 his
1216 3597 1334 3642 annuere,
1345 3583 1368 3631 si

264 3646 345 3708 ipsius
363 3646 518 3697 Marchionis
538 3647 700 3711 literaeque
718 3662 795 3711 panas
837 3646 865 3695 id
890 3662 947 3697 cum
971 3647 1073 3705 honore,
1097 3648 1152 3696 siue
1174 3648 1275 3696 incursu
1301 3648 1368 3696 lesan

264 3724 310 3758 uos
324 3716 456 3760 servantur
466 3746 473 3760 .
485 3747 492 3760 .
504 3746 510 3759 .
523 3710 620 3768 Quibus
636 3712 698 3760 satia
708 3716 794 3774 aperta
837 3711 978 3774 majestatis
988 3713 1079 3775 exequi
1097 3711 1201 3763 liceret.
1214 3749 1220 3760 .
1233 3749 1239 3762 .
1253 3711 1295 3762 Ad
1303 3711 1369 3761 hauc

264 3774 393 3836 delegitur
410 3776 493 3838 ipsum
516 3775 651 3825 Pisclrariae
672 3775 795 3825 Marchie
837 3775 967 3826 fictionem
978 3780 1060 3840 magis
1071 3776 1229 3826 colorandam
1238 3777 1369 3826 habuitcx

264 3853 323 3886 nem
333 3853 384 3887 nou
395 3838 432 3888 ita
442 3840 538 3902 proprii
553 3839 691 3889 houodsac
703 3841 794 3890 cousci-
838 3841 899 3890 urbe
910 3842 1045 3891 consilium
1064 3843 1210 3905 peritorum,
1223 3857 1273 3904 quo
1284 3840 1369 3891 eidem

263 3903 340 3951 entiae
357 3904 532 3953 immemorem
549 3905 624 3954 fuisse
646 3903 795 3967 quodque
838 3904 980 3955 Marchieui
996 3906 1199 3970 persuadebatur,
1216 3906 1324 3955 cundem
1336 3907 1368 3955 li·

263 3982 340 4028 quam
362 3969 391 4015 in
412 3974 494 4017 elutus
512 3969 593 4018 nestri
613 3968 795 4018 detrimentum
839 3971 889 4019 eila
905 3985 984 4034 posse,
1000 3987 1029 4021 ac
1045 3973 1099 4020 siue
1116 3971 1219 4021 honoris
1235 3986 1278 4020 ssu
1289 3971 1370 4020 fideli-

263 4031 348 4079 moliri
371 4036 473 4095 cuperet
555 4033 667 4083 Marchio
688 4034 742 4097 ipse
762 4034 793 4083 ad
840 4035 901 4084 latis
917 4037 1039 4098 praestitae
1058 4037 1170 4094 laesione,
1188 4051 1231 4085 seu
1252 4036 1370 4099 praejudi-

263 4110 318 4146 enm
330 4097 481 4159 tragaediam
494 4103 602 4159 secatus,
614 4098 733 4148 simulata
745 4099 794 4148 tide
838 4101 885 4160 cio,
902 4101 1005 4164 sineque
1022 4102 1129 4150 crimine
1145 4101 1212 4150 loesae
1229 4102 1370 4164 mqjestutis

263 4161 291 4209 in
309 4175 364 4209 cam
382 4176 442 4211 cous
460 4162 595 4212 irationem
617 4178 675 4212 cum
695 4165 794 4213 caeteris
837 4165 864 4212 in
877 4170 960 4227 partes
974 4165 1070 4215 Vestrae
1088 4165 1237 4216 sanctitutis
1247 4171 1369 4228 tauquam

262 4225 333 4274 illius
349 4177 493 4275 auctoribus
510 4229 646 4277 convenit.
659 4264 665 4276 .
677 4264 684 4277 .
696 4243 754 4277 cum
766 4230 794 4277 iu
836 4230 946 4292 supremi
957 4229 1055 4279 domiui
1064 4231 1134 4279 illius
1142 4235 1216 4279 terroe
1228 4229 1368 4292 transire.’']

261 4289 304 4339 his
315 4289 411 4340 Vestra
420 4291 794 4356 Sanctitatispriucipuliscssct
836 4295 944 4356 —Apol
961 4309 1007 4357 pre
1024 4295 1112 4344 Carolo
1130 4296 1231 4353 Quinto.
1251 4295 1320 4357 [Car.
1336 4294 1368 4344 V.

261 4356 406 4416 aucteritas,
415 4355 601 4420 audirissalque
610 4356 793 4407 Marchiouuu-
837 4357 958 4421 llescripl.
969 4359 1001 4408 ad
1010 4360 1150 4409 Clcm.Vll.
1164 4359 1368 4418 criminationes,

261 4420 330 4469 cium
345 4420 419 4470 adid
437 4421 792 4485 pervestmmfluuctitatam
836 4428 896 4473 sect
919 4426 958 4473 20.
985 4424 1053 4486 apud
1081 4424 1155 4475 Cold.
1179 4424 1264 4475 Cenat
1295 4423 1369 4489 imp,

262 4485 446 4547 transmissum,
463 4485 546 4538 cidem
563 4486 602 4537 sui
620 4490 698 4551 parte,
709 4493 739 4537 ut
749 4488 794 4551 ait,
838 4492 898 4538 tom.
909 4487 925 4537 i.
937 4489 1042 4552 pleb]
