2910 4926
463 277 646 327 Aseraeus
667 276 849 326 ursvousro.
1146 263 1209 324 215
1274 318 1279 335 ,

109 433 200 518 ponit
223 435 303 512 Rex,
324 434 364 497 de
386 433 426 497 iis
441 433 504 497 duo
519 454 580 496 ooo
602 434 682 496 sotis
705 452 770 495 esse
785 430 966 496 Cardinalie
987 430 1115 515 excipit.
1161 433 1211 496 De
1282 473 1285 479 ·

111 539 258 602 Coocitiis
286 546 359 623 post
388 538 511 602 videbo.
567 539 618 602 De
644 538 809 619 Syoibotis,
839 536 874 600 id
904 558 1022 620 quaero,
1050 537 1211 620 quodnam

108 642 207 706 habet
223 643 402 708 Cardiualis
418 650 573 726 quartum,
588 642 641 706 cui
657 644 721 705 trio
736 643 813 706 satis
828 664 895 706 non
910 642 1012 707 suut?

143 794 246 847 Scimus,
262 793 418 857 Pelagianos,
436 798 463 844 ot
479 793 660 844 Monothelitas
672 828 678 840 .
690 829 696 842 .
710 829 715 841 .
727 792 860 843 haereticos
877 807 938 852 esse,
955 797 981 843 et
999 795 1085 842 minen
1096 829 1102 841 .
1114 828 1121 842 .
1135 792 1212 844 ‚reei-

173 876 250 938 piunt
259 875 403 939 Scripturas
418 875 564 937 Oenonioes,
582 876 633 925 tria
648 874 776 937 Symbola,
792 879 819 925 et
829 880 937 938 quatuor
954 874 1038 938 prime
1048 873 1169 933 Concilio,
1185 878 1212 924 et

173 957 260 1007 Patres
277 958 418 1022 primorum
440 956 682 1020 quadringentorum
698 971 822 1007 annorum
845 956 963 1021 [minime
982 955 1211 1020 spernunt—Bell.

174 1041 248 1104 Apol.
255 1056 301 1104 pro
308 1040 393 1105 Rosp]
409 1056 434 1105 p.
447 1044 486 1091 80.
506 1041 576 1106 [Op.,
589 1045 651 1090 tom.
662 1039 706 1089 vii.
719 1039 765 1089 col.
778 1040 834 1090 vla.
847 1038 874 1088 Ο.
886 1038 932 1102 Ι).]

154 1139 218 1204 Sed
236 1141 404 1223 Pelopiooi
426 1146 456 1203 et
478 1141 692 1202 Monothetitoe
713 1139 868 1219 rccipiunt
894 1138 1033 1201 Concilio
1059 1144 1212 1220 qrsotoor;
1226 1145 1262 1210 [et
1285 1160 1343 1223 quas

109 1249 183 1319 tum,
194 1244 310 1306 Patres
318 1245 494 1324 priscorum
505 1244 740 1325 qeiopeotoram
755 1263 905 1305 onomata
916 1243 1040 1304 minime
1053 1247 1212 1323 moneat.
1224 1219 1377 1339 ffici'ffi‘

110 1346 160 1409 De
176 1345 355 1427 Pelagisnis
370 1345 505 1409 falsum:
532 1366 593 1409 nec
607 1345 704 1409 modo
718 1345 767 1423 iis,
786 1344 840 1428 qui
856 1352 931 1408 ante
947 1344 1011 1409 duo
1026 1344 1066 1407 de
1081 1351 1215 1427 quotuor

114 1448 260 1511 Concitis's
275 1449 490 1512 exstiterunt:
514 1447 570 1511 sed
586 1448 625 1512 de
640 1447 770 1532 reliquis
785 1447 858 1526 illis,
874 1470 945 1530 quae
956 1447 1104 1531 Prosperi
1119 1453 1213 1510 aetate

111 1550 243 1614 fuerunt
258 1557 291 1614 et
306 1550 487 1633 Fulgentii:
511 1551 535 1613 ii
554 1551 661 1630 (mitto
677 1550 716 1613 de
728 1550 891 1632 Conciliis)
909 1551 972 1614 nisi
981 1550 1212 1633 Augustinum,

109 1652 173 1717 nisi
195 1654 433 1737 Hieronymum
460 1653 661 1736 sprevissent,
684 1653 851 1736 Pelagiani
872 1675 941 1717 esse
962 1675 1031 1717 non
1052 1660 1212 1736 poterant.

114 1756 165 1818 De
177 1755 412 1831 Monothelitis,
423 1755 484 1832 vel,
494 1762 568 1838 post
581 1755 774 1839 Scripturas,
785 1757 919 1819 Patrum
931 1755 1023 1819 nobis
1034 1755 1153 1838 scripta
1164 1761 1213 1817 sat

112 1879 180 1922 esse
196 1858 325 1935 debent,
341 1858 401 1936 vel,
419 1858 496 1942 quid
510 1858 603 1922 nobis
617 1858 763 1921 futurum
779 1859 830 1937 sit,
846 1858 965 1922 nescio.
1008 1859 1051 1921 Os
1066 1861 1146 1921 enim
1161 1857 1214 1921 hic

110 1960 255 2023 Pastoris
269 1962 379 2022 summi
391 1961 557 2024 consulere
572 1983 638 2024 non
653 1982 831 2043 possumus,
845 1960 899 2042 qui
914 1961 982 2043 ipse
994 1960 1215 2024 Monothelita

110 2071 180 2141 est3
204 2064 296 2147 eique
311 2071 468 2148 tanquam
485 2065 648 2128 Haeretico
663 2063 892 2128 Monothelitae
906 2064 941 2128 in
957 2065 1110 2128 Consiliis
1125 2066 1213 2128 Ano-

110 2168 396 2245 themodictum13
422 2177 459 2230 ut
479 2168 557 2231 satis
572 2168 666 2232 nobis
687 2189 756 2231 esse
775 2175 931 2251 oporteat,
949 2169 1034 2251 quod
1051 2167 1215 2232 Cardinali

114 2270 192 2333 satis
207 2292 274 2333 non
289 2277 357 2346 cst3
385 2279 423 2334 ut
438 2292 552 2353 parum
567 2270 620 2334 hic
629 2278 812 2355 opportuna
825 2270 924 2334 fuerit
939 2271 978 2334 de
988 2270 1215 2335 Monothelitis

114 2374 246 2437 mentio.

145 2508 182 2558 Ut
192 2509 269 2559 etiam
287 2509 334 2558 hoc
350 2513 464 2573 tempore
475 2509 558 2559 Graeci
574 2510 603 2558 in
619 2510 725 2559 articulo
736 2509 768 2560 de
785 2509 941 2572 processione
949 2507 1060 2572 Spiritus
1071 2508 1158 2560 Sancti
1170 2545 1176 2558 .
1188 2545 1195 2559 .
1209 2545 1216 2558 .

175 2590 289 2639 haeretici
309 2590 549 2656 habentur—[Bell
568 2591 642 2654 Apol.
668 2605 715 2654 pro
734 2590 822 2656 Resp]
840 2606 865 2654 p.
878 2592 917 2641 80.
935 2589 1002 2655 [Op.,
1020 2595 1082 2640 tons.
1101 2591 1144 2640 vii.
1167 2590 1214 2639 col.

178 2671 233 2721 tle.
251 2669 294 2734 D.]

158 2770 209 2833 De
235 2769 357 2833 Graecis
385 2769 520 2843 itidem;
552 2768 578 2832 si
605 2769 717 2834 Patres
741 2770 890 2853 antiquos
913 2777 1116 2848 venerentur,
1143 2770 1215 2852 (nec
1228 2790 1379 2904 personae

113 2882 242 2936 nostros
258 2871 297 2935 de
314 2871 502 2949 Occidente,
527 2873 583 2936 sed
604 2873 688 2955 suos)
707 2894 774 2936 non
789 2881 921 2957 possent
935 2896 1002 2937 non
1023 2875 1061 2936 de
1077 2874 1216 2955 Spiritus
1246 2852 1360 2918 arctici]

113 2977 224 3039 Sancti
231 2977 430 3057 processione
448 2976 577 3052 sentire,
593 2985 631 3040 ut
647 2975 850 3040 Orthodoxos
864 2998 923 3060 par
938 2984 998 3040 est.

144 3126 235 3184 Qusero
245 3141 261 3176 a
271 3125 347 3188 Rege,
360 3141 405 3175 cur
421 3131 528 3188 quatuor
541 3130 642 3176 lantum
658 3127 742 3190 prime
754 3126 867 3177 Concilio
885 3129 1013 3190 generalis
1028 3129 1134 3191 recipitl
1167 3127 1218 3178 Cur

176 3221 229 3256 non
240 3208 358 3269 quintum
370 3208 455 3266 etiam,
473 3212 583 3269 sextum,
599 3209 744 3271 septimum,
761 3213 886 3268 octavum,
899 3214 945 3258 etc.
954 3209 1076 3274 l-[Boll.
1088 3209 1162 3273 Apol.
1170 3224 1216 3273 pro

179 3288 263 3352 Resp]
281 3303 305 3351 p.
317 3290 356 3338 81.
375 3288 441 3353 [Op.,
453 3294 514 3338 tom.
524 3289 567 3337 vii.
580 3289 626 3338 col.
639 3289 694 3340 750.
707 3289 750 3352 5.]

155 3387 290 3465 Verum,
309 3388 372 3449 Gur
387 3392 520 3468 quotuor
535 3387 769 3468 tontumprimo
788 3387 927 3450 Concilio
942 3394 1109 3451 coneretur
1120 3389 1216 3450 Res?
1229 3401 1382 3514 &Posteriora

115 3490 232 3554 Quaere
260 3489 295 3552 id
324 3511 343 3552 a
370 3489 535 3571 Gregorio,
566 3488 631 3571 qui,
661 3489 789 3552 temetsi
819 3496 892 3572 post
929 3490 1078 3572 quintum
1106 3489 1214 3567 fuerit,
1229 3466 1383 3581 mssssfflssh„

113 3599 223 3655 tamen
238 3598 372 3673 quotuor
386 3591 483 3655 modo
496 3593 605 3673 poma
620 3590 741 3655 honore
756 3591 818 3655 hoc
833 3591 986 3674 dignatus
1001 3598 1080 3655 esta
1119 3591 1216 3674 Mag·
1228 3593 1331 3659 bena]

145 3774 317 3838 ¹[Houorius
331 3775 350 3824 1.
374 3791 408 3824 sc.
432 3776 459 3824 in
479 3775 553 3824 (lonc.
578 3775 640 3826 Gen.
685 3775 807 3839 quadrato
815 3775 908 3839 lapide,
917 3779 1011 3825 sanctie
1023 3775 1083 3826 fidei
1091 3780 1218 3826 structura

113 3845 185 3889 sexto
204 3839 241 3902 (0.
260 3840 287 3889 P.
302 3840 350 3903 iii.)
375 3843 432 3888 Aci.
452 3841 508 3888 xiii.
528 3840 642 3889 condem·
685 3841 775 3903 surgit,
787 3845 813 3889 et
824 3841 1031 3904 cirjuelibetvitae
1048 3846 1124 3903 atque
1141 3842 1217 3890 actio·

113 3903 304 3953 natus-Cone.
316 3911 377 3952 tom.
386 3906 418 3952 vi.
431 3904 476 3952 eol.
488 3905 542 3953 943.
552 3905 579 3952 ll.
591 3919 642 3966 seq.
685 3906 726 3953 nis
734 3905 830 3962 existit,
838 3906 953 3968 quisquis
963 3919 1049 3954 eorum
1061 3905 1217 3955 soliditatem

115 3968 182 4017 Vide
196 3968 328 4030 quoquell
347 3969 387 4017 iet
405 3969 500 4017 'lamii
519 3973 545 4016 et
563 3968 643 4031 Septi·
686 3984 737 4018 non
749 3974 826 4028 tenet,
834 3970 912 4019 etiem
924 3970 945 4017 si
957 3969 1022 4032 lapis
1033 3983 1086 4019 esse
1097 3971 1217 4029 cernitur,

114 4047 164 4081 mee
190 4032 286 4094 Synodi
366 4032 540 4096 imperatores.
568 4032 642 4082 (lonc.
686 4038 772 4082 umen
789 4037 863 4083 extra
879 4032 1017 4082 aedilicium
1032 4034 1107 4096 jacet
1142 4034 1219 4091 Quin·

114 4096 173 4146 Nic.
184 4097 211 4145 ii.
229 4099 286 4146 Act
297 4096 450 4147 vii—Cone.
465 4102 527 4146 tom.
539 4097 585 4147 vii.
596 4097 641 4148 col.
686 4101 742 4146 turn
763 4112 811 4159 quo
830 4112 860 4146 uo
876 4097 1019 4147 Concilium
1034 4099 1130 4162 pariter
1147 4112 1218 4146 venc-

115 4163 170 4211 581.
183 4159 233 4273 A&
688 4161 806 4211 ror.''-S.
840 4176 891 4223 reg.
904 4161 993 4211 sulib.
1002 4162 1018 4210 i.
1028 4160 1075 4225 Ep.
1083 4177 1142 4210 xxv.
1161 4161 1217 4224 Op..

146 4233 157 4264 l
178 4224 204 4288 [⁸¹
235 4225 288 4274 icut
298 4226 378 4274 sancti
390 4224 522 4286 Evangelii
539 4228 646 4287 quatuor
688 4226 782 4274 tom.ii.
794 4226 840 4275 col.
850 4228 904 4275 515.
917 4225 946 4274 Β.
955 4224 982 4275 C.
999 4225 1056 4274 “lit
1066 4227 1102 4274 sic
1111 4230 1219 4287 quetuor

114 4289 200 4347 libros,
217 4290 254 4338 sic
269 4294 376 4351 quatuor
388 4289 502 4338 Concilio
520 4291 645 4351 suscipere
688 4289 797 4352 synodos
816 4295 910 4339 sanctae
928 4289 1077 4339 universalis
1092 4288 1219 4348 Ecclesiae,

115 4359 141 4402 ot
152 4354 265 4401 venerari
283 4367 324 4402 me
341 4354 438 4403 fateor.
451 4390 457 4402 .
471 4389 477 4401 .
490 4388 496 4400 .
509 4357 563 4402 tote
573 4353 645 4403 dero
688 4354 755 4403 sicut
772 4359 879 4416 quatuor
895 4354 974 4403 libros
986 4353 1067 4403 sancti
1079 4352 1212 4415 Evangelii

115 4419 184 4467 tione
202 4418 362 4479 complector,
379 4418 543 4479 integerrime
558 4432 645 4479 appro
689 4418 935 4482 recipimus.”—Lib.
948 4418 985 4466 iii.
1007 4417 1063 4466 Ind.
1081 4417 1115 4465 xi.
1134 4416 1181 4481 Ep.
1194 4432 1219 4466 x.

115 4482 216 4530 batione
229 4480 342 4531 custodio
349 4498 356 4540 ;
367 4482 427 4544 quia
438 4482 465 4531 in
477 4481 524 4543 his,
537 4482 646 4534 velutin
690 4481 755 4531 lbid.
767 4483 814 4534 col.
827 4486 882 4533 532.
895 4482 926 4531 l).
934 4481 975 4545 la]
