2910 4926
459 281 640 330 smroonu
662 282 844 330 nesronsio.
1148 263 1209 326 137

104 452 196 496 suam
212 438 314 512 curet,
327 454 396 496 rem
410 433 455 498 ibi
471 435 612 500 divinam
627 436 734 516 faeiat,
744 436 907 520 praedicet,
919 433 1071 519 baptizet,
1087 453 1209 496 sacmm

104 538 241 621 synaxin
267 539 425 616 celebret3
460 541 541 604 Haec
565 542 652 624 oripo
674 548 733 620 est,
753 548 786 605 et
808 540 973 616 institutio,
997 539 1069 603 baec
1084 536 1209 619 anesio

106 641 365 705 Paroeciensium.
411 645 462 707 Ex
480 644 645 708 accidente
667 645 792 728 reliqua
807 651 903 707 sunt:
928 643 1033 707 Multi
1048 642 1124 720 sint,
1142 641 1208 705 sint

104 745 208 829 pauci,
219 745 314 809 aliern
325 745 376 809 vel
387 748 611 811 intitutionem
622 747 872 830 velfunctionem
883 769 949 811 non
957 746 1089 811 habent.
1112 745 1210 810 Ultra

105 870 177 912 eam
193 850 221 912 si
241 849 317 913 elati
338 860 424 928 sunt,
445 852 489 934 (et
504 851 683 935 prodigiose
706 852 835 935 quidem
852 857 928 915 sunt
944 851 1031 933 elati)
1050 870 1207 913 annume-

105 952 200 1015 randi
218 960 289 1016 tum
312 954 359 1017 eis
375 962 462 1033 sunt,
479 976 558 1037 quos
575 955 595 1017 J
598 955 676 1018 udas
691 955 866 1038 Apostolus
880 954 1036 1038 perhibet,
1052 950 1096 1034 μὴ
1112 952 1208 1038 τηρῆ-

106 1079 166 1119 σαι
180 1055 238 1135 τὴν
253 1054 373 1120 ἑαυτῶν
387 1052 492 1144 ἀρχὴν
501 1068 523 1138 8,
539 1079 601 1122 non
613 1079 754 1121 sanasse
768 1080 820 1122 eos
839 1059 989 1140 oripirrem
1003 1057 1209 1120 irutitutionis

105 1180 179 1223 suoe.

139 1304 188 1355 Sed
200 1310 287 1370 postes
297 1312 455 1358 excrescente
466 1308 802 1372 nimiumPresbpteroi-um,
813 1313 839 1359 et
850 1309 1019 1359 Diaconornnr
1033 1305 1208 1364 multitudine,

172 1387 295 1450 paninum
315 1389 368 1438 haec
384 1390 480 1439 iunctio
497 1390 530 1440 sd
547 1405 639 1454 paucos
655 1391 756 1440 reducta
772 1397 817 1441 est
852 1391 893 1441 lta
909 1391 983 1454 pauci
999 1389 1038 1439 illi
1056 1403 1131 1452 super
1146 1389 1210 1438 elios

171 1469 282 1519 eminere
293 1474 430 1533 eoeperunt
443 1476 471 1520 nt
483 1470 637 1532 Cardinslcs,
648 1471 675 1520 id
686 1476 732 1532 est,
744 1473 897 1535 principales
908 1471 1045 1536 [Episcopi
1058 1468 1209 1531 Presbyteri,

172 1555 198 1600 et
215 1551 339 1616 Dipoeni]
356 1558 432 1617 atque
447 1554 510 1603 adeo
522 1553 653 1618 Principes
664 1553 834 1604 Ecclesiastici
847 1554 905 1617 jure
921 1552 973 1603 dici
989 1550 1208 1616 possent-[bell.

173 1632 247 1695 Apol.
256 1647 301 1696 pro
309 1632 394 1698 Resp]
404 1650 428 1698 p.
437 1637 476 1685 38.
489 1635 555 1699 [Op.,
567 1639 628 1685 tom.
636 1636 680 1684 rii.
693 1635 738 1686 col.
747 1634 802 1687 726.
816 1634 856 1699 R]

152 1748 235 1812 Cum
261 1749 305 1810 act
321 1771 439 1830 paucos
461 1752 533 1814 illos
548 1754 707 1834 paabrtirn
729 1753 861 1830 redacti,
882 1772 955 1815 cum
979 1749 1135 1834 paulatim
1156 1769 1208 1812 su·
1222 1748 1358 1826 [⁸0⁶9ssss

103 1872 169 1932 pra
192 1858 317 1915 ceteros
339 1855 472 1917 eminere
494 1861 658 1936 ceperunt,
675 1877 749 1919 cnm
765 1855 868 1938 primo
883 1855 1082 1935 Principales
1103 1853 1209 1928 modo,
1222 1819 1374 1928 iffiiff

108 1962 179 2037 post
209 1955 258 2037 (ut
284 1955 342 2037 ais)
369 1957 535 2038 Principes
557 1959 653 2036 facti;
679 1964 798 2040 prater
816 1977 971 2039 supraque
996 1956 1127 2037 oripinis
1147 1943 1300 2017 suam-l

107 2062 270 2139 rationem,
293 2064 450 2143 paulatim
475 2063 614 2146 quidem,
642 2063 700 2127 sed
723 2085 790 2127 non
808 2064 972 2145 paululum
995 2061 1096 2124 evecti
1122 2066 1209 2123 sunt.

109 2164 244 2227 Factum
260 2173 370 2228 narrat
385 2166 575 2231 Cardinslis.
606 2169 683 2230 Rern
698 2168 743 2229 ad
751 2188 872 2248 paucos
887 2168 1059 2229 redactam.
1085 2166 1211 2227 Paucos

108 2270 180 2332 illos
200 2290 294 2350 super
313 2271 449 2352 reliquos
472 2273 604 2335 eminere
627 2273 772 2353 cupisse:
808 2272 855 2334 itu
875 2271 1018 2348 eminere,
1033 2275 1069 2332 ut
1084 2269 1211 2331 Princi-

102 2375 204 2455 pales,
221 2379 313 2456 atque
329 2375 405 2436 adeo
421 2376 587 2457 Principes
611 2376 810 2438 dicerentur:
836 2375 910 2439 Quo
929 2375 1002 2459 jure
1024 2373 1157 2451 factum,
1173 2379 1212 2436 ut

107 2477 155 2540 ita
173 2480 282 2559 pauci,
310 2479 355 2543 sic
378 2500 472 2561 super
496 2466 641 2563 reliquos,
664 2480 712 2543 ita
737 2480 908 2560 Principes,
937 2500 1004 2541 non
1026 2485 1147 2556 namet,
1169 2498 1211 2540 ne

107 2589 215 2665 potest
227 2581 366 2664 quidem.
391 2582 577 2646 Ambitione
589 2584 675 2647 enim
689 2582 773 2646 sola:
788 2583 865 2664 jure
880 2581 981 2644 nullo.
1005 2582 1083 2644 Non
1092 2586 1212 2662 prater

108 2687 261 2749 rationem
276 2687 384 2768 itaque
400 2693 495 2769 atque
502 2688 560 2769 jus
575 2687 710 2770 cogendi
725 2687 760 2750 in
776 2686 932 2765 ordinem,
949 2694 981 2750 et
996 2685 1036 2749 ud
1047 2685 1140 2749 initia
1154 2706 1212 2748 sua

110 2789 217 2852 denuo
243 2789 423 2867 revocandi,
447 2811 508 2853 nee
528 2791 686 2871 paulatim
701 2797 831 2853 tamen:
861 2791 1038 2872 (momento
1053 2788 1134 2852 cinis
1149 2789 1206 2851 fiat

111 2893 164 2975 qui
181 2892 235 2955 din
251 2893 340 2977 sylva
353 2893 371 2976 ε)
402 2893 534 2971 Saltem,
550 2893 661 2957 altiore
681 2893 752 2957 loco
775 2913 817 2955 ne
840 2892 907 2956 sint
923 2893 1002 2977 jam,
1018 2892 1069 2954 vel
1084 2890 1210 2974 spiritu,

111 3017 209 3078 quam
230 2995 284 3079 qui
304 2996 344 3059 sb
360 2997 493 3081 antiquo
507 2996 661 3080 paroeeias
676 2997 747 3059 illas
762 2995 929 3074 curabant,
945 3015 1079 3078 quarum
1095 2993 1130 3057 hi
1141 2994 1211 3078 jam

115 3101 222 3163 titulos
237 3106 363 3184 gerunt.

143 3234 181 3285 De
199 3235 345 3298 equalitate
363 3251 421 3285 enm
434 3235 544 3298 Regibus
559 3233 765 3298 distinguendum
784 3232 857 3298 [esse]
871 3247 974 3292 censeo;
991 3231 1068 3293 Nam,
1084 3232 1106 3281 si
1122 3231 1153 3282 de
1170 3247 1211 3296 po

174 3321 266 3366 testae
288 3317 422 3381 temporali
443 3332 525 3366 mnne
547 3317 589 3375 sit,
607 3350 614 3365 .
631 3351 637 3364 .
655 3351 661 3364 .
680 3315 777 3378 opibus,
797 3351 802 3364 .
819 3350 825 3362 .
844 3349 850 3363 .
868 3315 953 3374 armis,
971 3313 1077 3362 dubium
1097 3327 1148 3362 non
1165 3318 1212 3372 est,

176 3399 238 3462 quin
255 3398 336 3462 Reges
350 3399 425 3462 longe
441 3435 447 3447 .
465 3437 471 3448 .
489 3436 496 3448 .
514 3396 690 3448 Cardinalibus
706 3399 845 3459 praestent:
862 3395 883 3444 si
895 3395 927 3444 de
942 3398 1066 3457 potesate
1083 3394 1212 3457 spirituali

178 3516 184 3530 .
202 3517 209 3530 .
227 3517 233 3530 .
251 3487 348 3543 agatur,
365 3496 417 3530 non
433 3480 498 3531 solos
515 3478 668 3536 cardinales,
685 3477 728 3526 sed
745 3491 833 3526 ornnes
849 3475 994 3540 Episcopos,
1006 3474 1175 3537 Presbyteros,
1185 3478 1213 3524 et

176 3561 307 3622 Diaconos,
326 3562 438 3624 Regibus
452 3561 590 3623 superiores
606 3558 774 3623 esse-[Bell
791 3557 865 3622 Apol.
884 3572 929 3622 pro
946 3555 1032 3620 Resp]
1050 3570 1075 3619 p.
1088 3558 1127 3607 38.
1145 3555 1213 3621 [Op.,

176 3647 237 3693 tom.
248 3645 292 3693 rii.
304 3645 350 3693 col,
362 3644 376 3694 7
379 3645 417 3693 26.
431 3641 469 3706 0.]

154 3752 384 3833 AEpualitatern
408 3751 448 3813 ad
475 3751 579 3832 Reges
601 3755 638 3812 ut
669 3749 818 3832 abneget,
842 3745 959 3810 adduci
987 3768 1054 3810 non
1081 3751 1189 3830 potest
1200 3769 1211 3823 3
1228 3769 1328 3835 [cardi-

112 3854 237 3918 mollire
253 3863 362 3919 tamen
377 3854 493 3917 nititur
509 3854 763 3916 distinctiuncula
787 3851 935 3935 quadam,
952 3851 1050 3912 armis
1070 3848 1214 3932 opibusve
1226 3834 1368 3950 fflfflssl‘

108 3967 262 4040 praestare
283 3960 392 4042 Repes,
414 3979 452 4021 ac
476 3963 633 4039 potestate
655 3956 828 4038 temporali,
852 3954 885 4017 id
910 3953 995 4037 quod
1025 3952 1212 4017 cardinales
1226 3965 1320 4029 parm]

111 4063 246 4128 fortasse
263 4064 347 4127 male
364 4063 474 4126 habet.
520 4062 664 4144 AEquum
687 4061 783 4139 enim,
801 4066 849 4138 ut,
874 4058 928 4141 qui
949 4060 1111 4140 spirituali
1132 4078 1212 4141 prse-

112 4173 210 4247 stant,
234 4174 388 4250 praestent
416 4173 449 4230 ct
476 4165 649 4246 temporali.
694 4165 741 4228 At
761 4168 918 4245 potestate
939 4163 1102 4244 spirituali
1123 4181 1212 4243 supe·

110 4274 211 4335 riores
226 4273 361 4354 Rapidus
379 4271 573 4334 Cardinales.
619 4268 711 4333 Adeo
732 4269 786 4331 hic
802 4288 927 4351 quoque
942 4266 1063 4343 infelix,
1075 4272 1113 4329 ut
1129 4265 1212 4329 solos

112 4374 298 4440 cardinales
308 4396 373 4438 non
387 4374 499 4459 possit,
510 4371 573 4436 nisi
582 4393 655 4437 eum
665 4373 730 4434 illis
741 4391 866 4455 quoque
876 4371 972 4434 totius
984 4370 1068 4432 Cleri
1083 4367 1214 4432 caudam

525 4511 536 4543 Ι
553 4501 599 4565 Ep.
611 4501 626 4551 J
630 4500 685 4551 udae
697 4515 759 4550 vers.
772 4503 794 4548 6.
