2910 4926
434 283 617 333 saomomn
639 282 820 334 sssronsro.
1115 269 1180 332 317

119 436 195 502 Erit
210 437 404 503 Antichristi
418 439 574 504 adventus
589 441 623 503 in
636 441 735 523 myreis
749 437 968 502 mmedaeibaes:
991 438 1098 522 qualia
1112 444 1179 501 tam
1193 447 1283 526 [signa
1293 448 1344 525 ιιι·

78 543 184 606 multa
197 542 232 606 in
247 544 385 625 Papata,
400 551 438 607 ιιι
458 551 534 607 eant
548 544 583 607 in
597 542 696 608 libros
713 542 807 607 molis
827 563 963 625 magnae.
1008 542 1180 606 Mendaeia
1192 513 1344 642 ffifflm]

77 645 195 710 merito
218 645 308 725 dixit,
331 669 447 731 nempe
472 668 553 731 quae,
578 648 628 711 vel
650 649 792 728 Papatas
813 645 913 729 ipsius
936 647 1085 710 doctrina
1108 666 1180 709 con-

80 749 193 827 traria,
219 757 258 812 ut
283 749 339 828 ita,
361 751 412 813 vel
435 751 470 812 in
492 751 601 832 eipnie,
627 751 710 834 (quae
736 749 796 833 ipsi
818 750 963 831 narrant)
987 748 1181 811 mendacium

79 852 245 937 deprecari
258 864 429 936 nequeant.
470 855 554 917 Sunt
570 854 632 917 alia
645 852 827 918 innumera.
866 852 978 916 Unum
993 852 1085 935 ponit
1100 852 1179 930 Rex,

80 955 121 1020 de
135 957 229 1039 Equo
251 958 388 1040 quadam
411 957 497 1040 apud
519 954 771 1021 Bellarminum¹
793 955 919 1033 devota,
935 961 969 1019 et
992 976 1066 1019 cum
1084 956 1179 1038 (Gar-

81 1066 172 1123 netto
188 1060 350 1144 doceor-m)
371 1063 484 1124 scisset
501 1060 650 1124 Hostiam
666 1060 728 1124 rite
746 1065 973 1137 consecratam,
989 1065 1076 1123 certo
1091 1065 1179 1123 tran·

79 1162 331 1242 substantiatum,
348 1164 388 1226 de
403 1164 557 1247 geniculis
572 1163 736 1228 adorante.

112 1297 234 1356 Quamvis
252 1335 258 1348 .
274 1335 280 1349 .
298 1313 349 1349 nou
371 1300 406 1349 sit
428 1298 576 1349 institutum
599 1335 655 1348 ...
678 1297 877 1359 Sacramentum,
899 1302 929 1347 ιιι
953 1298 986 1348 ab
1007 1299 1182 1350 animantibus

144 1380 250 1430 rationis
270 1381 417 1445 expertibus
434 1380 558 1438 adoretur,
572 1378 678 1445 [tamen]
694 1395 751 1430 cum
769 1379 797 1429 id
814 1379 852 1440 fit,
864 1379 936 1430 Deo.
955 1417 961 1429 .
978 1381 1111 1432 ‚membra
1125 1382 1181 1432 eni-

144 1460 251 1510 malium
263 1462 365 1511 illorum
377 1467 501 1523 movente,
510 1467 539 1510 ιιι
550 1461 739 1512 Sacramentum
747 1462 849 1512 adorme
857 1461 1015 1522 videantur,¹
1036 1500 1041 1510 .
1057 1499 1064 1511 .
1076 1477 1183 1526 praesen·

145 1542 208 1592 tiam
220 1541 325 1593 Domini
337 1543 365 1592 in
376 1542 537 1593 Sacramento
548 1543 633 1592 adesse
644 1543 757 1593 adoratio
769 1543 814 1592 ille
823 1542 1097 1608 demonstrat—[Bell.
1106 1543 1181 1609 Apol.

146 1637 192 1687 pro
203 1622 287 1687 Resp]
299 1638 323 1688 p.
334 1625 388 1673 132.
413 1623 480 1688 [Op.,
490 1628 551 1673 tom.
563 1624 607 1673 vii.
619 1623 665 1672 col.
678 1623 733 1675 tto.
746 1622 785 1687 0.]

122 1722 195 1786 Nec
218 1724 279 1788 hoc
303 1724 352 1788 vel
378 1746 417 1787 ex
440 1725 586 1788 doctrina
606 1732 712 1787 vestra
732 1745 844 1788 verum
866 1732 924 1803 est,
946 1725 1181 1788 Sacramentum
1205 1733 1312 1783 utillud

79 1829 149 1891 ideo
175 1828 360 1906 institutam,
384 1837 422 1892 ut
445 1828 526 1892 illud
542 1849 661 1910 pecora
686 1829 798 1910 canapi,
820 1829 871 1892 vel
901 1838 1104 1912 cognoscant,
1130 1813 1304 1913 velh,⁶„{{¹„¹¹,{‘1

81 1932 221 2009 worma,
247 1931 298 1995 vel
324 1931 506 1995 commercii
531 1952 603 1995 cum
629 1952 667 1995 eo
694 1933 865 2015 quicquam
888 1932 1040 1996 habeant.
1085 1933 1181 1997 Certe
1193 1926 1346 1992 venerante]

80 2056 188 2098 mures
219 2054 302 2117 saepe
331 2055 398 2097 non
428 2033 510 2097 bene
540 2033 701 2097 obseratas
731 2033 853 2097 hostias
883 2033 1078 2117 epulantur:
1114 2055 1182 2098 non

80 2137 200 2220 legitur
221 2144 332 2200 tamen
351 2138 519 2200 l‘rnnnrtes
537 2136 608 2219 quis
630 2158 669 2199 ex
692 2158 729 2200 ea
747 2144 853 2219 gente,
870 2136 926 2220 qui
947 2144 1071 2201 tantam
1094 2159 1182 2201 reve·

81 2241 219 2303 rentiam
245 2248 445 2304 sacramento
469 2240 660 2318 exhibuerit,
686 2246 839 2322 quantam
864 2240 959 2322 Equo
982 2240 1060 2304 haee.
1116 2241 1182 2305 Hic

82 2342 272 2421 Cardinalis,
295 2365 362 2406 non
385 2344 533 2407 adorasse
556 2342 686 2426 quidem
712 2344 838 2426 Equam
864 2364 966 2422 suam,
993 2345 1083 2427 (puta
1106 2364 1182 2407 vera

81 2444 191 2530 latria)
205 2452 290 2509 mota
304 2454 415 2509 tamen
432 2448 517 2509 illias
539 2446 684 2524 manbre,
700 2453 748 2524 ut,
764 2446 824 2509 etsi
838 2468 906 2510 non
924 2446 1081 2526 adoraret,
1096 2448 1183 2510 vide-

80 2556 169 2612 retur
183 2556 294 2613 tamen
309 2550 452 2612 adarme.
496 2551 606 2633 Atque
621 2549 702 2612 illud
720 2549 826 2631 ipsum
842 2550 943 2612 videm
958 2551 1035 2613 satis
1049 2571 1129 2628 csse,
1144 2557 1182 2614 ut

83 2653 249 2717 Christum
270 2653 325 2731 ibi,
344 2674 405 2715 non
426 2653 536 2730 videm,
552 2653 608 2715 sed
630 2674 695 2715 esse
717 2674 829 2716 omnes
852 2653 921 2716 sine
944 2653 1042 2717 dubio
1063 2653 1182 2717 intelli-

82 2763 176 2840 gunt.
219 2757 266 2820 At
295 2757 396 2838 magis
425 2777 554 2839 aequum
579 2764 658 2835 erat,
683 2777 790 2819 mures
820 2757 982 2834 Hostiam,
1009 2765 1183 2841 antequam

82 2859 264 2938 comedant,
280 2859 434 2936 venerari,
451 2866 507 2923 aut
527 2866 564 2922 ut
579 2865 679 2923 motem
700 2860 736 2922 in
757 2859 821 2923 illis
844 2859 958 2943 aliquis
980 2861 1183 2924 menbrorum

83 2963 175 3037 foret,
192 2963 335 3045 proxime
355 2963 508 3026 accedens
526 2963 566 3026 ad
580 2964 719 3027 latriam.
764 2964 878 3028 Mures
897 2965 1025 3048 quidem
1046 2964 1182 3029 mandu-

82 3075 203 3144 cantes,
221 3089 317 3150 quam
332 3069 459 3150 Equam
474 3067 663 3131 famelicam.

126 3171 230 3235 Addit
251 3170 377 3248 deinde,
393 3192 431 3234 ex
454 3170 551 3235 sacris
572 3171 674 3235 literis
697 3171 852 3255 quaedam,
868 3180 902 3235 et
921 3173 1088 3256 conjungit
1108 3194 1182 3236 cum
1197 3192 1285 3256 [Nihil

83 3276 186 3359 Equa,
195 3276 328 3355 Vaccae,
343 3277 416 3349 Qaa
429 3277 548 3338 Arcam
554 3274 696 3356 serentes
710 3296 771 3338 non
784 3274 972 3338 oberrabant
981 3285 1012 3337 ⁰.-
1036 3276 1182 3357 Asinam,
1195 3259 1349 3386 {133ch

83 3402 150 3464 qaoe
172 3384 307 3444 hamana
329 3402 401 3444 voce
424 3381 646 3462 loquelarum:
674 3381 801 3458 Cetum,
818 3382 871 3462 qai
885 3382 999 3444 Jonom
1018 3382 1128 3463 rejecit
1149 3385 1183 3446 in
1195 3387 1286 3450 taras,]

84 3485 216 3547 littae.-
241 3485 371 3563 Cervos,
393 3486 446 3566 qm'
462 3484 569 3546 Ellam
590 3483 726 3565 quotidie
742 3483 954 3564 pascebant.-
978 3485 1113 3564 Leones,
1130 3489 1184 3569 qai

84 3590 247 3652 Danielem
267 3590 301 3651 in
324 3590 470 3669 spelunca
495 3608 555 3650 non
579 3587 801 3668 attinpebamr.
848 3586 922 3665 Sed,
943 3588 1099 3671 inaequale
1123 3589 1184 3653 hoc

79 3692 197 3776 jugum
228 3700 295 3756 est:
319 3693 426 3774 aliqua
448 3700 558 3753 tamen
576 3712 615 3753 ex
638 3697 730 3773 parte
750 3691 873 3773 aequale
888 3690 1011 3770 fuisset,
1028 3692 1055 3754 si
1077 3693 1185 3756 Vacca

84 3798 204 3859 Arcam
225 3798 349 3879 (utpote
365 3795 538 3857 scabellum
554 3794 685 3858 Domini
693 3797 716 3876 ⁸)
734 3795 926 3857 adorassent.
971 3796 1017 3858 At
1031 3816 1135 3879 neque
1149 3797 1185 3860 in

91 3898 211 3975 Vaccis,
228 3919 288 3960 nec
303 3899 414 3975 Asino,
430 3897 546 3959 nonin
565 3897 648 3975 Ceto,
664 3917 724 3960 nec
738 3897 788 3960 vel
806 3898 923 3973 Carnis,
939 3898 989 3961 vel
1011 3898 1164 3960 Leonibm
1173 3925 1183 3971 ;

84 4023 243 4085 nusquam
274 4001 326 4064 hic
351 4001 496 4063 adoratio
527 4009 586 4078 est,
612 4022 679 4064 non
704 4002 755 4064 vel
781 4000 877 4064 duliae
906 4001 1027 4084 species
1057 4001 1184 4085 aliqua:

85 4105 217 4182 nedum,
233 4105 289 4188 qui
310 4106 344 4168 in
369 4105 463 4186 Eqaa
486 4105 557 4183 fuit,
574 4103 751 4168 devotionis
771 4103 874 4167 ardor.
920 4104 1079 4168 Ardorem
1102 4104 1184 4184 dico,

117 4258 125 4290 ¹
144 4259 222 4325 [Vide
234 4259 297 4308 Bell.
310 4259 341 4308 de
352 4259 419 4309 Saer.
432 4257 510 4308 Eucb.
522 4258 566 4307 lib.
577 4259 613 4307 iii.
691 4267 702 4292 ⁰
758 4273 808 4306 um.
820 4258 883 4307 xxii.
896 4257 946 4322 ιθ]

85 4339 138 4388 cap.
162 4328 184 4374 8.
203 4331 214 4383 ι
234 4324 358 4382 ‘Quinto’
376 4324 431 4388 Op,
455 4330 516 4373 tom.
534 4324 571 4373 iii.
589 4339 613 4387 p.
690 4331 701 4362 ι
732 4322 892 4387 tonitru]

86 4393 140 4439 149.
155 4390 183 4438 G.
197 4389 242 4454 H.]
691 4408 702 4439 ι
732 4386 799 4448 l(al.
812 4388 845 4451 3.)
858 4387 918 4450 Rea.
930 4388 991 4437 xvii.
1004 4387 1038 4452 6.]

119 4526 130 4550 ι
159 4453 423 4581 lifdui'laiiie'lq
693 4526 701 4547 ·
731 4451 956 4573 Pluidliiilvm.
970 4517 1058 4580 vum
1072 4518 1111 4580 sq
