2910 4926
270 252 337 316 836
583 270 626 318 sn
648 269 840 319 cennmstrs
859 268 1058 319 serenum

275 421 361 507 [que]
377 423 460 487 diem
480 425 562 487 hune
584 445 739 507 metrum,
764 430 794 487 et
815 423 986 487 terribilem
1007 422 1215 508 [honititem]
1238 443 1302 487 serr
1317 425 1376 505 ju-

270 525 347 588 dieii
362 527 493 590 eetremi
518 527 577 590 sed
592 527 718 590 Messiae
747 526 940 590 advenientis
965 532 1094 608 termus,
1118 526 1376 609 antiquitatis

269 629 428 710 sapienter
447 629 745 710 interpretabantur,
763 630 857 712 idque
876 651 897 692 a
920 629 1044 693 Christo
1067 629 1126 713 [et]
1140 628 1323 711 probatum,
1344 634 1376 693 et

270 730 485 812 confirmatum
499 738 555 811 est,
574 732 684 813 (Matr.
699 732 812 814 seith*
842 731 904 797 Cui
919 732 1027 810 etism,
1037 730 1141 814 ferire
1163 738 1282 796 terram
1295 752 1376 795 ena·

270 837 414 913 themate,
439 841 494 914 est,
520 835 674 899 desertam
705 835 882 920 [incultam]
911 842 1091 918 vastamque
1108 835 1249 913 reddere,
1271 836 1377 918 quate

268 938 381 1001 Judaea
410 937 523 1022 [reqio]
553 960 573 1001 a
600 940 688 1002 teti.
707 939 943 1021 ..temporibus
963 939 1008 1002 ad
1028 940 1094 1003 hee
1115 958 1212 1021 seque
1234 944 1375 1021 tempore
1401 926 1405 931 ¹

263 1047 445 1123 perseverat
455 1051 479 1105 ¹¹.
530 1041 582 1106 Ite
607 1041 785 1106 mittendus
808 1042 912 1119 Elias,
933 1048 1006 1105 arete
1035 1042 1200 1106 attere»
1232 1042 1374 1106 Christi:

269 1143 438 1208 Adventus
454 1144 483 1208 is
499 1146 626 1226 primus
639 1151 700 1226 est,
715 1166 782 1210 non
795 1147 976 1210 tremendus&
1022 1146 1112 1210 Ante
1122 1146 1264 1228 primum
1276 1165 1375 1211 nemo

270 1245 399 1326 missus,
420 1248 485 1311 nisi
507 1249 645 1312 loannes
665 1250 699 1313 in
718 1251 834 1331 spiritu
852 1250 946 1313 Etis.
991 1249 1043 1313 De
1062 1249 1196 1313 seeundo
1213 1248 1308 1313 nulla
1328 1247 1376 1312 ibi

271 1351 426 1427 mentiot.
457 1352 551 1416 Idem
566 1355 707 1435 Anystus
715 1346 740 1432 '¹,
756 1354 838 1417 Mal.
854 1353 897 1417 iii.
912 1357 941 1417 1.
957 1352 1045 1417 idem
1058 1353 1170 1416 Elias:
1194 1351 1284 1416 Elias
1297 1372 1375 1417 ven·

270 1461 364 1518 turus
386 1463 456 1519 erat
464 1465 485 1519 ⁸.
530 1456 596 1519 iste
621 1462 667 1519 est
690 1456 794 1535 Elias,
817 1459 870 1539 qui
893 1462 1041 1520 venturus
1060 1452 1172 1519 eratb:
1195 1453 1287 1520 Elias
1305 1455 1375 1538 jam

270 1557 358 1622 venit
370 1567 392 1623 ⁰.
440 1559 528 1623 Elias
544 1565 699 1624 convertet
715 1559 811 1623 eorde
836 1559 972 1622 Petrum
995 1559 1040 1621 ad
1061 1556 1191 1622 ttttosd.
1230 1558 1375 1622 Josnnes

270 1661 421 1724 convertit
439 1662 535 1725 corda
550 1662 869 1744 Patrumatfltoss:
897 1664 1075 1744 Antequam
1093 1662 1198 1725 veniat
1218 1661 1287 1724 dies
1308 1661 1376 1723 Do·

269 1763 347 1826 mini
361 1784 493 1845 maynus
507 1770 537 1827 et
551 1763 739 1830 horribilis‘.
785 1766 820 1829 Is
834 1771 883 1829 est
899 1765 1024 1827 Messie
1044 1763 1201 1828 adventus
1214 1765 1375 1846 prims.

272 1865 320 1929 Ne
329 1867 507 1946 percutiam
522 1872 639 1930 terram
650 1869 847 1931 anathemate
855 1864 880 1931 h.
927 1867 1000 1932 Hoc
1014 1868 1147 1945 fectum,
1162 1865 1223 1930 sub
1237 1864 1339 1931 'titot

302 2001 371 2052 Meto
382 2017 440 2052 eum
451 2003 578 2052 veteribus
589 2002 701 2067 desipere
713 2018 789 2066 quem
799 2017 857 2053 sum
869 2002 1032 2055 novatoribus
1039 2000 1324 2067 sapere-[Bell.th
1330 2016 1377 2066 pro

336 2082 420 2148 Resp.]
431 2099 457 2147 p.
466 2086 520 2133 140.
540 2083 611 2148 [ορ.,
621 2088 683 2134 tom.
696 2085 740 2134 rii.
751 2085 798 2135 eol.
810 2085 865 2137 783.
877 2084 923 2148 Ι).]

108 2190 170 2256 [Qut
266 2213 270 2223 ·
314 2175 489 2239 Novatores
518 2175 553 2238 hi
577 2196 644 2239 non
668 2185 754 2256 sunt,
781 2197 859 2259 quos
886 2174 986 2239 dieis:
1018 2174 1122 2238 Vestri
1142 2180 1230 2252 sunt,
1255 2194 1319 2239 nee
1337 2174 1377 2239 de

105 2257 257 2385 fflffissffi]
271 2278 383 2340 vest-ris
405 2277 519 2355 infimi,
546 2278 724 2360 quibuscum
749 2279 898 2362 reperias,
923 2279 977 2363 qui
1002 2298 1113 2360 sapere
1135 2277 1263 2356 malint,
1278 2299 1377 2361 quam

272 2380 411 2461 desipere
434 2401 504 2445 eum
526 2381 704 2445 Cardinale
750 2383 881 2446 Poterat
897 2403 971 2446 vero
986 2383 1057 2445 Rex
1078 2380 1222 2445 hausisse
1246 2379 1287 2444 sb
1306 2380 1377 2445 his:

272 2482 329 2546 sed
343 2482 421 2565 quid
435 2503 525 2565 opus,
543 2483 597 2565 qui
621 2489 747 2566 poteret
762 2484 848 2547 unde
864 2490 896 2547 et
912 2483 969 2547 hi?
993 2504 1011 2547 e
1027 2482 1150 2547 Christi
1164 2480 1271 2545 verbis
1285 2480 1377 2566 ipsis,

272 2607 343 2667 quae
359 2606 497 2662 sensum,
514 2584 577 2647 nisi
594 2585 729 2664 detorta,
746 2587 844 2649 alium
857 2608 924 2649 non
936 2585 1124 2650 admittunt.
1147 2586 1235 2649 Nam
1247 2591 1377 2662 veteres,

271 2689 449 2771 praesertim
465 2695 574 2751 sutem
591 2688 838 2773 Hieronymum,
858 2690 956 2772 (quod
970 2690 1066 2773 paulo
1085 2690 1154 2773 jam
1175 2697 1251 2753 ante
1266 2688 1375 2771 docui)

271 2812 310 2854 ex
332 2793 429 2854 veteri
449 2812 538 2854 more
565 2814 631 2870 suo,
657 2792 725 2856 sine
747 2814 844 2856 eausa
863 2794 917 2857 hic
943 2800 1063 2876 crepat.
1109 2793 1192 2856 Cum
1210 2793 1378 2857 veteribus

272 2895 400 2980 quidem
417 2895 568 2958 omnibus
583 2917 693 2977 sapere
706 2918 774 2959 non
789 2903 896 2980 potest
911 2897 991 2975 Rex,
1004 2917 1079 2960 cum
1092 2916 1187 2959 unum
1197 2895 1252 2959 hie
1262 2917 1378 2959 omnes

271 3020 338 3062 non
359 3000 486 3080 sapiant
496 3023 507 3062 .·
531 3021 604 3063 eum
627 2999 667 3062 iis
689 3007 810 3077 tamen,
828 3000 882 3082 qui
899 3000 986 3062 iuter
1000 3005 1117 3063 veteres
1131 3007 1301 3082 praestant,
1318 2999 1378 3063 hac

272 3100 401 3184 quidem
416 3101 451 3164 in
466 3122 511 3179 re,
526 3104 612 3183 sapit
624 3103 694 3165 Rex
708 3102 815 3181 potius
831 3122 926 3184 quam
943 3102 1133 3166 Cardinelis.

271 3228 326 3279 Rex
337 3230 381 3293 qui
393 3229 468 3279 initio
485 3228 629 3290 dixeratse
646 3230 769 3279 Patres..
782 3266 788 3278 .
802 3229 941 3289 venerari„
954 3265 960 3279 .
973 3229 1039 3279 .hoe
1055 3229 1110 3278 loeo
1126 3227 1211 3293 pstsm
1230 3242 1273 3277 eos
1293 3242 1377 3277 errare

336 3308 516 3375 dicit-[Bell.
525 3311 597 3375 Apol.
610 3325 656 3373 pro
667 3307 752 3372 Resp.]
764 3324 788 3372 p.
801 3310 856 3358 141.
873 3309 941 3374 [Op.,
952 3314 1013 3359 tom.
1021 3310 1064 3358 vii.
1077 3308 1123 3359 col.
1133 3308 1188 3359 783.
1202 3307 1245 3373 D.]

150 3412 214 3472 243
314 3401 439 3465 Verum
451 3404 521 3465 Rex
536 3403 589 3466 hie
604 3401 666 3465 sibi
677 3401 875 3478 eontrarius3
901 3402 1050 3464 Venerari
1064 3421 1098 3463 se
1108 3400 1225 3462 Patres
1237 3400 1377 3478 dixerat,

107 3493 258 3611 fflfflx
271 3511 302 3568 et
318 3506 466 3586 quicquid
478 3506 618 3568 unanimi
634 3524 782 3567 consensu
802 3503 846 3565 ad
861 3509 1008 3566 eternam
1022 3504 1154 3566 salutem
1167 3502 1379 3564 necessarium

109 3621 177 3673 haud
270 3609 462 3685 statuissent,
478 3609 558 3670 nolle
573 3605 814 3688 reprehenderet
844 3605 968 3668 Errare
983 3606 1111 3687 hiejem
1126 3604 1213 3682 dicit,
1229 3609 1260 3666 et
1274 3604 1380 3666 minus

108 3687 210 3754 rejicit]
270 3716 355 3773 recte
378 3712 475 3772 multa
501 3709 704 3792 intetttyerek.
758 3710 822 3773 Sed
846 3710 997 3792 primum,
1022 3708 1092 3772 haee
1121 3709 1284 3772 contraria
1311 3730 1379 3771 non

271 3821 348 3876 sunt
363 3814 461 3892 Nam,
479 3813 564 3897 quod
581 3815 650 3877 Rex
671 3814 739 3898 ipse
754 3812 972 3896 reprehendit,
988 3812 1129 3874 unanimi
1144 3830 1295 3874 consensu
1311 3831 1379 3874 non

304 3985 312 4015 ²
329 3982 431 4048 [Bened.
445 3984 519 4034 Arias
532 3984 627 4048 Mont]
645 3984 673 4032 in
691 3984 751 4033 Mal.
764 3985 796 4033 iv.
874 3990 884 4013 ‘
903 3982 977 4032 histt.
989 3983 1050 4031 xvii.
1060 3984 1099 4031 12.

271 4049 348 4114 [spud
361 4049 501 4098 Comment
519 4050 546 4098 in
564 4049 639 4097 duod.
653 4049 798 4113 Prophetas,
874 4046 885 4078 ‘¹
903 4048 963 4096 Mel.
975 4048 1007 4096 iv.
1021 4050 1044 4096 6.

271 4128 295 4176 p.
304 4115 399 4164 stein
410 4129 489 4176 marg.
499 4115 560 4162 Ant.
574 4113 659 4175 1571]
875 4112 962 4162 ‘ltus
974 4113 992 4160 i.
1004 4111 1043 4162 17.

303 4186 314 4208 ¹³
334 4178 413 4244 [thid.
444 4178 533 4241 .979.]
874 4176 1040 4225 ‘Metita

303 4251 314 4274 ¹
332 4245 413 4292 Arias.
437 4248 465 4291 ut
476 4241 554 4306 supr]
566 4240 657 4291 Vetsb.
671 4242 709 4306 [ut
720 4240 797 4305 supr]
874 4249 886 4281 1
904 4243 984 4290 Arias.
999 4241 1040 4302 [ut
1051 4254 1133 4303 supra,
1145 4241 1197 4287 not
1207 4236 1238 4299 ².]

303 4309 410 4357 terias.
437 4307 663 4371 utsuprs,not¹.]
877 4304 965 4354 l’hist
978 4306 1011 4353 iv.
1024 4308 1046 4354 6.

302 4380 312 4403 ¹
330 4373 403 4421 Matt.
415 4373 449 4420 xi.
461 4374 499 4420 10.
875 4369 881 4400 ¹
902 4371 983 4419 Aries.
998 4371 1040 4432 [ut
1051 4384 1133 4433 supra,
1144 4371 1196 4416 not.
1206 4366 1237 4429 1.]

303 4445 313 4467 ·
330 4437 404 4485 Mett.
416 4436 477 4483 xvii.
487 4437 525 4484 11.
875 4434 882 4473 ί
900 4434 1011 4497 [Prsetst
1024 4433 1115 4482 hionit.
1126 4448 1150 4494 p.
1162 4429 1212 4495 ts]

303 4501 313 4531 ⁵
331 4501 404 4548 Matt,
418 4500 452 4547 xi.
462 4502 501 4547 14.
878 4498 889 4529 ¹¹
906 4499 983 4562 [thid.
996 4514 1019 4561 p.
1031 4500 1081 4561 92]
