2910 4926
459 290 641 340 inomaus
663 291 844 341 annonara.
1137 278 1200 342 125

102 443 206 531 Reges
234 446 270 511 iu
300 469 416 532 agmen
445 448 597 513 ultimum
620 448 796 535 rejiciendi,
820 455 859 513 ut
887 447 934 513 ibi
964 449 1201 534 sequantur,si

100 551 219 630 volent,
242 557 275 615 et
305 552 371 616 sint
393 558 469 634 post
493 552 659 616 Diaconos.
706 552 747 618 Id
772 558 882 616 autem
911 557 1102 636 argumento
1125 572 1202 618 sane

100 674 230 738 magno,
245 653 332 738 quod
345 655 482 719 Diaconi
502 656 836 738 Constantinopolitani
849 656 997 738 mojorem
1011 657 1053 718 iis
1060 661 1201 738 potesta·

101 763 163 821 tem
187 757 331 821 labeant.
375 757 575 823 Absolutene
600 758 781 843 majorem?
836 758 925 823 Non.
992 757 1058 822 Sed
1083 759 1128 821 od
1150 778 1202 823 coa

101 860 293 939 cohibendos,
318 862 371 943 qni
396 861 523 943 indigne
549 862 700 925 accedant
725 862 770 925 od
790 881 926 925 maroam
951 862 1089 926 Domini.
1137 861 1202 925 Sed

102 963 204 1047 quid?
226 964 371 1048 majorne
396 984 435 1027 ex
455 985 493 1028 eo
509 962 590 1047 quis,
607 964 692 1048 quod
707 971 901 1048 potestatem
921 963 1040 1029 habeat
1055 964 1100 1027 ad
1117 965 1201 1029 colri-

101 1066 243 1130 bendos?
285 1066 394 1131 Etiam
409 1066 541 1145 ostiarii,
557 1067 602 1129 ad
614 1087 707 1131 canoa
721 1067 913 1146 cohibendos,
928 1088 971 1131 ne
987 1066 1024 1131 in
1043 1067 1201 1150 templum

100 1169 243 1234 intrent:
266 1170 375 1233 Etiam
393 1168 598 1249 Subdiaconi,
614 1169 656 1233 ad
670 1190 792 1234 muscos
807 1170 1003 1249 cohibendos,
1018 1191 1060 1234 ne
1074 1169 1109 1233 in
1125 1170 1201 1234 cali-

102 1292 173 1336 cem
191 1272 345 1351 involeut,
365 1271 451 1356 apud
471 1273 701 1338 Clementem&
745 1272 855 1337 Etiam
875 1273 970 1338 lictor
992 1272 1202 1357 Imperatoris

101 1377 250 1458 mojorem
259 1376 415 1440 Pontifice
429 1383 624 1460 potestatem
638 1375 746 1456 habet,
762 1375 803 1440 ad
816 1376 927 1440 turbas
943 1376 1201 1442 summovendae.

101 1478 232 1561 Ergone
253 1479 409 1542 Pontifice
434 1481 562 1561 major?
606 1480 753 1544 Potestas
776 1478 904 1564 quidem
931 1480 958 1543 si
982 1487 1067 1543 esset
1090 1479 1140 1543 vel
1161 1478 1203 1543 ad

102 1582 233 1664 majora,
248 1603 316 1645 nou
331 1582 555 1647 concluderet:
579 1583 680 1665 major
691 1589 800 1647 autem
816 1582 857 1646 ad
872 1583 1007 1646 minima
1017 1582 1086 1645 haec
1097 1588 1202 1665 potes·

102 1691 153 1748 tas
177 1684 261 1748 nihil
282 1706 411 1768 prorsus
437 1685 543 1749 officit.
590 1685 702 1749 Potest
722 1684 756 1748 id
773 1684 954 1770 Presbyter,
973 1685 1057 1768 qnod
1073 1686 1205 1748 virtutos

100 1776 274 1870 'Argolicos
293 1789 382 1870 lorage
400 1794 537 1870 mperot,
554 1809 661 1852 creare
684 1788 870 1852 Creatorem
892 1809 997 1866 suum,
1018 1808 1078 1851 nec
1100 1793 1204 1851 estex

103 1911 142 1956 eo
156 1898 278 1970 tamen,
293 1913 354 1956 nea
369 1891 549 1957 cardinalis
569 1892 670 1975 (puto)
690 1890 776 1956 dicet
790 1892 944 1975 majorem
959 1890 1105 1975 Angelis.

137 2044 166 2095 Si
185 2044 291 2096 Diaooni
310 2044 593 2110 constantinopolitani,
612 2042 790 2109 Chrysostomo
808 2049 918 2106 auctore,
940 2043 1064 2108 majorem
1083 2043 1205 2102 Ducibus,

170 2125 328 2187 Consulibus,
338 2130 365 2176 et
377 2128 432 2190 ipso
442 2127 521 2176 etiam
533 2126 689 2190 Imperatore
699 2128 850 2190 potcsnicm
861 2124 995 2186 habebam,
1002 2139 1048 2175 cur
1055 2140 1107 2176 non
1117 2125 1205 2176 eadem

169 2207 279 2259 habeant
290 2207 397 2259 Diaconi
408 2207 524 2268 Romani,
533 2211 609 2271 atque
619 2206 817 2273 iipotiseimum,
829 2206 872 2271 qul
884 2205 1038 2267 cardinales
1049 2205 1076 2256 id
1088 2210 1128 2256 est
1138 2206 1206 2282 prin·

170 2289 270 2353 cipslas,
287 2290 367 2339 totius
381 2289 449 2339 orbis
468 2293 542 2339 teme
559 2288 666 2339 Diaconi
682 2287 868 2353 sunta-[Bau.
880 2287 956 2352 Apol
970 2301 1016 2351 pro
1029 2286 1116 2353 Rern]
1132 2292 1205 2352 p.33.

170 2368 585 2436 [op.‚:0m.vu001.n:.c.1>.]

148 2486 219 2569 Age
244 2493 363 2563 tamen,
388 2486 425 2549 Si
449 2486 586 2549 Diaconi
614 2485 949 2566 constantinopolitani
975 2484 1207 2568 (Chrysoatomo

103 2590 240 2671 anctore)
254 2590 402 2671 majorem
412 2589 480 2671 ipso
492 2589 686 2671 Imperatore
693 2593 882 2670 potestatem
893 2587 1037 2665 habeant,
1050 2586 1090 2650 ad
1102 2586 1208 2670 indig-

104 2713 165 2756 nos
180 2691 220 2756 ab
230 2691 435 2756 Eucharistia
448 2691 655 2771 cohibendos,
668 2710 725 2754 car
738 2712 800 2754 non
808 2691 1006 2773 potissimam
1016 2691 1050 2769 ii,
1064 2691 1117 2773 qni
1131 2691 1208 2752 Cor-

105 2795 235 2873 dinaloa,
250 2795 299 2877 (id
318 2801 364 2858 est
384 2793 626 2878 [pancipolesD
647 2794 743 2857 totins
761 2793 854 2856 Orbis
868 2798 961 2857 terrae
975 2793 1111 2856 Diaconi
1125 2797 1208 2871 eant,

105 2899 213 2961 eodem
228 2898 389 2961 habeant?
420 2897 524 2977 Nihil,
541 2896 627 2980 quod
642 2895 716 2975 scio,
731 2895 877 2979 impedit.
915 2895 1073 2976 Majoreoa
1083 2895 1209 2959 Caesare
1240 2882 1250 2907 ⁹

107 3008 300 3086 potestatem
322 3001 474 3081 habeant,
489 3001 634 3084 indignos
651 2999 812 3063 cohibendi
835 3021 856 3062 a
869 2998 1065 3063 temerandis
1084 3000 1208 3063 Sacris:

106 3105 169 3169 nisi
192 3105 289 3188 quod,
305 3105 340 3168 in
360 3105 473 3169 Missis
492 3102 623 3188 privatis
641 3104 725 3187 (quae
748 3103 860 3168 Romae
883 3102 951 3167 fere
974 3102 1210 3187 frequentiores

107 3211 200 3294 sunt)
214 3230 311 3273 nemo
332 3230 463 3293 prorsus
485 3215 545 3287 cst,
569 3228 666 3292 quem
688 3214 828 3285 arceant,
846 3228 943 3291 quem
965 3207 1137 3284 cohibeant,
1154 3203 1210 3289 qui

108 3313 239 3378 accedat
253 3313 349 3396 digne
364 3313 414 3376 vel
428 3312 563 3395 indigne
571 3338 581 3391 3
603 3317 642 3375 ut
656 3310 760 3376 otiosa
779 3311 822 3374 sit
841 3311 906 3375 illis
920 3302 1094 3393 oaajorsua
1100 3316 1209 3391 poteo-

109 3423 169 3496 toa,
184 3437 242 3500 pro
257 3437 322 3500 qua
335 3415 383 3479 ita
397 3414 538 3480 dimicat.
576 3416 621 3478 Et
636 3415 760 3498 aliquot
777 3414 848 3498 jam
863 3413 980 3477 saecula
993 3433 1075 3490 reor,
1091 3432 1131 3475 ex
1146 3433 1210 3494 quo

109 3519 273 3585 Diaconus
312 3517 427 3601 aliquis
457 3517 637 3583 cardinalis
667 3516 829 3580 cohibendi
864 3521 1024 3600 potestate
1060 3515 1122 3579 hac
1152 3536 1211 3579 sua

109 3623 227 3705 majore
245 3620 338 3685 valde
352 3641 431 3684 usus
446 3619 562 3699 merit:
586 3618 739 3683 cohiberet
754 3625 863 3682 autem
874 3618 958 3682 forte
973 3626 1006 3681 et
1018 3616 1210 3681 Pontificem

108 3724 283 3789 interdum.
322 3724 394 3789 Nec
409 3723 496 3788 enim
512 3722 608 3806 digne
623 3742 750 3807 semper
760 3721 883 3785 accedit
894 3721 945 3785 vel
959 3720 1029 3806 ipse
1041 3719 1209 3787 Pontifex:

108 3834 207 3911 atque
221 3827 270 3890 ita
284 3826 440 3891 Pontifice
456 3825 526 3910 ipso
540 3825 641 3908 oaajor
655 3831 748 3888 esset.

154 3930 358 4013 Quanquam,
373 3935 411 3992 ut
432 3928 576 3992 illatum
597 3935 690 3991 erant
712 3935 868 4011 tempora,
884 3947 952 3991 non
971 3926 1081 4011 largiti
1103 3936 1212 3994 essent

111 4032 248 4098 Diaconi
262 4031 613 4116 constantinopolitani
630 4031 895 4115 consequentiam
917 4032 1003 4096 hanc
1025 4054 1117 4098 suam
1132 4035 1211 4100 Car·

111 4138 232 4203 diuali:
259 4146 316 4202 aut
331 4139 489 4202 Diaconos
500 4137 657 4200 Romanoa
674 4138 871 4220 principales
893 4139 989 4201 totino
1007 4138 1099 4202 oroi:
1120 4144 1212 4204 torro

109 4243 268 4306 Diaconos
285 4240 399 4324 snisoe.
444 4242 529 4306 Cum
555 4240 642 4304 enim
672 4240 787 4309 Urbioi
815 4239 1002 4304 Sacerdotes
1024 4239 1213 4328 ἐπιχωρίοις

111 4347 245 4428 majores
265 4346 330 4411 sint
339 4373 349 4424 3
372 4351 405 4410 et
424 4345 511 4409 inter
526 4343 664 4409 Urbicos
683 4342 718 4422 ii,
735 4364 871 4428 quorum
892 4351 942 4408 est
956 4343 1035 4407 urbs
1049 4344 1120 4428 ipsa
1133 4352 1214 4429 p'roe·

139 4515 152 4537 “
168 4506 264 4571 [Cenat
273 4506 362 4571 Apost
370 4505 416 4555 lib.
424 4504 478 4557 vili.
487 4517 539 4570 aaa
548 4501 729 4555 12.-Cotcler.'
736 4502 803 4554 Patr.
813 4503 903 4569 Apost.
911 4504 997 4555 torni.
1006 4517 1049 4568 pp.
1057 4505 1113 4568 898,
1123 4503 1190 4568 titt]
1239 4454 1243 4469 ι
