2910 4926
445 284 627 334 ammonii
649 286 830 335 nssrousm.
1125 277 1188 338 461

90 459 163 501 cum
194 441 323 502 Petram
352 439 456 504 dixit:
496 443 522 504 si
554 444 757 506 Successores
788 443 950 522 voluisset,
979 464 1073 525 snper
1109 447 1190 508 tenc

89 561 226 620 arenam,
242 542 413 607 dicendum
427 544 474 607 iili
489 545 612 610 fuisset.
658 547 729 609 Nec
744 555 793 609 est
813 546 900 609 enim
922 567 1018 609 arene
1042 547 1109 611 ulla
1123 557 1190 612 tam

90 645 184 722 fluxa,
200 668 296 727 quam
312 646 500 728 Pontificum
515 647 608 729 fides,
624 648 703 712 fides
724 649 817 730 (dico)
835 649 884 713 vol
900 671 963 733 qua
978 650 1018 713 ad
1033 651 1190 728 homines,

91 769 186 829 quam
216 750 263 812 ita
292 757 440 833 expertus
470 751 504 813 in
535 750 702 814 Clemente
737 752 806 815 Rex
814 762 837 829 Υ,
861 760 898 814 ut
926 752 1023 815 fidem
1050 754 1126 835 (qua
1151 753 1191 816 ad

92 851 209 934 Deum)
229 852 273 916 ibi
288 874 440 935 reponere
454 855 541 933 velit,
558 854 614 918 ubi
629 854 762 918 alteram
780 876 847 918 non
862 854 990 938 reperit,
1007 877 1090 939 aegre
1110 857 1189 939 jam,

90 961 128 1017 ut
142 954 242 1033 video,
266 956 382 1020 adduci
404 958 533 1040 poterit.
578 960 687 1040 Atque
708 958 770 1022 hoc
793 958 873 1020 illud
897 966 956 1037 est,
981 959 1066 1040 quod
1090 961 1191 1022 suasit

93 1059 171 1137 Rex,
196 1058 290 1140 quod,
315 1080 382 1122 non
404 1067 472 1123 tam
494 1062 587 1122 inniti
609 1061 745 1123 scientim
769 1081 835 1124 suae
859 1069 916 1138 cst,
944 1082 1051 1143 quam,
1075 1064 1191 1125 conniti

90 1162 222 1224 seientia
237 1183 303 1240 sua,
319 1184 382 1245 quo
398 1163 477 1226 corti
493 1163 611 1227 deiide
627 1163 712 1240 sint;
736 1184 795 1227 neo
813 1185 871 1247 pro
892 1163 955 1227 fide
970 1164 1045 1227 fidei
1060 1164 1189 1243 larvam,

91 1270 123 1326 et
143 1264 328 1343 ludibrium,
347 1266 444 1350 (quod
468 1266 578 1329 multis
601 1266 636 1328 in
660 1267 785 1350 Popotu
807 1267 978 1349 contingit)
997 1268 1191 1350 amplectan-

91 1374 164 1429 tur:
188 1389 248 1431 nee
269 1368 377 1431 sinant
400 1369 514 1432 adduci
536 1391 579 1448 sc,
596 1378 633 1432 ut
656 1371 765 1432 statim
786 1370 825 1432 de
840 1368 908 1450 fide
922 1391 991 1432 rem
1006 1371 1146 1449 credant,
1163 1371 1189 1433 si

93 1469 263 1550 Suerifirm
293 1471 374 1553 quis,
402 1480 458 1534 aut
481 1480 568 1535 certe
590 1472 777 1549 Menoetes,
801 1472 852 1535 vel
876 1473 944 1535 sine
968 1471 1065 1537 dubio
1092 1474 1192 1536 Pater

94 1573 259 1636 Societatis
274 1594 345 1637 eom
360 1574 551 1638 credendam
566 1574 691 1638 dixerit.

126 1726 177 1775 Cur
193 1741 244 1776 non
258 1764 263 1776 .
275 1762 300 1777 ..
318 1728 406 1778 licebit
423 1733 463 1779 tot
479 1728 580 1791 magnis
599 1727 711 1790 Regibus
728 1727 835 1790 aliisque
852 1727 1016 1792 Principibus
1034 1727 1190 1778 Orthodoxis

158 1812 252 1870 optare,
270 1813 299 1857 nt
319 1809 372 1859 Rex
388 1809 497 1860 Jnoobus
515 1809 568 1869 fiat,
586 1809 672 1872 quales
688 1810 738 1873 ipsi
756 1813 824 1868 sunt,
840 1813 867 1858 et
884 1809 969 1871 quoles
987 1810 1088 1860 inerunt
1103 1824 1190 1860 omnes

157 1889 263 1952 majores
274 1889 334 1952 ojus,
347 1890 404 1950 Ari,
416 1890 563 1954 Pronrique,
576 1891 667 1940 Sootiae
679 1889 785 1952 Begesa
796 1890 912 1941 Donnldo
929 1891 1012 1953 primo
1031 1928 1037 1940 .
1057 1927 1064 1941 .
1087 1927 1094 1941 .
1112 1906 1190 1954 nsque

157 1969 189 2019 od
200 1969 308 2020 Murinm
320 1977 449 2034 parentem
462 1971 630 2037 ejus-[Beli
643 1971 718 2035 Apol.
730 1986 775 2035 pro
786 1970 871 2035 Resp]
882 1986 906 2035 p.
917 1974 972 2022 189.
991 1973 1058 2038 [Op.,
1075 1977 1136 2023 tom.
1144 1974 1189 2024 rii.

158 2051 204 2100 eoi.
217 2053 272 2101 810.
285 2051 311 2101 0.
320 2052 364 2116 Ι).]

143 2167 219 2230 Veto
244 2167 346 2250 Regio
371 2169 440 2250 jam
465 2168 643 2232 Cardinalis
666 2175 770 2231 votnm
793 2189 882 2231 snum
905 2168 1048 2252 opponit.
1095 2171 1191 2233 Suum
1206 2181 1323 2246 [Berm-

93 2270 169 2334 dixi.
215 2271 312 2348 Nam,
328 2271 388 2334 etsi
403 2271 589 2355 Principum
611 2271 806 2355 reliquorum
829 2272 969 2351 nomine,
992 2294 1059 2336 non
1082 2281 1190 2338 tamen
1205 2247 1323 2322 ΨΜ

1223 2326 1312 2360 {imm

93 2393 113 2435 a
136 2372 338 2455 Principibus
362 2375 552 2438 auctoritate
574 2373 658 2437 ulla:
685 2395 754 2451 nec,
778 2395 816 2437 ex
839 2373 969 2438 illorum
994 2374 1111 2453 animo,
1135 2376 1192 2439 red
1205 2326 1281 2424 idom
1293 2390 1330 2424 ro·

92 2498 158 2540 suo.
207 2477 410 2560 Superiiuum
426 2485 544 2541 autem.
593 2478 680 2540 Nam
696 2477 723 2539 si
744 2478 815 2540 Voti
830 2479 899 2540 Rex
922 2477 973 2541 sui
994 2499 1124 2560 compos
1140 2480 1191 2558 sit,
1206 2439 1310 2503 versus]

93 2587 187 2641 erunt
207 2579 254 2642 illi
275 2580 384 2662 quales
402 2581 485 2663 Ipse,
501 2601 653 2662 versoque
675 2578 753 2656 vice,
770 2579 832 2643 erit
848 2578 932 2664 Ipse,
950 2582 1059 2663 quales
1075 2582 1139 2661 Illi,
1156 2591 1193 2646 ut

92 2682 271 2745 Cardinalis
300 2689 369 2745 voto
396 2685 464 2767 jam
489 2683 597 2746 nullus
621 2683 750 2746 futurus
774 2683 815 2746 sit
841 2684 938 2748 locus.
984 2686 1082 2764 Nam,
1108 2685 1192 2769 quod

92 2783 234 2866 Majores
258 2787 327 2867 ejus
351 2785 477 2862 attinet,
504 2794 682 2869 opportune
707 2784 880 2849 admodum
907 2787 1047 2851 Donaldi
1074 2809 1193 2851 nomen

92 2886 278 2951 nominavit.
324 2888 473 2952 Donaldo
495 2889 592 2967 enim,
615 2888 720 2972 prisca
743 2889 806 2952 fidc
828 2880 1005 2967 Catholico,
1021 2890 1105 2953 nihil
1128 2892 1191 2954 dis-

92 2989 226 3052 similius
253 2990 365 3054 vestris
388 2990 447 3069 his,
471 2991 566 3055 hodic
580 2991 823 3054 Neoeutlrolicis.
868 2992 940 3056 Nec
964 2995 1051 3056 enim
1067 2994 1192 3058 Victori

87 3095 142 3175 jus
167 3093 296 3176 aliquod
321 3114 504 3177 supremum
531 3093 629 3156 fuisse
659 3094 694 3155 in
721 3093 908 3175 temporalia
932 3096 1098 3158 Donaldus
1125 3118 1191 3160 cre-

92 3195 193 3259 didit:
218 3195 272 3277 qui
288 3195 397 3258 audire
411 3195 527 3277 potuit,
544 3194 583 3257 ab
600 3196 725 3257 Irenaeo
740 3216 805 3257 non
821 3195 916 3278 longe
938 3196 1014 3260 hinc
1035 3197 1070 3259 in
1087 3199 1193 3262 Gallia

91 3307 273 3379 correptum
288 3297 463 3374 Victorem,
487 3296 572 3379 quod
594 3297 628 3358 in
652 3296 872 3378 spiritualibus
895 3297 971 3380 ipsis
994 3300 1074 3380 plus,
1095 3323 1191 3383 quam

90 3421 219 3482 aequum
248 3407 326 3478 erat,
357 3399 417 3462 sibi
448 3407 634 3482 arrogasset,
665 3399 731 3462 lata
759 3399 795 3461 in
825 3399 1005 3464 Orientales
1035 3403 1192 3486 praecipiti

90 3503 188 3566 nimis
211 3502 402 3566 sententia¹.
449 3503 565 3567 Ausim
595 3523 669 3564 vero
699 3502 813 3580 dicere,
840 3503 1014 3582 Donoldns,
1041 3506 1192 3588 imopines

83 3609 200 3688 pictas,
209 3606 316 3687 fictas,
329 3606 457 3687 lipneas,
474 3606 650 3686 lapidemur
665 3625 820 3685 nunquam
835 3606 989 3668 adoravit.
1034 3607 1109 3671 Non
1123 3609 1191 3672 Deo

84 3729 281 3790 precessores
299 3707 445 3788 profudit
462 3729 523 3770 non
538 3707 720 3771 intellectos.
768 3707 860 3770 Sacri
879 3708 994 3771 Calicis
1009 3731 1116 3773 errore
1130 3733 1191 3774 non

80 3813 159 3893 suit.
207 3811 590 3888 Pramnbrtantiotr'onem,
611 3810 897 3888 Concomitantiam,
914 3812 1045 3875 Modum
1068 3817 1191 3896 quanti-

90 3917 229 3992 tativum,
246 3914 470 3994 Iudmlpentms,
488 3913 791 3995 Supereropetr'ones,
809 3913 899 3995 quasi
915 3923 1039 3997 spectra
1053 3917 1190 3982 totidem

89 4016 310 4079 exhorruisset.
351 4016 440 4096 Ipnis
450 4015 631 4095 porpotorii
645 4016 826 4077 mentionem
841 4016 944 4079 nullus
959 4018 1089 4081 audivit.
1125 4023 1189 4083 Ac·
1265 4088 1268 4095 ,

89 4119 258 4182 ridentibus
287 4119 424 4180 nutritos
453 4139 514 4179 non
541 4124 596 4180 est.
645 4117 922 4198 Ciremmpestutum
953 4121 1189 4184 Sacramentum

88 4244 149 4285 mon
171 4223 249 4285 vidit
270 4243 414 4303 unquam.
459 4222 576 4284 Vestra
590 4221 661 4297 ista,
678 4242 749 4303 quae
768 4222 959 4284 Catholiemm
977 4224 1045 4305 jam
1065 4224 1188 4288 faciunt

88 4487 104 4534 p
128 4405 253 4533 7'3][Vide
282 4407 383 4457 Action.
412 4406 440 4455 in
475 4404 614 4456 (inmotum
655 4405 824 4534 p¹24[5E]usob.
837 4406 906 4457 Hist
918 4407 985 4461 mei
998 4408 1072 4459 libr.
1085 4415 1185 4476 capit.
