2910 4926
254 285 322 346 444
570 299 613 347 sn
635 300 826 349 canonensis
847 301 1047 349 1111111111

253 453 367 516 titulos
381 452 440 516 hos
455 453 675 536 Evangelium.
721 455 860 517 Manent
876 455 1072 531 etiamnum
1095 460 1128 517 et
1149 453 1270 516 Wcurii
1289 453 1366 532 Dei,

155 544 161 554 ⁸
254 564 288 620 et
314 557 432 619 Christi
447 557 574 619 Domini
583 566 603 633 ⁰,
629 564 662 620 et
686 557 835 619 Pastores
853 558 964 638 populi
988 557 1104 620 merito
1128 555 1365 638 indigetantur.

256 660 278 721 J
279 680 363 722 osuae
379 680 453 722 vero
467 658 603 741 principi
622 659 708 721 Ovite
722 659 800 722 olim
815 682 909 722 suum
924 659 1118 722 commisisse
1132 660 1229 741 legas,
1246 678 1284 720 ne
1299 658 1367 720 sint

253 764 335 825 sicut
350 782 420 825 oves
441 763 507 824 eine
515 767 646 842 pastore
656 760 680 824 ἃ.
725 763 808 824 Tum
824 762 941 826 Daridi
956 762 1048 844 Regi,
1065 783 1138 824 eum
1159 760 1292 838 diceret,
1318 760 1366 821 Pu

247 886 361 947 posces
369 867 518 948 poputum
533 875 664 943 meum&
681 867 735 928 810.
782 866 830 930 Ut
846 874 878 929 et
894 867 991 929 Petro
1011 888 1069 928 sua
1090 867 1191 928 ovium
1213 886 1292 927 cura
1307 864 1362 941 sit,

254 976 287 1032 et
313 968 430 1032 Daridi
459 990 525 1030 aua.
571 967 749 1050 Religionis
775 969 837 1031 illis
869 991 978 1032 euram
1006 969 1175 1047 commisit,
1201 968 1267 1051 qui,
1295 988 1365 1030 non

255 1070 429 1132 Secundam
443 1068 539 1165 moglo
556 1069 694 1131 tabulam
708 1069 748 1132 de
763 1070 914 1148 moribus,
940 1070 995 1133 sed
1017 1071 1204 1133 etPrimam
1220 1068 1260 1131 de
1274 1068 1365 1130 Reli·

254 1172 359 1254 gione,
381 1172 508 1234 illorum
529 1172 680 1235 custodiae
702 1173 885 1248 mandavit,
910 1173 975 1256 qui,
991 1172 1129 1235 Ecceiea
1144 1192 1205 1233 nors
1219 1168 1366 1232 usitatas

254 1274 333 1338 vitio
352 1274 415 1337 illis
434 1275 540 1337 vertit.
585 1276 667 1338 Eam
683 1283 790 1338 autem
805 1275 840 1336 in
862 1275 1037 1358 Evangelio
1057 1296 1165 1337 curam
1186 1294 1254 1336 non
1270 1293 1363 1336 revo-

255 1378 347 1440 cavit
393 1379 480 1441 Nam
504 1399 575 1460 quae
596 1377 665 1441 Leu
680 1379 857 1441 libertatisg
871 1386 930 1457 est,
947 1387 980 1442 et
1003 1377 1186 1462 spiritualis,
1213 1377 1364 1458 Evange-

255 1479 345 1558 lium,
361 1479 402 1543 ad
417 1482 521 1563 Reges
541 1502 666 1563 quoque
688 1481 895 1545 commeavit:
919 1503 961 1544 ne
980 1477 1076 1565 (quod
1091 1501 1157 1543 non
1171 1478 1259 1542 nolle
1273 1478 1365 1541 vide-

255 1591 310 1645 tur
325 1582 512 1656 Cardinalisl
533 1585 696 1666 temporati
711 1584 854 1647 libertate
869 1585 1030 1667 gaudeant
1042 1585 1156 1666 Reges,
1172 1588 1365 1645 remaneant

256 1686 316 1749 sub
330 1688 491 1767 spirituali
505 1689 664 1750 amaritate.

290 1839 339 1888 Sed
352 1840 487 1902 Apostolis,
505 1840 549 1904 qui
567 1839 647 1903 Reges
663 1844 688 1890 et
706 1840 837 1904 Principes
853 1839 1004 1903 temporales
1020 1853 1072 1887 non
1089 1841 1168 1895 erant,
1183 1836 1251 1885 dixit
1252 1872 1358 1894 .....

321 1921 432 1970 ‘liuntes
441 1920 526 1970 docete
538 1937 625 1971 omncs
635 1928 730 1984 gentes,
742 1922 913 1987 baptizantes,⁴
925 1924 968 1971 &e
980 1957 1001 1970 ..
1013 1957 1018 1970 .
1028 1920 1103 1970 Petro
1112 1934 1169 1969 vero
1177 1918 1360 1981 Apostolorum

322 2003 412 2064 primo,
424 2017 475 2051 non
486 2003 587 2052 'liberio
599 2002 748 2067 Principum
764 2003 942 2066 temporalium
954 2004 1045 2065 primo,
1057 2000 1122 2050 ovile
1133 2014 1207 2049 snum
1218 1999 1358 2048 commisit

323 2083 433 2146 -[Bell.
445 2083 519 2146 Apol,
531 2098 576 2147 pro
589 2083 675 2146 Resp]
695 2100 718 2147 p.
731 2086 786 2134 183.
805 2083 874 2147 [Op.,
892 2088 952 2132 tom.
962 2083 1005 2133 vii.
1018 2083 1063 2131 col.
1075 2082 1130 2133 807.
1144 2082 1175 2131 Α.
1184 2079 1223 2144 B.]

112 2235 143 2286 sd
155 2251 194 2285 res
301 2216 344 2278 Et
360 2215 416 2277 illa
434 2217 515 2297 (quae
530 2214 575 2277 ibi
589 2221 661 2297 post
676 2214 818 2296 congerit
834 2235 872 2277 ex
887 2213 1079 2296 Evangeliis,
1095 2208 1360 2293 depraedicando,

95 2301 231 2414 mffis
259 2318 404 2395 docendo,
421 2318 618 2398 baptizando,
629 2323 762 2398 peccata
776 2318 970 2394 remittendo,
988 2315 1077 2379 Petri
1091 2335 1180 2377 more
1188 2313 1360 2395 passarario,

95 2429 204 2558 dirigen-
259 2421 308 2482 vel
333 2421 465 2501 rependo
495 2421 682 2500 Ecclesiam)
708 2420 792 2482 nihil
821 2420 861 2482 ad
890 2442 958 2483 rem
987 2417 1105 2482 omnia.
1151 2417 1247 2480 Nihil
1271 2416 1361 2478 enim

141 2535 146 2545 '
259 2523 374 2586 horum
389 2523 449 2586 sibi
464 2523 627 2586 vindicant
643 2525 746 2604 Reges
762 2522 947 2599 Christiani,
970 2543 1036 2583 non
1056 2519 1167 2601 magis,
1184 2540 1280 2601 quarn
1301 2517 1360 2580 sub

258 2626 339 2705 lege,
362 2627 562 2706 sam'jicuudi
591 2646 709 2702 mansu,
736 2627 892 2687 trecensum
922 2624 1077 2700 adolendi,
1107 2621 1359 2697 circumcidendi,

258 2727 403 2807 Lepeme
420 2728 575 2789 eatteura
591 2728 777 2807 suplicandi,
795 2727 996 2789 Sacerdotem
1017 2725 1067 2789 vel
1090 2722 1279 2816 Pontificum
1294 2724 1359 2786 ritu

260 2830 457 2910 Synapopom
472 2830 724 2892 administrandi.
770 2831 918 2891 Pastione
934 2829 1024 2890 Petri
1038 2848 1105 2890 non
1126 2834 1280 2909 pascunt;
1305 2825 1360 2887 sed

259 2931 322 2993 alia
338 2931 404 3013 (diu
419 2932 468 2994 vel
485 2941 559 2994 ante
575 2940 688 2993 natum
700 2934 844 3013 Petrum)
859 2931 923 2993 illis
938 2930 972 2992 in
988 2929 1111 2993 Davide
1126 2927 1358 2991 commendata.

260 3035 352 3098 Prius
374 3035 461 3098 enim
483 3036 582 3116 Reqee
600 3037 749 3121 Pastorcs
771 3036 806 3097 in
832 3034 936 3098 Sacris
957 3033 1058 3096 literis
1081 3030 1239 3114 appellati,
1263 3050 1358 3112 quarn

259 3140 464 3202 Sacerdotes:
488 3139 585 3220 prius,
613 3147 645 3201 et
668 3139 790 3220 saepius.
837 3137 908 3201 Etsi
930 3144 1037 3199 autem
1060 3135 1195 3198 subinde
1218 3134 1280 3195 ista
1303 3155 1359 3215 per

258 3241 450 3303 calumniam
477 3241 559 3323 Regi
586 3241 723 3324 impingi
753 3242 880 3315 solent3
912 3248 1024 3302 tamen
1052 3237 1142 3300 novit
1167 3235 1358 3314 Cardinalis,

258 3344 354 3407 missa
375 3345 443 3408 haec
465 3344 568 3407 facere
589 3346 720 3426 Regem,
744 3345 834 3406 litem
855 3343 894 3405 de
910 3343 980 3405 istis
994 3363 1061 3404 non
1075 3360 1212 3402 movere.
1258 3339 1357 3414 Quin,

258 3448 297 3511 de
326 3454 483 3530 potestate
512 3455 687 3509 conventus
714 3446 888 3522 indicendi,
919 3446 1005 3526 leges
1040 3465 1144 3506 sacras
1181 3441 1356 3520 sanciendi,

259 3551 382 3613 excelsa
411 3551 569 3628 diruendi,
600 3557 779 3632 serpentem
809 3569 934 3611 aeneum
964 3543 1212 3620 comminuendi,
1239 3565 1357 3621 rerum,

223 3647 225 3651 ⁴
258 3652 426 3714 hominum
445 3651 561 3714 abusus
580 3651 723 3714 tollendi.
770 3651 851 3715 Quae
873 3671 947 3713 cum
969 3649 1008 3711 ab
1028 3648 1160 3729 antiquo
1175 3646 1252 3709 olim
1268 3646 1361 3728 Repu

255 3754 337 3835 juris
359 3760 473 3830 essent,
495 3753 576 3835 juris
591 3752 695 3835 prisci,
712 3753 771 3815 sub
787 3754 893 3835 Lege:
918 3751 1111 3835 quominus,
1128 3757 1161 3812 01
1177 3749 1235 3811 sub
1251 3749 1358 3811 Evan-

137 3864 202 3927 322
258 3855 341 3938 gelio
356 3856 429 3932 sint,
446 3876 512 3917 non
534 3855 669 3937 explicat
685 3854 872 3933 Cardinalis,
888 3876 930 3916 ne
952 3850 1086 3917 conatur
1107 3851 1236 3935 quidem
1258 3852 1358 3935 expli-

258 3980 345 4021 care:
378 3957 486 4020 sedulo
511 3957 634 4039 probat,
660 3957 744 4039 quod
766 3979 834 4019 non
856 3964 993 4039 negatur
1017 3978 1035 4017 a
1059 3976 1218 4038 quoquam
1230 3981 1239 4031 ς
1272 3956 1358 4038 quod

257 4070 402 4144 negatur,
432 4082 493 4123 100
519 4060 659 4142 attingit.
705 4062 755 4123 De
784 4082 822 4123 eo
851 4069 960 4123 tamen
989 4059 1070 4121 mihi
1099 4058 1288 4137 monendus,
1320 4071 1357 4122 11

257 4165 380 4228 cautius
395 4164 457 4225 ista
470 4163 656 4244 parciusque
672 4162 857 4240 subinferat,
874 4162 913 4224 de
929 4161 1144 4243 predicando,
1160 4167 1193 4222 et
1209 4161 1356 4240 docendo,

288 4355 539 4473 .ppg11¹ffii.71‚]
858 4354 866 4386 ¹
890 4355 915 4418 [1
937 4355 978 4416 (al.
995 4355 1019 4415 3)
1039 4354 1098 4415 Reg.
1116 4354 1153 4402 iii.
1172 4356 1221 4409 23:
1246 4356 1355 4419 2(al.l)

287 4424 298 4455 ¹¹
344 4439 395 4473 um.
406 4423 484 4470 xxvii.
498 4422 535 4471 17.
827 4420 887 4481 Reg.
899 4420 944 4467 xii.
957 4419 1089 4477 10111111
1101 4418 1220 4483 saepiua]j

288 4497 298 4521 ⁰
316 4491 330 4536 2
343 4487 408 4537 Sam.
420 4486 465 4551 [al.
477 4485 550 4549 Rog]
562 4501 583 4534 v.
596 4488 618 4533 2.
857 4493 869 4524 ί
886 4482 949 4548 [Jae.
963 4484 989 4531 ii.
998 4483 1049 4545 la]
