2910 4926
252 277 318 340 266
567 295 611 342 m
632 293 823 343 amantum
844 291 1043 342 nummum

251 450 436 529 rutilantia,
453 453 503 514 aet
523 458 648 531 natura,
666 453 763 533 panis
785 457 816 513 ct
837 452 912 513 uini.
957 447 1102 533 Apponit
1123 454 1245 523 autem,
1267 446 1357 510 uude

251 553 433 618 luculenter
455 561 581 619 constet
604 556 697 619 nobis
721 556 761 618 de
784 575 880 618 sensu
899 554 986 638 ejus:
1012 553 1101 616 Sicut
1125 551 1269 614 Christro
1293 551 1355 633 (in-

252 658 333 742 quit)
351 679 430 721 unm
445 680 484 721 ea
498 661 621 722 notaria
637 665 758 722 canatat
767 659 899 740 proprie
907 655 1171 739 permanentibus.
1198 655 1355 739 Uterque,

251 768 284 825 et
313 762 471 842 Gelenius,
496 770 530 826 et
552 763 781 841 Theodoretus,
808 769 923 826 contra
944 760 1125 844 Eutychen
1187 759 1356 841 Equibus

251 864 373 947 liquido
394 871 531 944 constat,
552 866 788 930 substantialem
809 886 877 929 nan
899 885 979 942 ease,
995 884 1067 946 quae
1086 862 1121 925 in
1146 863 1356 925 Sacramenta

178 997 185 1005 ·
252 967 299 1044 fit,
330 969 631 1032 transmutationem.
686 970 825 1053 Appono
858 975 892 1031 et
921 965 1152 1050 Augustinum.
1209 965 1281 1028 Hoc
1309 970 1356 1028 eat

252 1069 336 1151 quod
356 1070 497 1149 dicimur,
514 1072 596 1152 qnod
614 1071 699 1155 [lege
717 1071 787 1156 troc]
807 1070 908 1134 madia
929 1069 1068 1133 omnibns
1090 1067 1263 1150 approbare
1283 1088 1356 1131 can·

252 1172 414 1251 tendimus,
442 1173 639 1256 Sacrificium
669 1174 815 1258 [scilicet]
846 1174 1068 1253 Eucharistiae,
1098 1172 1214 1235 duobus
1245 1170 1356 1252 aanfiei

258 1275 342 1359 [lege
358 1277 475 1340 duciae
489 1279 662 1362 caratore],
673 1278 790 1342 niribili
805 1280 1020 1342 elementorum
1034 1279 1145 1360 eperia
1160 1284 1191 1341 et
1206 1276 1356 1340 invicibili

257 1382 399 1466 [Domini
415 1383 528 1446 Nostri
542 1383 631 1468 Jeaa]
655 1385 773 1446 carati
789 1403 884 1447 carne
900 1389 931 1446 et
952 1383 1113 1465 canonino,
1134 1382 1354 1466 [sacramenta

252 1493 282 1548 et
299 1507 335 1548 re
354 1487 590 1570 sacramentali]
600 1512 610 1559 ,·
633 1488 714 1550 eicat
732 1487 851 1549 Cancri
864 1507 1002 1568 perrona
1025 1492 1147 1550 constat
1167 1486 1211 1570 [et
1230 1487 1355 1569 confiat

252 1587 319 1672 tur]
339 1610 379 1652 en
393 1591 460 1653 Dea
482 1596 514 1653 et
535 1591 665 1670 tramine,
681 1611 750 1654 cum
769 1592 835 1671 ipae
856 1590 1029 1675 [Cirrietue]
1048 1611 1140 1654 nerra
1156 1592 1199 1654 ait
1218 1591 1306 1653 Deua
1325 1596 1356 1653 et

251 1712 342 1756 aerea
357 1695 455 1758 aomo.
505 1694 586 1766 Quia
601 1694 701 1757 amnia
719 1714 770 1757 rea
784 1695 912 1757 illoram
932 1715 1037 1758 rerum
1051 1701 1207 1772 naturam,
1222 1700 1253 1757 et
1272 1694 1354 1757 oeri-

252 1797 408 1875 tatem,in
429 1817 463 1859 ee
483 1798 684 1873 continetur
707 1797 817 1879 quibua
838 1795 1011 1878 conficitur.
1060 1796 1230 1879 Conficitur
1251 1803 1356 1860 autern

252 1900 488 1963 Sacramentum
508 1899 687 1984 [Ecateeia]
716 1900 876 1984 (duamur)
903 1903 1114 1980 Sacramenta,
1131 1907 1162 1964 et
1183 1921 1218 1964 re
1237 1901 1354 1965 Sacra·

251 2003 356 2079 menti,
372 2002 408 2065 id
421 2009 478 2080 eet,
493 2024 621 2085 empore
639 2005 786 2067 conctis.

283 2117 354 2168 luter
370 2120 474 2179 novitia,
493 2124 520 2169 et
536 2134 632 2184 nupera
648 2119 768 2183 dogmata
785 2119 859 2183 pauit
878 2119 1060 2169 Adaratianem
1080 2118 1236 2169 Sacramenti
1258 2118 1354 2170 nuem-

315 2201 403 2262 riatiae,
424 2201 452 2249 id
468 2205 507 2250 eat
522 2199 695 2252 adorationem
707 2200 802 2251 Christi
818 2201 924 2251 Domini
934 2201 963 2250 in
974 2201 1143 2259 Sacramenta,
1154 2202 1227 2261 mira,
1239 2200 1284 2251 aed
1294 2216 1355 2252 vera

314 2283 390 2332 modo
409 2283 549 2346 prasentia
557 2311 591 2320 —
599 2283 676 2348 [Beli.
698 2284 772 2348 Apol.
792 2299 838 2347 pro
858 2282 946 2347 Rasa]
969 2298 994 2349 p.
1007 2284 1062 2335 107.
1089 2283 1159 2348 [Op.,
1174 2288 1235 2333 tam.
1247 2284 1292 2334 vii.
1306 2285 1354 2334 eol.

316 2364 372 2414 764.
384 2363 426 2428 1).]

89 2464 236 2543 [pandora
294 2455 335 2517 In
351 2456 534 2518 adoratione
550 2456 755 2534 Sacramenti,
772 2455 813 2518 ad
835 2455 935 2518 limen
956 2455 1062 2539 ipsum
1081 2455 1220 2539 turpiter
1238 2454 1355 2540 impin-

87 2531 236 2660 {iffissff
251 2557 309 2642 git.
336 2560 533 2622 Sacramenti
548 2559 602 2637 ait,
615 2559 709 2622 idest
724 2560 842 2622 Cariati
854 2560 981 2622 Domini
994 2561 1028 2621 in
1040 2560 1252 2637 Sacramenta,
1263 2561 1353 2638 mira,

250 2661 308 2723 eod
320 2681 391 2723 aera
407 2663 495 2724 moda
505 2664 681 2742 prasentia.
726 2664 839 2746 Apage
855 2684 939 2726 vero.
986 2663 1067 2728 Quis
1082 2663 1111 2726 ei
1126 2662 1189 2726 hoc
1204 2662 1353 2726 dederit?

253 2766 459 2842 sacramenti,
491 2765 527 2827 id
554 2771 610 2841 eat,
636 2766 755 2827 aaran
784 2767 818 2827 in
849 2766 1061 2829 Sacramenta.
1108 2766 1180 2829 Ima
1205 2765 1355 2829 Christus

251 2867 318 2949 ipse
342 2868 541 2932 Sacramenti
560 2890 623 2947 res,
645 2869 691 2946 in,
714 2877 747 2930 et
771 2890 845 2932 cum
870 2870 1095 2944 Sacramenta;
1122 2876 1220 2946 extra,
1237 2877 1271 2932 et
1286 2869 1354 2932 sine

253 2973 470 3050 Sacramenta,
480 2971 537 3035 ubi
551 2971 608 3034 ubi
623 2977 681 3049 est,
695 2972 873 3034 adorandae
889 2977 947 3035 est.
981 2973 1049 3035 Rex
1065 2979 1173 3036 autem
1186 2973 1354 3037 Christum

251 3073 285 3136 in
310 3072 512 3137 Eucharistia
535 3094 606 3137 vere
631 3079 825 3154 presentem,
852 3094 924 3136 vere
951 3080 984 3137 et
1008 3075 1202 3137 adorandum
1228 3074 1353 3150 statuit,

251 3197 320 3238 rem
346 3176 467 3240 scilieet
498 3178 722 3255 Sacrameuti3
758 3184 791 3241 at
821 3198 887 3240 nan
916 3179 1171 3253 Sacramentum,
1198 3182 1354 3239 terrenam

251 3278 370 3342 scilicet
379 3286 516 3360 partem,
532 3288 570 3341 ut
587 3278 768 3355 Irenaeush3
792 3280 953 3357 visibilem,
969 3288 1007 3343 ut
1021 3278 1248 3363 Augustinus&

282 3406 333 3471 [S]
344 3406 494 3457 Ambrosius
506 3444 512 3457 .
525 3445 531 3457 .
544 3444 550 3457 .
563 3407 684 3458 ‘Carnem
695 3406 791 3457 Christi
803 3408 830 3456 in
842 3408 970 3471 mysteriis
980 3406 1130 3458 adeamus*
1138 3408 1151 3457 '.
1165 3443 1172 3457 .
1184 3444 1190 3455 .
1203 3444 1208 3456 .
1221 3405 1258 3471 [S.
1268 3406 1354 3471 area]

312 3488 418 3539 Naziam
437 3525 443 3538 .
461 3525 467 3538 .
486 3527 491 3538 .
510 3489 629 3552 [laudans
642 3490 764 3552 pietatem
779 3488 922 3551 Gergouiae,
938 3491 975 3540 ita
989 3489 1089 3553 scribit]
1107 3524 1112 3536 .
1132 3526 1138 3538 .
1156 3525 1162 3538 .
1180 3525 1187 3538 .
1206 3488 1296 3548 ‘Eum
1308 3489 1352 3552 qui

313 3585 389 3633 supra
402 3570 481 3620 altare
495 3571 594 3628 colitur,
613 3606 618 3618 .
641 3608 647 3619 .
665 3607 671 3618 .
689 3569 847 3620 obtestanti*
882 3570 959 3636 [Quid
975 3576 1060 3620 autem
1074 3584 1149 3634 super
1160 3570 1238 3620 altare
1250 3571 1354 3629 caletur,

280 3751 291 3782 ί
315 3742 400 3805 [Dect.
424 3743 479 3793 Par.
498 3742 550 3872 iii}
578 3743 616 3793 De
637 3743 777 3793 consecrat
855 3742 861 3775 ¹
886 3743 937 3793 Ubi
949 3759 1030 3807 supra,
1044 3744 1109 3807 [nat.
1120 3743 1153 3807 1,]

248 3807 335 3870 [Uist]
346 3808 370 3854 ii.
383 3806 445 3871 [cap.
457 3808 537 3856 xlviii.
563 3807 632 3856 ‘Hae
640 3809 692 3856 eat!
706 3810 778 3871 Carp.
854 3806 866 3839 ¹¹
883 3809 918 3873 [S.
932 3808 1048 3857 Ambrae.
1060 3807 1092 3857 de
1104 3807 1190 3870 Spirit.
1206 3807 1289 3857 Sauat
1308 3807 1352 3856 lib.

247 3871 300 3918 tur.
311 3871 370 3919 Can.
379 3873 463 3920 tami.
473 3873 608 3922 cotila-36.
620 3874 682 3923 1937
690 3872 778 3931 ;Cant.
824 3873 861 3924 iii.
884 3889 938 3937 cap.
952 3877 990 3922 11.
1020 3873 1078 3921 Bau.
1101 3872 1142 3935 (al.
1162 3874 1215 3934 12.)
1239 3873 1353 3923 rectit).

249 3935 364 3997 Praspcri
382 3935 437 3997 Op..
456 3951 480 3998 p.
493 3939 547 3984 214.
565 3937 736 3998 lrugd.1539;
754 3943 780 3985 ct
825 3939 878 4033 Ορ,
897 3944 956 3987 tam.
975 3939 1001 3987 ii.
1019 3938 1065 3986 col.
1079 3939 1133 3988 781.
1146 3936 1189 4000 rt]

251 4001 380 4048 hrtutrauci
395 4000 448 4048 Lib.
458 4001 488 4049 de
499 4001 688 4064 Carp.etSaug.
701 4001 774 4050 Dam.
884 4004 994 4066 [Πάντων
1023 4003 1161 4063 ἀπογνοῦσα
1192 4005 1240 4050 τῶν
1261 4003 1353 4062 ἄλλον,

247 4079 300 4159 ουρ
312 4079 336 4112 x.
355 4064 410 4127 Op,
428 4080 451 4127 p.
463 4068 518 4114 239.
535 4066 591 4114 hut.
611 4065 758 4131 Par.1648.]
818 4069 857 4116 ert
869 4068 913 4116 τὸν
929 4066 1027 4116 πάντων
1043 4067 1125 4129 ἰατρὸν
1141 4063 1297 4130 καταφεύγει,
1314 4069 1353 4116 καί

311 4128 362 4192 [Ὦς
377 4131 424 4192 γὰρ
443 4130 489 4177 ἀπὸ
507 4134 552 4190 γῆς
569 4134 639 4193 ἄρτος
655 4141 775 4204 προσλαμ-
820 4133 905 4182 νυκτὸς
922 4132 1008 4194 ἀωρίαν
1025 4133 1158 4193 τηρήσασα,
1175 4133 1259 4193 μικρὸν
1275 4130 1353 4181 ἐνδοί-

248 4191 378 4255 βανιίμινοι
412 4195 459 4253 την
486 4195 602 4251 {urinam
634 4215 678 4244 που
705 4199 773 4255 Θεοῦ,
819 4215 862 4255 σητ
882 4195 942 4262 αὐτῇ
965 4200 1008 4254 τῆς
1030 4198 1111 4256 νόσου,
1135 4196 1169 4258 rai
1192 4197 1353 4260 θυσιαστηρίῳ

248 4257 328 4309 οὐκέτι
340 4259 416 4309 κοινὰς
428 4259 499 4323 ἄρτος
509 4260 584 4318 ἐστίν,
596 4261 652 4308 ἀλλ’
665 4260 774 4322 εὐχαρισ-
818 4262 961 4323 προσπίπτει
977 4262 1039 4321 μετὰ
1058 4263 1102 4318 τῆς
1121 4262 1232 4311 πίστεως.
1250 4262 1288 4308 καί
1308 4265 1352 4310 τὸν

247 4323 294 4383 τία,
319 4325 346 4373 ἐκ
369 4322 411 4372 διίο
438 4327 584 4386 πραγμάτων
605 4329 772 4383 συνεστηκυῖα,
817 4327 854 4375 ἐπ’
873 4327 937 4387 αὐτῷ
956 4325 1087 4387 τιμώμενον
1111 4325 1293 4385 ἀνακαλουμένη
1313 4346 1352 4385 με·

247 4389 352 4450 ἐπιγαίου
375 4408 402 4437 τε
431 4391 470 4437 καί
497 4389 610 4452 οὐρανίου.
623 4391 686 4437 —S.
709 4389 772 4439 iren.
817 4389 883 4455 γάλη
901 4393 932 4454 τῇ
944 4389 1139 4455 βοῇ-3οης.
1157 4389 1217 4438 Naz.
1231 4392 1300 4438 Orat.
1315 4392 1348 4439 xi.

246 4459 324 4502 contr.
339 4452 419 4514 lina]
436 4454 480 4502 lib.
489 4454 521 4502 iv.
533 4470 584 4516 cap.
594 4454 680 4502 xxxiv.
691 4454 771 4518 [xviii.
818 4455 844 4503 iu
857 4455 957 4504 laudem
969 4456 1061 4505 sororia
1072 4469 1124 4502 aum
1137 4454 1279 4517 Garganica.
1293 4454 1351 4518 ap,

249 4517 363 4566 ilassuat.
383 4533 405 4580 p.
419 4520 474 4567 251.
493 4519 537 4567 cal.
551 4518 584 4581 2.]
818 4525 877 4568 tam.
892 4520 907 4568 i,
925 4535 948 4582 p.
963 4523 1017 4570 186.
1031 4520 1056 4569 0.
1066 4519 1110 4582 1).]
