2910 4926
470 269 653 329 naonoomn
675 278 857 329 RESPONslo.
1151 268 1218 332 lla

111 433 224 513 scribo,
240 454 258 498 e
272 433 385 498 vestris
408 456 492 498 unus
513 435 622 519 (atque
643 434 671 498 is
687 436 708 498 J
710 434 839 519 csuita),
855 436 909 502 hic
927 440 997 522 jam
1019 439 1054 502 in
1077 439 1213 503 Carccrc
1226 452 1275 518 [De
1287 452 1334 504 hoc

111 537 197 621 apud
212 559 281 616 nos,
300 539 353 621 (ne
369 538 545 620 quaestione
561 538 691 622 quidem
705 540 774 602 ulla
789 541 829 604 dc
844 562 882 605 eo
901 542 1022 620 habita,
1038 542 1094 606 sed
1108 563 1213 626 nequo
1225 518 1339 633 {fidicina

110 640 160 705 vel
175 640 272 704 verbo
294 650 426 724 rogatus
449 640 490 705 dc
512 643 559 723 re)
584 651 698 726 sponte
723 665 782 706 sua
800 645 872 727 (nec
892 667 947 729 spe
968 646 1136 722 adductus,
1152 667 1213 710 nec
1226 649 1352 699 Pontifex.

110 747 213 828 metu)
230 744 334 807 fassus
349 751 407 822 est,
422 745 458 828 in
472 744 614 828 idipsum
631 753 759 829 tempus
779 749 849 829 (pao
872 769 1019 812 accensus
1040 751 1091 812 liic
1106 750 1214 831 puluis

110 853 142 910 et
163 853 286 929 etrapes
306 847 480 928 subsecuto)
498 847 533 910 in
552 847 695 931 idipsum
713 848 869 933 (inquam)
889 858 1026 933 tempus,
1042 872 1213 934 procusum

110 950 221 1028 luisse,
238 956 334 1034 atque
350 950 429 1015 adeo
449 951 563 1015 exiisse
583 974 603 1014 a
622 952 780 1015 Pontificc
798 953 928 1034 (mirum
948 960 1058 1017 autem
1079 954 1113 1016 ni
1136 975 1213 1017 con-

111 1053 187 1131 scio,
207 1054 234 1116 si
252 1075 328 1117 vcra
351 1056 472 1137 narrat)
499 1055 624 1118 fulmen
646 1054 826 1133 trisulcum,
843 1056 954 1119 Bullas
977 1063 1044 1120 tros
1068 1056 1214 1120 Anatha-

110 1157 225 1220 matis:
249 1158 377 1241 Easque
397 1158 432 1221 in
455 1158 599 1241 deposito
621 1157 720 1221 fuisso
734 1179 801 1221 non
823 1160 934 1241 procul
961 1160 1047 1238 hinc,
1071 1181 1111 1223 ex
1136 1181 1213 1223 con-

111 1263 208 1343 dicto,
224 1264 334 1327 statim
350 1263 406 1327 ubi
421 1263 567 1327 confecta
588 1284 650 1341 res,
666 1263 832 1326 Pontificio
846 1264 979 1327 nomine
993 1263 1213 1347 publicandas,

111 1365 229 1449 quibus
260 1367 321 1430 tria
350 1367 385 1429 in
423 1367 537 1448 Regno
566 1365 637 1428 loca
673 1365 824 1446 priman'a
860 1366 1029 1429 confestim
1058 1366 1212 1430 ferienda.

111 1470 190 1533 Non
212 1469 391 1554 publicatas
414 1469 562 1552 quidem:
585 1468 658 1531 Nec
680 1469 766 1531 enim
789 1468 914 1532 fulmen
935 1469 1016 1533 illud
1037 1470 1125 1552 prius
1149 1468 1213 1532 dis-

109 1572 241 1656 plosum
262 1572 334 1651 fuit,
352 1571 409 1634 sed
430 1572 465 1635 iu
487 1579 639 1655 promptu
662 1578 773 1634 tamen
792 1571 899 1649 fuisso,
917 1580 950 1634 et
969 1573 1147 1655 procinctu,
1163 1578 1212 1649 ut,

113 1675 206 1758 signo
230 1675 316 1753 dato,
342 1675 471 1738 fulmini
493 1669 624 1738 fulmen
644 1673 838 1737 succederet.
885 1676 966 1738 Haec
988 1675 1061 1738 ille:
1097 1677 1213 1756 (Penes

110 1786 276 1843 auctorem
306 1779 385 1842 fides
415 1784 493 1857 esto,
520 1784 563 1856 ct,
590 1799 686 1861 quem
707 1785 862 1861 praeterca
886 1778 927 1841 dc
952 1779 1068 1842 vestris
1093 1787 1212 1842 testcm

110 1882 189 1946 citat
200 1884 220 1965 ε)
246 1883 308 1945 Ille
322 1903 397 1946 vero
411 1882 480 1946 haec
494 1882 530 1944 in
545 1890 641 1965 ceput
656 1903 750 1944 suum
757 1905 766 1956 ;
789 1901 848 1944 nec
859 1881 909 1943 vel
918 1881 992 1944 vitae
1007 1903 1096 1965 spem
1112 1882 1214 1966 stipu-

109 1985 206 2064 latus,
223 1984 280 2048 sed
295 1985 427 2048 sceleris
442 1991 572 2047 tantum
587 1984 793 2062 conscientia,
805 1991 838 2047 et
854 1985 957 2048 cordis
973 1984 1082 2048 dolorc
1096 1992 1213 2063 tactus,

109 2086 196 2150 ultro
226 2085 387 2170 patefecit.
441 2086 629 2168 Dipitaaque
658 2087 710 2149 lu'e
734 2086 796 2148 Dei
825 2083 914 2175 est⁴¹.7
946 2087 994 2149 Ut
1020 2086 1090 2169 jam
1120 2085 1215 2148 credo

108 2188 232 2253 nemini
248 2188 421 2253 obscurum
440 2189 492 2267 sit,
507 2210 576 2252 non
591 2197 714 2252 temere
728 2209 808 2266 esse,
825 2188 994 2271 quodiam
1011 2189 1124 2251 timide
1146 2209 1214 2252 rem

110 2293 250 2374 attingat
269 2291 461 2369 cardinalia,
476 2301 545 2355 tam
565 2292 739 2356 desultorie
759 2298 914 2355 transcat.
958 2291 1031 2354 Nec
1055 2290 1102 2355 ita
1122 2291 1216 2354 valdo

109 2417 185 2479 ergo
215 2416 326 2458 exosas
355 2416 423 2458 csse
452 2395 559 2459 Curiae
585 2397 739 2460 Romanae
765 2395 1011 2478 Conjuwtimzm,
1043 2395 1091 2476 (ut
1111 2392 1213 2456 videri

108 2500 190 2582 vult)
202 2519 263 2562 nco
279 2499 324 2563 sic
339 2501 481 2562 ececrori
497 2520 551 2563 eos
565 2500 610 2562 ibi
620 2500 830 2581 parricidio&
865 2497 1056 2561 Pontificem
1072 2496 1214 2580 quidem,

112 2604 180 2687 (qui
194 2603 264 2667 haec
278 2602 325 2665 ita
339 2603 506 2667 commode
521 2603 629 2666 divisit
644 2603 843 2687 temporibus
853 2601 877 2685 s)
896 2602 1023 2665 affinem
1039 2601 1086 2665 rei
1101 2601 1214 2678 totiuS,

110 2715 196 2770 certe
210 2706 361 2790 ignarum
375 2728 442 2770 non
456 2706 565 2772 fuisso.

141 2840 180 2890 De
192 2857 241 2905 qua
257 2857 292 2903 rc,
308 2842 376 2905 quod
392 2842 457 2891 mihi
474 2840 611 2891 dicendum
627 2841 768 2903 videbatur,
786 2841 875 2905 scripsi
893 2841 921 2891 in
938 2841 989 2891 alio
1004 2838 1214 2904 libello—[Bell.

173 2921 248 2985 Apol.
259 2937 305 2987 pro
316 2920 405 2985 Resp]
418 2937 442 2986 p.
454 2923 492 2972 la.
506 2922 575 2985 [Op.,
587 2925 648 2970 tom.
660 2912 704 2971 vii.
716 2922 761 2971 col.
774 2922 829 2975 729.
842 2921 888 2984 A.]

153 3019 271 3104 Rejicit
284 3018 338 3083 hic
353 3042 412 3083 nos
428 3020 468 3083 ad
484 3021 580 3083 oliam
596 3020 740 3099 libellum,
757 3041 874 3104 nempe
889 3020 931 3082 ad
945 3021 1089 3098 Tortum,
1103 3016 1213 3082 Cardi—
1238 3026 1318 3077 Nulla
1369 3093 1376 3106 .

107 3122 201 3203 nalis,
227 3122 285 3186 ubi
313 3125 504 3186 occasionem
533 3124 641 3186 datam
660 3112 825 3203 ”autumat
850 3124 907 3187 sed
937 3111 1058 3207 duplici
1083 3122 1214 3186 nomine
1227 3107 1303 3207 ,132⁰
1298 3090 1378 3207 ff

108 3225 249 3308 rejectus
274 3233 333 3289 est.
393 3228 482 3290 Nam
506 3248 566 3290 nec
597 3226 673 3292 data
697 3235 756 3304 est,
791 3236 824 3290 et
853 3226 943 3289 nulla
969 3247 1112 3308 unquam
1143 3225 1216 3287 dori
1227 3221 1284 3286 siu]

103 3329 211 3409 potuit
234 3331 365 3408 occasio,
381 3337 418 3393 ut
434 3330 603 3413 quisquam
619 3337 715 3414 caput
731 3352 826 3394 suum
841 3336 911 3392 tam
926 3327 1087 3392 horrcndo
1103 3326 1216 3391 sceleri

110 3430 288 3495 devoveret.
336 3434 412 3495 Cum
436 3455 491 3515 epo
514 3455 643 3517 pauper
651 3444 674 3512 Β,
703 3441 792 3496 recte
822 3431 913 3496 dixit.
966 3430 1062 3497 Quod
1088 3431 1214 3514 pungit,

108 3533 249 3617 lugiunt.
282 3535 398 3617 Fugite
414 3557 488 3599 vero
504 3545 661 3621 quantum
677 3536 812 3620 potestis
827 3541 986 3619 punctum
1001 3535 1073 3611 hoc,
1090 3554 1215 3616 semper

109 3637 199 3703 vobis
213 3639 249 3701 in
264 3647 338 3703 oute
353 3640 524 3703 victurum.

142 3773 248 3824 Fatetur
261 3808 268 3823 .
287 3810 294 3823 .
311 3809 317 3823 .
331 3774 500 3825 Bellarminus
511 3776 606 3825 librum
617 3791 670 3827 essa
680 3791 769 3837 saum3
785 3775 838 3837 sed,
847 3777 877 3826 ut
887 3791 962 3840 supra
973 3774 1102 3834 admonui,
1113 3787 1166 3822 non
1176 3776 1215 3823 ast

173 3855 255 3904 visum
268 3856 308 3905 illi
319 3870 412 3906 nomeu
424 3872 497 3905 suum
509 3857 653 3917 inscribere,
664 3858 724 3919 quia
736 3873 816 3920 noque
827 3856 985 3907 adversarius
997 3850 1091 3905 nom'en
1105 3854 1210 3918 inscrip-

174 3942 241 3987 serat
251 3952 359 3986 suum.-
367 3937 441 4002 [Bell.
455 3938 528 4002 Apol.
541 3953 586 4002 pro
597 3938 682 4003 Resp]
694 3954 718 4002 p.
731 3940 770 3989 43.
792 3939 929 4003 [Op.,tom.
942 3940 986 3988 vii.
997 3938 1043 3989 col.
1056 3940 1112 3991 729.
1125 3936 1161 3998 A,
1171 3935 1211 4000 B.]

153 4036 203 4099 De
215 4036 394 4118 Cardinalis
406 4037 504 4120 pullo,
517 4037 552 4099 in
563 4037 640 4100 nido
650 4037 740 4100 'lorti
752 4037 889 4115 excluso,
901 4037 1046 4120 proxime
1058 4034 1213 4119 sequitur.
1227 4051 1381 4166 [caminatis

109 4140 188 4215 Rea,
205 4140 283 4203 libro
301 4161 410 4203 nornen
427 4161 482 4202 suo
503 4162 564 4203 non
582 4142 754 4222 inscripsit,
773 4162 833 4204 nec
852 4140 1032 4205 Cardinalis
1050 4138 1131 4202 item
1147 4158 1213 4200 auo.
1228 4117 1357 4245 ,ltffim

141 4296 375 4375 ‘quenninp
595 4365 600 4377 .
684 4261 1357 4377 tus,p.aemon.eolon.,udit.1‘011ipggffgw

108 4363 641 4490 ..zt‘f'tuttonanunuiu
684 4367 731 4460 a,
744 4361 1216 4479 litlilllllll·llll·Al

109 4465 288 4543 datam'nomo
306 4493 414 4543 inficiari
434 4492 641 4557 potcst.’']-'l'or·
717 4503 729 4534 ⁸
745 4430 824 4558 illido
836 4509 918 4559 supm,
931 4509 955 4557 p.
969 4465 1054 4544 lsnot
1065 4426 1099 4555 ti
