2910 4926
253 270 318 333 300
565 285 608 334 so
632 286 822 335 cesamsms
844 287 1043 335 smmum

254 439 360 520 lapsum
376 440 559 520 peculiaris.
609 443 709 523 Super
722 444 831 523 ipsum,
847 442 943 505 ueluti
963 448 1089 519 terram,
1106 437 1278 521 fundatam
1293 439 1359 502 Ec·
1415 489 1420 497 .

255 543 389 620 clesiam
406 543 462 606 sed
478 564 571 625 super
585 547 674 623 alios,
689 567 844 609 unacum
859 545 937 628 ipso.

288 678 429 742 Cyprianus
445 716 451 728 .
470 716 475 729 .
494 716 500 729 .
519 680 549 729 de
561 682 659 731 uniisse
672 682 790 732 Ecclesia
806 682 866 732 tacit
879 680 982 730 Petram
1000 684 1082 744 csput,
1095 681 1198 739 fontem,
1210 682 1236 728 et
1247 676 1357 728 ndioem

323 759 428 824 [totius]
442 760 605 810 Ecclesias-
619 763 693 828 [Bell.
714 763 789 827 Apol.
809 778 855 827 pro
874 762 961 826 Resp]
980 777 1004 825 p.
1020 764 1075 813 125.
1092 760 1159 826 [Op.,
1176 765 1236 810 tom.
1249 760 1293 809 vii
1311 759 1358 809 vot.

321 843 376 892 775.
389 841 431 906 A.]

94 950 133 1026 [s.
142 949 243 1015 Cypria
299 941 387 1004 Fecit
407 942 585 1025 Cyprianus
602 943 735 1006 Petram
755 951 858 1026 eaput,
875 943 1009 1025 fontan,
1033 943 1180 1018 radicem,
1196 940 1359 1003 Ecclesia.

92 1014 139 1079 ω’]
256 1045 334 1109 Non
365 1048 496 1110 Petrum
526 1048 686 1124 Ecclesiae‚
720 1047 776 1112 sed
807 1050 871 1112 imo
901 1048 1077 1111 Ecclesiam
1105 1045 1209 1128 ipsam
1233 1043 1359 1125 fontem

92 1219 95 1225 ,
134 1142 200 1205 218
247 1148 343 1230 facit,
360 1150 447 1213 unde
471 1152 562 1213 multi
586 1152 698 1230 rivuli3
722 1154 833 1229 lumen,
857 1150 943 1214 unde
967 1149 1063 1213 multi
1084 1148 1184 1224 radii3
1207 1147 1356 1226 radicem,

255 1253 343 1316 unde
367 1255 462 1317 multi
484 1255 565 1316 rami
587 1264 815 1339 propagantur.
861 1255 958 1318 Disce
974 1254 1024 1317 vel
1046 1274 1085 1316 ex
1102 1253 1181 1335 ipso.
1227 1252 1283 1315 Sic
1300 1254 1354 1333 (et)

255 1357 409 1435 Ecclesia,
424 1358 553 1421 Domini
577 1360 644 1421 luce
663 1359 804 1442 perfilsa,
825 1380 888 1441 per
911 1360 1013 1422 orbem
1039 1364 1136 1421 totum
1158 1358 1266 1420 radios
1284 1376 1358 1420 meos

252 1463 399 1543 poruipit.
444 1463 588 1525 Ecclesia
615 1463 729 1546 (dicit),
749 1485 816 1526 non
837 1464 962 1527 Petrus.
1012 1462 1232 1525 Uerumtamen
1256 1463 1359 1525 lumea

255 1571 311 1643 est,
329 1566 412 1648 quod
424 1566 534 1648 ubique
550 1566 747 1648 affunditur,
767 1570 821 1649 (nn
835 1569 947 1631 lumen
961 1568 1022 1631 hoa
1037 1568 1176 1630 Petrus?
1201 1574 1258 1629 aut
1273 1587 1316 1629 an
1330 1565 1358 1629 is

254 1668 374 1751 ubique
397 1669 532 1732 diffusus
542 1671 568 1752 t)
595 1691 651 1735 nee
664 1673 770 1735 unitas
784 1674 923 1754 emporis
936 1677 1111 1753 separatur.
1156 1671 1272 1734 Remos
1285 1691 1359 1733 suos

258 1774 425 1856 (Ecclesia)
459 1775 493 1836 iu
527 1776 702 1838 universam
738 1782 864 1856 turam,
896 1779 986 1858 copia
1014 1777 1176 1853 ubertatis,
1206 1775 1357 1853 eutemlit,

248 1881 438 1960 pumtucules
454 1880 585 1960 larpiter
605 1881 688 1942 rivos
709 1881 804 1942 lulius
823 1881 992 1962 expandit:
1016 1901 1110 1941 ursum
1130 1885 1234 1942 tamen
1251 1885 1356 1960 caput,

254 1990 284 2046 et
299 1985 386 2067 oripo
402 2005 474 2061 uua,
491 1990 521 2046 et
540 2005 603 2047 uua
623 1990 733 2062 mater,
750 1984 971 2064 facunditatis
990 1984 1180 2046 successibus
1201 1984 1356 2064 copiosa0.

256 2086 412 2169 caligavit
433 2088 486 2150 hie
507 2088 707 2152 Cardinalis:
740 2089 817 2151 Non
839 2088 924 2151 onim
944 2087 1045 2171 (puto)
1065 2088 1195 2151 Petrum
1214 2088 1357 2150 dicturus

255 2198 302 2253 est
316 2192 466 2269 Matrem,
481 2213 523 2254 ne
542 2192 641 2273 Caput
658 2191 788 2275 quidem
803 2191 911 2274 igitur.

287 2327 322 2376 Et
333 2327 360 2375 in
377 2327 458 2392 Epist„
476 2327 508 2378 sd
526 2329 657 2387 Quintum,
676 2327 781 2378 ‘Petras
797 2365 803 2378 .
822 2363 828 2375 .
846 2365 852 2377 .
871 2364 877 2377 .
895 2343 970 2393 saper
986 2343 1061 2391 quem
1079 2328 1204 2378 Dominus
1219 2326 1358 2377 edificavit

319 2406 472 2458 Ecclesiam!
490 2446 496 2457 .
513 2445 519 2459 .
537 2445 544 2458 .
562 2409 633 2458 Dicit
649 2446 656 2459 .
674 2445 680 2458 .
697 2444 704 2458 .
722 2425 797 2473 super
813 2425 871 2459 eum
888 2409 1040 2459 ssdifiestsm
1051 2424 1103 2459 osso
1114 2408 1260 2465 Ecclesiam.
1271 2424 1300 2458 ac
1312 2423 1357 2472 pet

319 2487 367 2537 hoc
394 2504 446 2538 esso
474 2489 668 2539 fundamentum
691 2489 816 2540 Ecclesiae.
851 2490 924 2548 Quod
946 2496 1031 2541 eutem
1054 2495 1092 2539 ost
1113 2489 1306 2539 tundamentum
1328 2489 1356 2538 iu

303 2625 307 2633 ⁴
319 2569 435 2629 aedificio,
446 2569 514 2618 idom
526 2576 564 2619 est
575 2575 650 2635 capul
661 2572 688 2620 in
700 2571 917 2636 corpora—[Bell.
931 2571 1004 2636 Apol.
1016 2586 1062 2633 pro
1074 2570 1158 2634 Resp]
1175 2585 1199 2634 p.
1212 2572 1266 2619 125.
1286 2570 1357 2634 [Op.

320 2656 381 2700 tom.
394 2653 436 2700 rii.
455 2652 500 2701 col.
514 2653 569 2703 775.
582 2652 625 2717 Α.]

298 2752 392 2815 Alter
415 2773 490 2815 vero
520 2753 567 2814 illi
597 2773 637 2815 ex
662 2754 821 2838 Cypriano
852 2754 940 2816 locus
969 2753 1192 2835 praecidendus
1224 2761 1293 2816 erat
1317 2774 1356 2817 ex

255 2864 355 2938 parte,
377 2878 441 2938 qua
462 2878 575 2939 parum
600 2857 760 2941 benignus
786 2859 814 2920 ei
841 2866 986 2939 aspectus
1006 2859 1047 2920 ad
1071 2858 1254 2941 primatum,
1303 2859 1356 2921 Sic

255 2961 341 3023 enim
367 2983 400 3024 se
424 2962 530 3025 habet.
578 2964 662 3025 Nam
685 2985 744 3043 ‚nec
768 2965 892 3040 Petrus,
921 2964 1020 3044 (quem
1042 2965 1180 3044 primum
1204 2964 1357 3026 Dominus

254 3065 355 3144 elepit,
378 3064 422 3147 [et
441 3085 537 3146 supra
558 3086 646 3146 quem
669 3065 835 3146 adiJicavit
854 3066 1030 3128 Ecclesiam
1049 3086 1147 3143 suom,
1169 3087 1236 3127 crem
1254 3086 1357 3129 secum

256 3167 375 3230 Paulus
404 3169 442 3230 ele
468 3170 699 3232 circumcisione
717 3170 914 3250 postmodum
940 3170 1158 3253 disceptaret])
1186 3170 1357 3232 vindicavit

253 3272 314 3334 sibi
335 3274 457 3354 aliquid
474 3274 651 3351 insolenter,
667 3280 722 3335 aut
742 3280 928 3355 arropauler
947 3278 1123 3357 assumpsit,
1138 3282 1173 3338 ut
1193 3275 1309 3337 diceret
1324 3296 1357 3337 se

248 3377 422 3455 prioratum
444 3382 556 3454 tenere,
578 3376 635 3459 [et]
657 3376 862 3456 obtemperari
885 3397 905 3437 a
927 3379 1063 3453 novellis,
1087 3385 1117 3441 el
1134 3378 1280 3460 posteris,
1296 3377 1357 3440 sibi

248 3480 358 3559 potius
388 3485 561 3560 oporteret.
617 3478 684 3542 Ubi
714 3500 753 3541 ea
781 3477 934 3560 Cypriani
964 3500 1055 3541 mens
1085 3480 1219 3556 videtur,
1251 3487 1297 3556 ut,
1330 3481 1357 3542 si

253 3581 384 3644 dixisset
409 3583 585 3643 Primatum
608 3602 640 3643 se
671 3587 783 3665 tenere·
800 3582 925 3657 Petrum,
950 3582 1117 3644 insolenter
1145 3583 1206 3644 sibi
1221 3583 1359 3663 aliquid

252 3687 452 3748 vindicasset.
489 3685 674 3767 Suppressit
688 3684 797 3766 itaque
817 3694 911 3747 caute
927 3685 1010 3747 hanc
1030 3695 1153 3768 partem
1166 3686 1355 3765 Cardinalis,

253 3808 454 3869 camporum
470 3787 588 3850 faceret
609 3788 649 3850 ad
669 3788 865 3868 primatum
891 3788 1004 3851 maluit
1021 3791 1170 3872 priorem,
1186 3789 1241 3851 ubi
1262 3810 1357 3870 super

252 3912 319 3954 eura
334 3889 519 3970 aediJieatam
535 3891 612 3954 dicit
627 3891 825 3956 Ecclesiaste:
849 3914 897 3969 ac,
918 3914 979 3973 per
999 3895 1065 3969 loc,
1082 3914 1146 3955 esse
1163 3892 1356 3974 fundamen-

157 4100 161 4105 ,
253 4052 301 4098 τῶν
322 4048 440 4112 μακαρίων
467 4051 540 4099 atreis
567 4050 683 4113 aritium
713 4051 733 4099 ei
756 4049 781 4099 ii
826 4051 895 4112 Orig.
909 4051 1005 4100 Comm.
1024 4053 1050 4101 in
1068 4052 1141 4101 Man
1160 4057 1220 4102 tom.
1234 4055 1302 4114 xii.§
1318 4056 1356 4104 11.

143 4129 146 4134 ·
254 4114 332 4163 κοινόν
342 4117 394 4163 ἐστι
405 4116 443 4163 real
454 4116 511 4175 πρὸς
523 4115 615 4178 iripovs
631 4115 669 4164 τό·
686 4115 781 4165 Auium
826 4115 881 4178 Op,
905 4122 965 4165 tom.
977 4118 1014 4166 iii.
1033 4133 1074 4180 pp.
1088 4119 1142 4167 524.
1159 4117 1184 4164 B.
1198 4121 1252 4167 525.
1266 4118 1309 4178 (l.;
1330 4124 1356 4168 ei

255 4196 308 4258 aas
323 4176 378 4263 ris
394 4183 602 4261 κ’λεῖδαςκτῆς
618 4180 782 4236 βασιλείας
825 4180 916 4257 latine]
934 4181 962 4264 ip
978 4181 1052 4231 stan.
1065 4183 1117 4231 xvi.
1136 4182 1216 4231 'Praeti
1231 4185 1246 4231 i.
1268 4184 1355 4248 [psa

254 4262 325 4357 155.
336 4263 497 4372 iiiiii,
506 4264 554 4358 '2⁰23
571 4245 782 4372 lltttitll:
827 4244 927 4359 1³25,th
932 4245 997 4372 iil
1016 4311 1047 4360 a
1071 4311 1140 4361 aa.
1162 4311 1227 4360 aa
1252 4311 1308 4374 op,
1331 4327 1355 4375 p.

253 4373 284 4425 trs
305 4374 362 4437 πρὸς
384 4373 475 4437 Πέτρον
493 4375 645 4433 sensualem
673 4373 713 4424 sal
736 4373 782 4436 γὰρ
826 4377 879 4424 108.

254 4439 355 4487 Insita
375 4437 420 4498 uir
441 4440 472 4488 ὥς
493 4439 549 4500 πρὸς
567 4437 657 4501 Πίτρον
678 4440 782 4501 εἰρῆσθαι
858 4432 920 4504 118.
934 4439 1051 4503 cyprian.
1073 4440 1117 4503 Ep.
1136 4440 1198 4489 lxxi.
1222 4441 1255 4491 ad
1275 4440 1356 4498 Quin-

252 4504 320 4553 δοκοῖ
333 4501 372 4554 τό·
387 4500 466 4554 ‘Oua
485 4503 521 4551 &r
537 4502 639 4568 δήσῃς
662 4523 683 4553 r.
691 4523 713 4552 τ.
725 4514 783 4553 λ.-
827 4508 889 4553 tum.
907 4503 963 4567 Op,
980 4519 1021 4568 pp.
1035 4507 1089 4565 191,
1102 4505 1168 4568 lna]
