2910 4926
269 247 311 308 10
582 264 625 310 An
646 263 838 312 eunomius
859 264 1058 313 ammaum

258 416 373 498 facitis
398 418 565 483 adorantes
589 421 735 485 Hostiam
765 422 926 504 (incertam
952 424 1005 502 aa)
1030 424 1369 487 transubstantiatam?

267 529 301 585 et
315 523 354 599 si,
366 544 408 585 an
424 523 747 589 transubstantiatam
762 526 922 604 incertam,
935 527 1086 589 incertam
1099 548 1140 589 an
1153 527 1348 591 adorandam
1361 555 1367 591 :

267 626 317 688 vel
331 631 448 688 certam
462 626 569 709 potius
584 626 690 710 plane,
707 627 792 710 quod
808 650 875 692 non
895 628 1066 693 adoranda
1112 630 1207 693 Nova
1224 651 1300 712 ergo
1315 631 1369 694 hio

267 728 437 793 baesitatio.

310 833 365 896 An
379 852 465 910 vero,
482 832 649 897 Sacerdoti
664 834 692 896 si
707 833 795 913 satis,
811 842 849 898 ut
864 835 974 898 credat
993 837 1028 898 ia
1038 855 1160 916 qaaere,
1176 835 1317 898 etiamne
1335 843 1368 899 et

266 936 384 1020 populo
399 935 485 1013 satis,
500 943 539 999 ut
555 937 664 1001 adoret
678 940 712 1000 ia
723 941 859 1020 periere?
884 940 1223 1002 Troasudstaatiatioai
1238 939 1368 1021 quidem

266 1041 411 1105 adoratio
435 1047 523 1104 actus
545 1052 815 1109 commensuratus.
864 1045 1237 1121 stambstaatiatioaem
1257 1046 1368 1108 Sacer·

266 1145 324 1209 dos
346 1167 414 1209 non
437 1146 549 1225 credit,
569 1147 632 1211 nisi
656 1150 690 1212 ia
709 1149 886 1232 perieram
908 1149 1074 1214 individuo
1097 1170 1165 1212 non
1189 1149 1289 1212 credit
1300 1177 1310 1222 ;
1334 1151 1368 1212 ia

264 1250 425 1313 individua
439 1257 550 1314 tamen
565 1252 678 1331 elevat,
691 1260 724 1316 et
736 1253 830 1337 jubet
846 1253 988 1317 adorare.
1035 1252 1123 1319 Quid
1138 1253 1299 1336 populus?
1322 1254 1366 1316 Et

265 1354 320 1418 ille
337 1355 445 1431 etiam,
466 1355 530 1418 nisi
549 1357 584 1419 ia
601 1378 714 1439 periere
732 1379 798 1421 non
818 1357 945 1421 credit?
972 1358 1044 1439 (nec
1066 1356 1153 1420 enim
1174 1378 1313 1439 aequum,
1329 1363 1367 1419 ut

264 1459 382 1540 majore
396 1458 461 1521 fide
476 1460 527 1538 sit,
544 1483 641 1544 quam
663 1461 839 1543 Sacerdos)
888 1461 999 1527 Credit
1018 1482 1096 1544 ergo
1110 1462 1145 1522 ia
1160 1481 1283 1541 periere,
1299 1483 1365 1524 non

265 1562 441 1643 individuo,
460 1565 573 1628 adorat
587 1565 623 1628 in
638 1567 808 1644 individua,
823 1588 890 1630 non
906 1586 1027 1648 perere.
1073 1564 1166 1644 Tum,
1184 1564 1366 1629 Sacerdotis

265 1673 354 1729 actus
367 1669 513 1746 incertus,
526 1670 829 1750 (traaaibstaatiatio
842 1669 973 1751 seilicet)
986 1668 1097 1752 populi
1109 1673 1221 1746 certas,
1235 1670 1366 1751 (nempe

266 1771 434 1855 adoratio)
454 1773 569 1857 Populi
584 1781 692 1838 autem
708 1781 820 1851 certas,
835 1795 875 1837 ex
890 1772 1071 1836 Sacerdotis
1086 1773 1214 1835 incerto.

307 1875 382 1938 Noa
396 1882 517 1939 tenetur
536 1878 605 1959 qais
622 1877 680 1959 (ait
696 1878 885 1958 Gamettus)
908 1882 1069 1939 attenuere
1090 1875 1207 1952 credat,
1220 1874 1365 1937 Hostiam

264 1979 345 2042 boae
359 1985 442 2042 certo
464 1981 796 2045 lbausudstaatiatam.
836 1980 925 2046 Quid
940 1980 1039 2062 ergo?
1076 1978 1130 2042 An
1147 1984 1268 2041 terretur
1285 1980 1364 2060 pais,

263 2090 298 2146 ut
313 2090 425 2147 temere
441 2085 559 2163 adoret,
575 2086 665 2167 quasi
679 2091 762 2148 certo
778 2083 1099 2159 transubstantiatam,
1112 2080 1153 2144 de
1167 2103 1231 2164 qua
1244 2088 1365 2158 tamen,

264 2210 305 2251 an
320 2197 409 2253 certo
422 2189 724 2267 transubstantiata,
736 2188 878 2252 incertus
893 2207 960 2250 non
973 2186 1041 2269 ipse
1056 2184 1162 2263 modo,
1180 2184 1235 2248 sed
1254 2186 1364 2248 Sacer·

264 2291 343 2354 dos?
374 2290 440 2357 Qui
462 2293 583 2373 supplet
606 2293 704 2355 locam
724 2288 864 2368 Idiotoek,
887 2295 986 2353 anet
1009 2288 1063 2352 ille
1086 2288 1193 2366 etiam,
1217 2309 1293 2366 non,
1315 2287 1365 2350 vel

262 2395 356 2472 hanc,
368 2396 419 2458 vel
430 2402 546 2458 certam
562 2396 667 2473 aliam,
681 2417 700 2458 a
714 2402 798 2458 certo
815 2393 987 2458 Sacerdote
1002 2397 1230 2469 consecratam,
1249 2413 1362 2455 verum

265 2500 405 2582 aliquam
425 2501 458 2562 in
476 2520 598 2583 periere,
614 2521 670 2564 seu
685 2498 853 2580 indefinite,
870 2497 1003 2561 adorare
1022 2503 1153 2560 tenetur
1160 2522 1171 2574 3
1195 2496 1250 2560 sed
1266 2518 1363 2579 quam

267 2604 300 2685 (a
316 2624 384 2685 qao,
401 2604 533 2685 quando,
548 2604 601 2666 abi
616 2602 916 2683 transubstantiata)
933 2601 1029 2684 plane
1042 2599 1191 2664 nesciat?

308 2705 402 2769 Nihil
426 2706 552 2769 horum.
601 2706 725 2769 Certum
745 2706 831 2769 enim
854 2712 913 2783 est,
934 2710 1051 2767 certam
1077 2703 1228 2767 Hostiam
1251 2703 1363 2766 adorat

263 2810 409 2892 populus,
425 2832 492 2873 non
514 2831 644 2892 capam
666 2831 728 2874 nec
748 2811 781 2872 ia
797 2829 910 2891 qaaere
930 2809 1076 2871 Latriam
1097 2807 1237 2884 exhibet,
1253 2807 1310 2870 sed
1329 2809 1363 2869 ia

262 2914 443 2986 iudicialem
466 2913 632 2978 individuo
650 2923 759 2978 autem
779 2914 994 2991 determinato,
1012 2933 1080 2976 non
1101 2932 1190 2995 capo.
1237 2912 1362 2974 Hostiae

262 3017 347 3096 buia,
363 3019 426 3097 hic,
443 3020 523 3102 jam,
539 3018 711 3082 adhibetur
724 3019 849 3081 Latrim
893 3018 1009 3080 Latria
1025 3025 1132 3080 autem
1147 3015 1227 3096 fidei
1238 3021 1362 3096 protes-

264 3124 343 3184 tatio
372 3123 509 3206 (quoties
532 3122 593 3186 boc
618 3123 757 3186 Thomas
779 3118 966 3202 inculcatll)
985 3119 1075 3200 fidei,
1099 3118 1205 3201 (puto)
1231 3119 1362 3182 nonde

262 3226 334 3303 alia,
351 3248 447 3309 quam
472 3224 524 3289 cui
546 3226 692 3289 Latriam
716 3225 829 3290 defert.
872 3225 967 3313 Fides
981 3245 1056 3287 vero
1079 3223 1131 3287 bie
1155 3223 1245 3286 nulla
1265 3245 1361 3306 quam

261 3337 474 3412 protestetur:
509 3330 599 3394 nulla
621 3330 751 3414 quidem
782 3330 821 3394 de
847 3311 973 3392 Hostis?
991 3326 1062 3405 hac,
1093 3327 1144 3390 cui
1173 3327 1236 3405 hic,
1261 3348 1359 3404 nunc,

260 3435 406 3497 Latriam
426 3434 566 3499 exhibet.
611 3433 731 3518 Aliqua
744 3434 828 3497 forte
850 3434 889 3497 de
905 3432 983 3496 Idea
1002 3430 1120 3512 (nescio
1141 3451 1204 3513 qua
1217 3431 1268 3493 vel
1288 3431 1357 3513 ubi)

260 3539 427 3619 inperare,
444 3538 484 3602 de
504 3538 565 3601 hac
580 3559 677 3620 quam
695 3536 818 3615 adorat,
833 3536 929 3618 plane
950 3533 1049 3596 nulla.
1094 3534 1216 3597 Annon
1234 3533 1295 3596 hoc
1311 3540 1361 3596 est

261 3642 294 3703 in
309 3646 383 3703 atra
394 3641 553 3704 adoram?
578 3643 699 3704 Annon
715 3641 865 3703 incertam
876 3640 1039 3701 hieracem
1055 3637 1128 3700 taba
1143 3638 1245 3700 datm?
1263 3639 1311 3719 (ut
1327 3637 1361 3699 in

262 3744 360 3807 simili
388 3766 423 3808 re
452 3744 627 3826 Apostolus
635 3745 662 3825 P)
697 3743 820 3809 Quodsi
849 3743 995 3806 Hostiam
1026 3742 1181 3805 Sacerdos
1210 3743 1360 3805 incertam

261 3848 372 3924 clevet,
388 3845 459 3930 quis
469 3847 598 3928 parabit
613 3868 646 3910 se
661 3846 705 3909 ad
724 3847 965 3910 adorationem?
987 3867 1034 3926 ac,
1050 3846 1112 3909 nisi
1127 3853 1245 3910 certam
1259 3854 1292 3910 et
1308 3847 1360 3908 de·

252 3949 381 4029 finitam
389 3976 399 4022 ;
424 3949 571 4030 woawdo
586 3950 701 4012 scietur
716 3949 793 4031 qaid
805 3949 985 4030 adoratur?

302 4050 356 4113 Ne
371 4071 452 4133 opus
464 4049 594 4133 quidem
609 4058 659 4113 est
679 4051 789 4133 (dices)
806 4057 844 4113 ut
858 4052 986 4114 sciatur.
1031 4052 1063 4115 A
1078 4053 1261 4115 neutrone?
1282 4073 1358 4129 non,

259 4158 296 4215 ut
314 4152 393 4215 sciat
414 4153 569 4216 Sacerdos
592 4174 632 4216 an
656 4153 952 4217 transubstantiet?
980 4174 1046 4217 non
1067 4163 1105 4217 ut
1126 4153 1205 4216 sciat
1221 4154 1360 4234 Populus

290 4284 301 4317 ¹¹
321 4288 346 4350 [1
360 4286 415 4337 Cor.
427 4287 479 4337 xiv.
492 4290 531 4338 16.
829 4288 954 4352 “Religio
979 4290 1096 4339 consistit
1118 4290 1146 4339 in
1168 4288 1276 4352 quadam
1298 4288 1359 4338 fidei

292 4349 300 4383 ¹
315 4351 355 4416 [S.
367 4351 457 4402 'thom
472 4353 532 4416 Aqu
542 4366 567 4402 n.
587 4350 694 4403 Summa
711 4352 788 4403 'Pheo-
829 4354 1117 4417 protestationo.”—Sec.
1127 4354 1249 4404 &eundae
1263 4353 1359 4411 Quasst.

256 4416 307 4480 leg.
325 4416 403 4467 Prin.
425 4416 555 4467 Secundae.
573 4418 666 4475 Quaast
689 4433 710 4468 c.
731 4420 786 4468 Art
828 4418 1056 4481 attticonct
1070 4418 1278 4483 ‘Adprtmum’J

256 4480 291 4533 lv.
313 4480 399 4533 Oenei.
422 4484 435 4542 ς
458 4481 517 4532 ‘Ad
546 4483 721 4546 primum'-
738 4482 786 4539 ltu
860 4482 1106 4548 =[1cor.xiv.s.]
