2910 4926
385 1043 469 1133 AD
517 1041 906 1115 LECTOREM.

102 1516 263 1580 Immune
291 1515 473 1600 scriptionis
499 1523 532 1581 et
552 1516 688 1583 Consilii
718 1517 822 1602 Regii,
846 1536 913 1580 non
938 1516 1067 1600 quidem
1092 1515 1201 1594 iniis,

104 1638 177 1702 quae
193 1617 324 1682 maximi
338 1618 496 1683 momenti
513 1627 590 1683 sunt
607 1619 704 1704 (quod
719 1619 846 1702 vellem)
864 1618 920 1682 sed
933 1619 1077 1683 imitator
1091 1627 1202 1683 tamen

45 1768 53 1781 .
103 1720 292 1785 Cerdinalis.
337 1722 391 1786 Ne
413 1743 480 1786 non
503 1723 626 1806 Regem
649 1730 801 1807 sequatur
821 1722 921 1805 aeqnis
943 1722 1088 1804 passibus
1099 1747 1109 1800 ;
1131 1730 1203 1806 post

103 1825 288 1907 Apolopicm
301 1845 390 1888 nram
404 1825 635 1889 aserenissimo
645 1826 730 1908 Repe
744 1825 887 1908 agnitam
899 1830 932 1887 et
948 1823 1111 1887 defensam
1126 1845 1202 1889 oon·
1289 1830 1299 1841 “

103 1929 154 1991 tra
173 1928 324 1991 Tortum:
349 1926 448 1992 habes
468 1929 536 2012 jam
562 1929 702 2011 (Lector)
728 1927 933 1993 aCardinale
952 1947 1056 2010 nuper
1077 1927 1203 2010 opposi-

103 2040 170 2094 tam
190 2032 280 2096 'Porti
302 2031 399 2116 hujus
428 2032 494 2115 (qui
516 2053 605 2096 nunc
630 2031 698 2116 ipse
719 2031 898 2097 Cardinalis
924 2031 984 2112 est)
1006 2031 1202 2114 Apolopinm.

103 2133 167 2197 Illa
181 2142 289 2198 autem
304 2134 389 2218 quod
411 2134 566 2218 inscripta
586 2134 807 2198 Socratissimo
825 2134 953 2211 Cereri,
974 2135 1204 2196 Potentissimis

102 2237 248 2319 Rapidus,
266 2237 548 2301 Eccellentissimis
565 2238 767 2320 Principibus
778 2264 789 2312 ,·
811 2237 910 2301 habes
932 2242 966 2300 et
989 2235 1087 2320 hujus
1108 2234 1203 2313 hanc,

103 2337 251 2402 similiter
279 2338 476 2422 inscriptam.
533 2338 646 2403 Defuit
677 2346 816 2418 tantum,
846 2345 884 2402 ut
914 2337 1059 2420 exemplo
1089 2336 1202 2420 Regio,

102 2441 244 2520 Fratres,
269 2442 528 2524 Comaopuiaeos,
554 2443 674 2526 Affines
697 2440 734 2505 in
760 2440 864 2524 operis
886 2439 1093 2523 inscriptione
1116 2460 1203 2504 com·

103 2543 246 2627 pelleret.
293 2543 367 2623 Sed,
386 2565 492 2628 neque
507 2565 627 2608 nomen
646 2565 740 2607 suum
759 2544 859 2627 priori
875 2542 1091 2627 Responsioni
1105 2563 1204 2626 appo·

103 2647 179 2726 suit,
208 2647 272 2711 nisi
298 2647 450 2712 Editione
479 2647 611 2711 tandem
640 2647 750 2726 altera,
779 2654 949 2731 postquam
975 2646 1044 2710 Rex
1073 2646 1205 2710 Nomen

104 2770 200 2812 sunm
225 2748 386 2834 professus
409 2750 524 2815 fuerat.
583 2751 655 2815 Nec
680 2771 810 2814 causam
839 2748 934 2812 aliam
954 2747 1111 2832 dignatur
1139 2769 1206 2832 prae

104 2872 139 2915 se
173 2851 266 2931 ferre,
301 2853 365 2916 nisi
398 2853 438 2917 ab
468 2853 614 2937 exemplo
643 2853 756 2937 Regio,
786 2872 853 2930 cur,
884 2872 959 2915 cum
992 2850 1202 2935 posteriorem

105 2954 359 3037 Responsionem
375 2954 476 3033 daret,
490 2962 524 3019 et
545 2955 684 3039 priorem
704 2976 772 3018 nna
789 2953 899 3019 recudi
919 2953 1065 3018 voluerit.
1109 2954 1204 3034 Tim,

105 3056 181 3140 qnia
197 3057 326 3140 Repicm
348 3058 551 3140 MaJestatem
565 3058 683 3138 decuit,
705 3065 876 3143 postquam
895 3056 937 3121 ad
951 3055 1078 3141 objecta
1092 3063 1206 3120 contra

105 3161 293 3244 Apolopicm
322 3183 420 3241 mam,
453 3163 536 3246 (qnae
560 3161 662 3226 voluit
685 3168 719 3226 ct
744 3162 847 3225 risum
876 3161 956 3242 erat)
988 3158 1206 3243 responderat,

105 3271 221 3328 caeters
234 3264 404 3349 Theologis
419 3257 638 3350 prosequenda
652 3264 851 3349 relinquere3
875 3261 948 3327 ideo
963 3268 996 3325 et
1010 3262 1078 3345 ipse
1092 3261 1205 3342 multa,

105 3387 177 3450 qua
191 3373 303 3431 contra
318 3367 452 3431 'Portum
475 3389 570 3431 sunm
588 3389 607 3431 a
628 3366 748 3431 nostris
770 3363 872 3448 excipi
886 3371 1087 3446 cognoverat,
1103 3364 1207 3428 'Pheo-

105 3467 187 3552 logis
196 3468 262 3533 suis
271 3469 450 3553 relinquere
459 3471 571 3549 voluit,
583 3470 744 3547 Gretsero,
754 3466 1070 3551 cap0110⁸,00qua0.
1085 3465 1206 3546 Etiam,

105 3571 303 3656 cumplures
318 3582 431 3637 contra
445 3574 580 3637 'Portum
601 3594 696 3636 sunm
718 3571 880 3655 scripsisse
894 3568 1115 3648 intellexerat3
1140 3590 1208 3633 non

106 3674 279 3757 respondet
300 3675 368 3759 ipse
387 3675 451 3740 nisi
475 3675 535 3740 soli
551 3676 654 3757 Repi:
685 3675 739 3739 Sic
761 3673 850 3739 enim
864 3673 979 3756 Repem
992 3672 1126 3753 viderat,
1140 3695 1208 3739 non

106 3776 170 3840 nisi
185 3777 244 3841 soli
258 3777 330 3843 sibi.

150 3880 201 3944 Ac
215 3881 337 3944 imitari
352 3883 482 3965 quidem
497 3904 564 3946 non
578 3882 683 3965 placet
691 3907 700 3959 ;
727 3882 903 3965 (Quorsum
918 3881 1016 3960 enim,
1031 3881 1208 3945 vanitatem

105 3989 175 4045 tam
195 4003 375 4066 perversam
388 3985 413 4067 i)
463 3984 504 4048 Id
521 4006 624 4048 unum
647 3984 743 4049 modo
759 3984 874 4068 placet,
890 3989 1102 4062 transumere,
1120 3981 1206 4066 qnod

106 4083 226 4149 alicubi
239 4085 347 4166 habet,
364 4087 403 4151 de
418 4085 631 4151 Praefationeb
653 4087 753 4171 ipsius
774 4088 812 4151 in
827 4095 990 4152 nostram:
1014 4086 1082 4165 ubi,
1099 4087 1207 4151 locum

141 4245 152 4267 ⁸
168 4236 246 4302 [Vide
259 4238 304 4287 lib.
315 4239 355 4288 cui
367 4240 407 4288 tit
426 4239 469 4288 ⁶1³.
482 4239 516 4288 M.
529 4239 637 4288 Antonii
681 4239 810 4291 Bononiae.
824 4239 912 4303 16103]

108 4301 207 4365 Cspelli
226 4302 388 4352 Franciscsni
400 4303 580 4353 Conventualis
596 4303 637 4353 ad·
713 4302 826 4369 '’[sserru
849 4306 947 4354 Praeint
969 4306 998 4355 in
1020 4304 1112 4367 Gymn.
1134 4302 1206 4353 Rom.

105 4382 193 4416 renus
213 4373 367 4429 praetensum
392 4369 534 4419 Primatum
556 4367 638 4417 Eccie
681 4369 752 4421 1576.
765 4370 827 4435 [(pp.
840 4372 862 4420 3.
874 4373 907 4433 4.)
919 4370 951 4420 ad
963 4370 1020 4421 init
1039 4370 1093 4434 Op,
1105 4372 1167 4418 tom.
1179 4364 1207 4431 i.]

106 4432 238 4481 diaeticum
261 4432 336 4495 Regis
359 4434 462 4496 Anglioe
488 4432 571 4494 Liber,
594 4433 637 4483 irc.
