2880 4928
450 274 633 324 morconis
654 276 837 325 nnseousro.
1131 263 1197 327 289

96 432 234 515 (mutata
246 431 341 495 litora
356 436 389 495 et
405 430 546 515 spiritu),
562 438 635 516 post
650 432 801 497 accedere
817 432 847 496 ei
862 457 882 496 υ
895 432 1034 512 literam,
1046 439 1127 512 tum,
1142 433 1198 517 qui

90 535 188 601 modo
206 535 276 619 jam
292 535 474 614 advenerat,
491 535 645 600 decedere
661 536 810 619 spiritum
826 536 943 616 denu0‚
959 543 997 600 ut
1014 533 1109 600 οὐσία
1123 558 1198 620 pro-

91 639 260 704 tumtur.
306 639 413 704 Quam
429 639 497 703 haec
512 641 626 702 misero
637 642 736 704 sunt?
760 661 856 723 quum
872 661 991 722 magno
1005 640 1062 705 illo
1076 647 1110 704 et
1121 660 1197 704 vero

90 744 249 827 indigna?
295 743 339 806 Et
370 743 534 807 Cardinali
562 751 684 823 tamen,
714 745 784 810 haec
813 751 889 809 sunt
918 744 1108 809 Athanasii:
1140 742 1197 808 sed

90 849 199 911 misni
213 854 245 911 et
260 844 474 930 ψευδωνύμου
481 873 491 926 3
515 868 582 911 non
596 849 662 912 veri
676 848 771 928 illius,
788 858 821 914 et
835 849 946 932 magni
961 848 1133 913 Athanasii
1142 860 1166 911 ⁰.

126 991 557 1056 &chrysostomus...inlritnrgia
568 1030 574 1042 .
587 992 814 1045 ..‘Intercessione
826 1032 831 1044 .
844 1032 850 1044 .
862 1032 868 1044 .
882 992 1032 1058 B.Virginis
1044 993 1196 1057 ...dignum
1254 975 1317 1039 177

158 1090 200 1126 me
211 1075 281 1126 laer:
292 1075 449 1138 isc-[Bell.
461 1077 534 1140 Apol.
547 1091 593 1140 pro
601 1076 687 1142 Resp.]
699 1093 722 1141 p.
731 1080 769 1128 94.
787 1078 855 1143 [Op.,
866 1078 979 1128 tomrii.
990 1077 1037 1128 col.
1047 1077 1103 1130 757.
1118 1075 1157 1141 c]

137 1177 201 1240 Pur
211 1184 260 1241 est
275 1183 383 1240 autem
398 1176 481 1240 ratio
496 1177 535 1240 de
551 1177 772 1262 Chrysostomi
787 1177 928 1261 liturgia.
973 1178 1090 1260 Neque
1105 1176 1193 1240 enim
1211 1182 1249 1248 [S.
1263 1181 1339 1247 chry-

92 1280 150 1344 illa
172 1302 192 1344 a
211 1279 314 1344 doctis
336 1279 475 1344 habetur
496 1302 554 1363 pro
575 1302 659 1360 vera,
675 1302 780 1364 neque
796 1302 870 1345 vero
890 1286 998 1365 potest
1013 1302 1081 1345 non
1095 1279 1197 1345 videri
1209 1248 1284 1314 Μ’]

94 1382 263 1462 recentior,
284 1382 320 1446 in
342 1405 406 1466 qua
420 1383 527 1446 Alexii
543 1383 751 1468 Imperatoris
774 1385 905 1464 montio,
922 1385 1081 1448 sexcentis
1101 1383 1197 1447 mini·

93 1507 185 1549 mum
206 1486 298 1549 annis
321 1486 550 1569 Chrysostomo
570 1487 765 1570 posterioris.
810 1488 904 1564 Tum,
928 1488 955 1550 si
979 1494 1063 1550 esset
1087 1493 1197 1550 tamen

94 1610 187 1668 vera,
211 1597 244 1653 at
268 1590 358 1653 Deus
379 1588 425 1653 ibi
447 1590 623 1669 invocatur,
646 1612 712 1653 non
736 1592 773 1654 B.
783 1591 894 1672 Virgo.
918 1591 1056 1673 Dipnm
1071 1611 1119 1653 me
1126 1588 1196 1670 sac,

99 1691 254 1774 Confirmo
269 1714 317 1756 me
331 1694 365 1755 in
382 1694 492 1756 timore
509 1699 561 1757 tuo
571 1704 596 1772 t,
613 1695 683 1757 Deo
703 1694 830 1772 dicitur,
846 1714 912 1757 non
927 1692 1066 1775 Virffl'ni.
1113 1692 1196 1774 Sup-

93 1795 194 1880 plicat
220 1794 266 1859 ibi
291 1796 371 1880 ipsa,
398 1817 464 1859 non
491 1796 689 1880 supplicatur
711 1796 793 1880 ipsi:
826 1792 920 1883 εὐχαὶ
944 1792 999 1858 καὶ
1022 1791 1199 1879 πρεσβεῖαι

95 1895 204 1979 αὐτῆς,
224 1920 292 1963 non
315 1897 396 1984 πρὸς
418 1897 534 1979 adreio:
558 1898 729 1982 utrobique
753 1906 871 1978 autem,
888 1904 920 1963 et
942 1899 978 1962 in
999 1896 1099 1975 coelis,
1115 1902 1148 1961 ot
1163 1897 1198 1960 in

96 2003 202 2080 terris,
217 2001 397 2079 intercedit,
413 2001 469 2085 qui
479 2002 549 2085 ipse
563 2023 630 2065 non
645 2010 695 2066 est
710 2002 918 2066 invocandus.

130 2147 260 2211 Nyssenus
272 2184 278 2197 .
291 2184 297 2197 .
309 2183 315 2196 .
328 2184 334 2196 .
346 2147 435 2196 scribit
447 2184 452 2195 .
466 2184 472 2196 .
485 2185 490 2196 .
504 2183 510 2196 .
524 2146 644 2210 Gregorio
658 2147 864 2211 (Thaumaturgo)
883 2147 1028 2211 apparuisse
1046 2183 1052 2195 .
1065 2182 1089 2196 ..
1105 2145 1134 2195 B.
1143 2145 1199 2194 Vir·

162 2228 384 2292 ginem¹.-[Bell.
396 2227 470 2291 Apol.
482 2243 527 2293 pro
539 2228 625 2293 Resp]
638 2244 662 2292 p.
675 2232 713 2279 95.
732 2223 800 2293 [Op.,
813 2233 874 2278 tom.
885 2229 929 2278 rii.
942 2227 988 2277 col.
1000 2227 1015 2280 7
1018 2228 1056 2279 57.
1068 2226 1110 2291 D]

142 2329 163 2392 J
165 2350 226 2407 am,
244 2327 329 2411 quod
344 2327 442 2391 semel
458 2327 603 2411 apparuit
619 2329 658 2392 B.
668 2327 780 2411 Virgo,
797 2328 966 2412 Nyssenus
981 2325 1090 2390 habet.
1125 2325 1198 2389 Noc
1211 2336 1260 2403 [De
1271 2335 1325 2400 ejm

97 2430 189 2495 abest
212 2440 323 2493 tamen
347 2431 496 2513 suspicio.
541 2430 620 2494 Non
647 2431 686 2493 de
703 2432 784 2513 fidei
795 2430 948 2513 formula,
971 2429 1010 2492 dc
1034 2450 1097 2512 qua
1120 2402 1307 2517 satistssffifl'

97 2533 256 2611 convenit,
272 2533 329 2598 sed
342 2534 490 2597 miranda
504 2534 564 2598 hac
580 2534 760 2619 apocalypsi
773 2556 831 2617 per
846 2533 1072 2617 B.Virginem.
1096 2532 1198 2596 Euse·
1209 2528 1272 2581 Μ
1316 2564 1323 2579 ·

95 2637 169 2702 bius
175 2636 324 2719 formulae
339 2636 496 2715 meminit,
508 2644 541 2700 et
556 2637 687 2701 ascribit
701 2638 873 2720 integram.
914 2634 993 2701 Non
1009 2635 1072 2699 alio
1087 2641 1198 2698 tamen
1211 2593 1295 2660 Nm

96 2741 168 2805 loco
184 2739 290 2818 habet,
308 2761 404 2824 quam
420 2739 643 2823 Metaphrasin
656 2740 804 2824 Gregorii
818 2738 853 2802 in
868 2736 1095 2816 Ecclesiasten,
1112 2738 1199 2801 inter

97 2850 292 2906 monumento
317 2843 434 2924 inpenii
459 2863 525 2924 puae
550 2844 687 2924 reliquit.
734 2843 787 2906 Sic
811 2842 909 2920 enim,
933 2841 980 2906 ibi
1003 2846 1199 2904 monumenta

96 2947 214 3028 inperii
226 2946 289 3010 duo
298 2945 367 3009 haec
379 2945 483 3024 modo,
495 2953 673 3024 memorat,
689 2944 733 3007 M
731 2946 922 3027 etopiraain,
934 2950 967 3008 et
979 2945 1200 3026 repositionem

91 3049 173 3132 fidei
189 3050 322 3113 breuiter
336 3051 480 3113 editom¹.
525 3049 657 3111 Editcm
679 3056 786 3112 autem
811 3048 899 3128 dicit,
915 3068 982 3112 non
998 3046 1153 3111 divinitus
1169 3046 1199 3109 ei

97 3153 282 3217 revelatam.
327 3153 377 3216 De
404 3153 600 3236 apparitione
621 3173 663 3215 ne
687 3151 836 3215 meminit
858 3150 997 3235 quidem,
1017 3150 1091 3233 (etsi
1113 3149 1201 3212 varia

98 3255 143 3320 ibi
159 3256 227 3340 ejus
243 3253 390 3336 deipara
405 3264 633 3320 commemorat
647 3258 671 3340 :)
697 3255 724 3317 si
747 3262 842 3319 certae
864 3261 935 3316 tum
950 3253 1044 3316 samar
1058 3253 1109 3317 vel
1124 3251 1200 3315 fidei

132 3466 144 3488 ¹¹
161 3456 222 3523 [Ὠν
237 3459 285 3521 ’γὰρ
300 3457 341 3516 ion
357 3455 394 3507 τίς
410 3459 478 3506 ἐστιν
494 3457 571 3513 οὐσία,
584 3461 629 3506 διο·
672 3457 750 3510 τίμιον
765 3456 805 3505 καί
822 3454 942 3518 ἄχραντον
956 3455 1023 3515 σῶμιί
1036 3471 1080 3503 σου
1093 3452 1126 3502 είς
1136 3450 1200 3501 iactr

99 3519 366 3586 φερόντυνίδιεορείτεον.
378 3521 629 3585 ίσίαλίγετοε,ὥοπερ
673 3523 752 3634 {axiis
780 3522 819 3570 καί
848 3518 1009 3580 οοίματοε.-
1022 3518 1047 3568 S.
1071 3518 1199 3592 (lbrysost.

102 3587 206 3637 roalderia
221 3588 260 3637 καί
271 3585 321 3647 μία·
334 3587 374 3635 real
385 3586 481 3650 ἐπείπερ
494 3586 545 3636 loia
555 3584 628 3647 λέγε·
697 3587 771 3647 uurg.
786 3584 842 3647 Op„
853 3588 913 3633 bom.
926 3583 958 3632 vi.
971 3598 995 3647 p.
1006 3584 1078 3632 1002.
1089 3581 1134 3630 lln.
1148 3580 1198 3645 30.]

99 3671 139 3702 ται
150 3652 203 3700 κατ’
217 3652 383 3713 ἑτομολογίαν,
395 3655 472 3716 τροπῇ
488 3653 532 3700 τοῦ
543 3661 554 3701 i
563 3652 596 3701 είς
608 3656 629 3709 ὅ,
706 3657 717 3689 l
732 3645 920 3714 [Ὀρθοτίμηοον
931 3648 997 3708 ἡμῶν
1008 3648 1054 3706 τὴν
1067 3647 1130 3696 ὀδόν·
1142 3646 1198 3702 στίν

101 3718 141 3766 καί
158 3718 304 3779 πλεονασμῷ
321 3717 365 3764 τοῦ
383 3719 397 3763 ri
417 3715 547 3776 στοιχείου,
563 3715 631 3765 οὐσία
673 3720 736 3778 prior
745 3715 807 3775 ἡμᾶς
819 3717 845 3762 ἐν
853 3716 888 3775 τᾷ
898 3711 969 3775 φόβῳ
978 3730 1024 3761 σου
1032 3712 1087 3762 τοὺς
1099 3709 1199 3760 πάντας·

101 3781 329 3842 disputandam-i
342 3777 439 3829 &ibid
451 3794 475 3842 p.
485 3779 590 3842 89l.C.]
675 3779 809 3844 φρούρηοον
828 3781 894 3840 ἡμῶν
910 3779 956 3837 τὴν
973 3773 1043 3838 ζωήν·
1064 3774 1200 3840 ἆοφείλισοι

134 3853 145 3878 ⁰
165 3844 253 3910 [Hunc
271 3858 412 3894 sermonem
428 3858 480 3894 esso
492 3844 632 3906 genuinum
676 3846 741 3903 ήμῶν
751 3844 783 3894 τὰ
793 3840 934 3904 tramitum,
947 3842 1028 3904 εὐχαῖς
1045 3843 1085 3890 καὶ
1102 3839 1201 3890 ἱκεσίαις

102 3909 126 3958 S.
141 3909 275 3960 Athanasii
293 3923 355 3972 opus
374 3914 450 3970 negat
469 3909 524 3972 ipse
542 3908 633 3957 Beller-
677 3911 721 3966 rire
743 3906 837 3970 ίνδίξου
865 3905 979 3957 iterduca
992 3906 1031 3956 καί
1050 3902 1201 3968 ἄειπορθίνον

102 3975 196 4032 minus,
208 3974 246 4024 Do
262 3974 381 4036 Scriptor.
396 3972 462 4021 Eeel.
479 3974 516 4034 (in
528 3973 633 4035 Athen.)
678 3973 768 4035 Μαρίας
786 3974 825 4023 κοί
843 3973 938 4022 πάντων
956 3974 1005 4020 τῶν
1023 3970 1097 4031 ἁγίων
1116 3987 1202 4019 σον.-

104 4040 159 4101 Op.,
177 4043 239 4089 tom.
255 4039 298 4088 vii.
323 4037 378 4086 coll.
398 4041 436 4087 50.
450 4036 489 4098 1),
507 4040 546 4087 61.
560 4039 592 4086 A.
605 4036 634 4086 B.
679 4036 867 4150 Ibidxpidtdi
885 4036 929 4085 lin.
940 4038 978 4086 27.

103 4102 376 4166 videquoquanrou
386 4101 635 4151 Annllecladann.
712 4100 748 4165 Ι[
785 4100 816 4150 de
836 4100 860 4149 S.
871 4099 945 4164 (ἔτος.
984 4114 1033 4161 yss.
1051 4098 1158 4148 devita
1174 4097 1198 4146 S.

103 4170 142 4216 48.
158 4168 237 4218 Num.
249 4169 303 4216 xix.
322 4181 372 4230 seq.
391 4171 452 4216 tom.
464 4165 481 4215 i.
501 4166 558 4216 coll.
575 4168 631 4216 482.
680 4163 754 4226 Grcg.
770 4165 933 4215 Thaumatur.
955 4165 1011 4226 Op,
1023 4167 1085 4211 tom.
1101 4164 1139 4211 rir.
1159 4177 1201 4226 pp.

102 4231 262 4360 48{illidaris
272 4315 312 4356 μοι
322 4293 493 4359 conciperetur,
501 4292 536 4345 ti
543 4294 631 4355 &paoli
679 4229 822 4344 δί’δΕὕιίΒξίί.
833 4292 914 4406 EHist.
926 4291 992 4368 Eccl3
1003 4289 1059 4354 lib.]
1070 4290 1114 4338 vii.
1127 4288 1202 4401 [capg

102 4362 142 4410 καί
159 4359 329 4424 φιλάνθρωπος,
349 4363 403 4410 ταῖς
425 4359 564 4423 πρεσβείας
586 4361 631 4417 τῆς
674 4358 714 4408 26.
739 4358 780 4423 [cx
799 4358 831 4407 ad
851 4359 879 4406 it
899 4355 1002 4415 Buffinr,
1042 4355 1117 4404 .173.
1134 4368 1184 4418 spu

102 4426 271 4488 παναχράντοο
278 4443 323 4474 σου
329 4425 368 4475 rral
376 4422 528 4481 ἂεεπορθίνου
533 4422 630 4486 μητρὸς,
673 4423 796 4473 ductores
807 4422 876 4472 Hiar.
888 4420 955 4470 Eccl.
968 4369 1044 4470 Busil.
1056 4417 1141 4481 lota]

103 4487 264 4552 ἀκατίκρετίν
280 4507 311 4551 με
322 4488 466 4554 inarimos
476 4487 587 4550 δίξοσθοε
598 4489 628 4536 rd
