2910 4926
247 236 291 301 92
562 249 608 299 un
628 245 821 299 crunnum
841 244 1041 298 amrinum

250 407 344 472 Reor?
371 406 506 490 Vadas
553 406 720 472 Monendo
735 405 823 470 euim
836 403 958 483 laudat,
975 403 1030 488 qui
1043 411 1081 468 ut
1095 398 1216 469 faciant
1230 408 1352 484 monet,

247 509 334 592 quod
345 509 414 594 jam
429 507 564 574 faciunt.
608 510 665 574 An
685 516 808 574 etcum
826 508 1015 573 monitionis
1029 528 1136 588 usum,
1152 512 1250 591 atque
1272 507 1353 572 adeo

247 612 388 692 laudem,
405 611 568 677 docendus
583 618 632 676 est
644 611 825 677 Cardinalis
838 610 852 675 l

280 773 311 793 =
323 761 404 811 noque
413 748 512 812 possint
522 745 604 810 Reges
614 747 774 798 auctoritatis
784 761 837 797 suaa
848 761 938 797 nervos
949 745 1063 809 integros
1072 757 1178 808 servaro,
1185 745 1237 796 uisi
1247 746 1353 797 auctori·

312 830 375 880 tatis
386 828 528 880 Pontificioe
539 843 630 879 nervos
640 829 691 895 ipsi
701 827 958 894 praecident-{Bell
965 828 1040 893 Apot
1049 842 1095 893 pro
1103 826 1188 892 Boou]
1200 842 1224 892 p.
1232 828 1271 879 24.
1282 827 1354 893 [Op.,

312 912 376 960 tom.
387 910 432 960 vii.
443 911 490 960 col.
502 911 558 963 718.
570 909 613 975 c.]

82 1023 161 1091 [Quid
179 1023 224 1074 uid
292 1009 430 1073 Proeoidi
458 1020 577 1089 autem,
606 1030 675 1073 non
707 1028 826 1088 nemos,
853 1009 911 1072 sed
936 1013 1079 1072 strumae.
1093 1006 1210 1093 potius,
1234 1007 1351 1092 quibus

82 1093 232 1205 ffiffissinl’
247 1112 430 1178 luxuriatur
450 1112 614 1177 interdum
627 1119 769 1197 potestas
784 1111 963 1190 Pontificio,
985 1110 1181 1176 incommodi
1195 1110 1277 1175 nihil
1291 1119 1350 1176 est.

80 1218 218 1285 *mii-l
248 1217 343 1282 Idem
367 1216 430 1282 hoc
457 1218 563 1301 Reges
592 1237 677 1300 saepe
704 1215 895 1281 factitarunt
917 1214 1129 1300 Pragmaticis
1155 1212 1254 1280 suist.
1302 1215 1351 1279 Ni

246 1320 409 1401 fecissent,
435 1320 622 1384 summoto
647 1319 775 1405 jamdiu
797 1327 882 1384 esset
905 1318 1080 1384 auctoritas
1104 1339 1215 1383 eorum
1238 1318 1349 1402 Regia.

248 1423 285 1488 Si
299 1444 395 1508 porro
410 1422 508 1488 etiam
523 1423 670 1502 fecerint,
685 1422 758 1506 plus
774 1421 880 1486 adhuc
894 1442 1055 1486 neruorum
1069 1420 1230 1486 habitura.
1255 1421 1351 1489 Quod

246 1526 334 1591 enim
350 1526 476 1591 decedit
494 1525 569 1606 illis,
585 1525 738 1591 accrescit
754 1524 925 1590 Pontifici:
950 1524 1006 1610 qui
1029 1523 1119 1610 quasi
1139 1523 1206 1589 lien
1221 1523 1350 1609 jamdu-

247 1629 324 1695 dum
339 1636 389 1695 est
403 1629 451 1695 rei
465 1629 567 1695 totius
583 1628 785 1696 Christiana.

278 1782 475 1848 Expergiscstur
485 1784 569 1849 potius
579 1782 635 1834 Rex
641 1782 793 1847 Auglorum,
802 1786 829 1833 et
836 1782 941 1834 verbum
953 1781 1059 1834 Domini
1070 1781 1208 1846 diligenter
1214 1781 1350 1848 expendat

311 1864 434 1915 ‘Reddite
440 1880 497 1929 quaa
504 1870 564 1916 sunt
572 1863 679 1916 Caesaris
685 1863 786 1926 Ooesari,
795 1869 821 1915 et
829 1879 886 1928 quoe
894 1868 955 1915 sunt
961 1863 1010 1916 Dei
1018 1866 1073 1917 Deo
1079 1863 1213 1930 sufflat
1226 1865 1301 1930 Apol.
1308 1879 1356 1930 pro

310 1945 399 2011 Raso]
416 1961 441 2011 p.
454 1946 494 1996 24.
513 1945 583 2011 [Op.,
599 1946 713 1998 tomvii.
725 1946 773 1997 col.
784 1946 840 1999 ⁷18.
853 1945 893 2011 e]

82 2067 147 2134 [1³0¹
158 2066 213 2133 ¹9⁸0
288 2059 387 2140 Nam,
403 2061 489 2145 quod
508 2062 681 2146 esperyieci
702 2061 751 2127 vis
772 2063 896 2146 Reyem,
915 2062 987 2144 (nec
1002 2060 1043 2126 ab
1059 2081 1106 2140 ea,
1122 2082 1219 2145 quam
1239 2061 1350 2145 culpas

80 2134 230 2263 m]
245 2161 314 2249 ipse
327 2185 449 2244 vocem,
466 2163 620 2249 abstines)
631 2164 713 2244 vide,
730 2187 826 2250 quam
840 2165 911 2228 Rea
924 2185 1035 2229 vocem
1049 2164 1135 2255 hauc
1148 2185 1216 2228 nou
1230 2162 1351 2228 invitus

244 2265 338 2346 ferat,
367 2267 547 2352 praesertim
570 2288 646 2332 cnm
668 2268 794 2332 vebum
817 2268 946 2331 Domini
969 2267 1067 2332 etiam
1092 2266 1251 2332 nomines.
1293 2267 1349 2332 Ad

244 2368 359 2435 tubam
379 2370 479 2450 illam,
491 2371 562 2454 quis
577 2393 644 2435 non
652 2372 803 2455 eoiqitet?
818 2371 971 2456 quianon
985 2370 1118 2435 arrectis
1133 2368 1264 2435 auribus
1279 2370 1321 2435 sit
1334 2371 1348 2436 l

247 2472 343 2540 Quod
354 2494 430 2538 vero
444 2472 602 2538 verbuml
647 2475 782 2538 Reddite
796 2495 862 2557 quc
876 2480 949 2538 eunt
963 2474 1095 2537 Caesaris
1114 2474 1239 2537 Ooesart
1278 2474 1348 2537 Ea·

238 2576 440 2659 perciacaiur
456 2596 528 2639 vero
541 2576 651 2658 potino
664 2577 716 2640 laio
733 2577 921 2655 Cardiaolia,
937 2576 1050 2661 quidni
1065 2583 1174 2641 autem
1189 2583 1222 2640 et
1237 2577 1349 2641 Ponti·

236 2676 326 2761 feu?
371 2680 444 2744 Hoc
469 2679 556 2743 enim
579 2680 686 2763 agitur
700 2680 763 2760 hic,
779 2680 856 2745 hinc
876 2701 916 2744 cx
932 2681 1006 2765 jure
1026 2702 1127 2744 manu
1142 2677 1349 2745 consertum‘l

245 2788 387 2862 vocatur,
413 2782 500 2866 quod
529 2783 655 2861 Censori,
677 2804 743 2865 qaoe
773 2784 914 2862 Caesarie,
936 2782 1110 2859 sustulerit,
1133 2781 1260 2847 sublata
1280 2804 1348 2847 non

244 2885 360 2948 reddat
378 2885 458 2970 jam,
482 2885 564 2950 nolit
588 2887 686 2950 etiam
708 2886 857 2951 reddere.-
881 2886 960 2969 quin
979 2885 1076 2969 (quod
1102 2894 1198 2968 caput
1220 2885 1348 2971 injuriae

244 2989 306 3070 cst)
319 2987 471 3052 defendat
485 3009 553 3052 uon
566 2988 736 3068 reddenda,
748 2989 861 3055 tollere
875 3009 914 3053 ea
927 2989 1069 3073 potuisse
1085 3009 1128 3068 se,
1140 3009 1234 3073 posse
1249 2988 1347 3052 etiam

241 3090 321 3176 jam,
337 3111 412 3154 cum
432 3092 528 3170 volet,
544 3092 669 3175 quoties
683 3092 779 3172 volet,
799 3098 896 3176 atque
914 3091 999 3176 apud
1023 3111 1057 3155 se
1081 3090 1233 3170 detinere,
1249 3091 1291 3156 ad
1313 3112 1348 3155 se

244 3193 332 3258 euim
355 3215 402 3273 ca,
421 3216 487 3259 uon
503 3194 544 3259 ad
571 3196 730 3260 Caesarem
753 3195 923 3279 pertinere.
967 3195 1089 3259 Audiat
1116 3195 1189 3268 Quo
1215 3195 1348 3257 Carraria

247 3297 389 3362 Caeoavs?
421 3295 524 3362 Ποίαν
552 3323 592 3362 σε
621 3295 699 3367 ἔπος
728 3296 828 3384 φύγεν
853 3295 944 3385 ἕρκος
973 3294 1109 3362 ὀδόντων
1119 3307 1140 3372 ⁶,
1171 3298 1265 3383 quale
1293 3297 1347 3361 hio

243 3401 376 3466 verbum
397 3402 516 3468 excidit
537 3402 728 3467 Cardinalii
750 3424 848 3487 quam
870 3424 938 3468 uon
962 3402 1212 3486 tempestivum?
1245 3401 1345 3486 quasi,

243 3504 300 3588 qui
328 3494 406 3571 alios
435 3513 631 3589 eopmectos
653 3506 734 3586 vult,
762 3506 857 3569 bonna
887 3506 956 3589 ipse
982 3505 1145 3584 Homerus,
1175 3505 1212 3569 in
1241 3505 1347 3570 media

242 3609 422 3674 monitione
437 3632 495 3674 sua
508 3610 654 3673 domitet
665 3607 684 3674 s.
720 3609 799 3673 Non
814 3609 900 3673 enim
915 3609 1061 3694 (opinon)
1078 3609 1163 3693 quod
1178 3608 1225 3672 ibi
1240 3608 1346 3693 sequi·

242 3719 306 3791 tur,
319 3713 365 3775 Et
378 3733 444 3795 quc
455 3713 517 3775 Dei
531 3712 609 3791 Deo,
619 3712 653 3775 id
667 3712 715 3775 ita
729 3711 885 3794 glossabit
897 3711 1056 3792 Pontifex,
1072 3702 1145 3786 Quo?
1154 3713 1226 3791 Dei,
1236 3711 1270 3775 id
1285 3719 1345 3791 est,

242 3838 309 3898 quc
335 3817 460 3897 ΟαὶρΙιιε
486 3820 568 3893 tum,
584 3814 634 3879 vel
650 3815 748 3896 Papo
763 3815 832 3899 jam
842 3840 851 3892 ;
875 3836 918 3879 ue
937 3814 984 3879 ita
1006 3837 1039 3879 se
1059 3816 1160 3879 Deum
1181 3815 1346 3894 facietne

243 3919 288 3983 sic
303 3918 461 4002 impingat
475 3917 510 3981 in
522 3918 683 4001 Magnum
700 3919 854 3997 Leonem,
872 3927 905 3983 et
919 3918 1048 4002 inflatura
1061 3920 1176 4000 spiritu
1186 3918 1345 4000 superbior,

241 4022 435 4103 semetipsam
464 4022 498 4084 in
521 4021 645 4103 inserita
672 4022 829 4105 dcmeryat
841 4031 864 4085 ⁸.
911 4021 978 4088 Qui
1002 4022 1136 4087 verbum
1168 4022 1346 4087 Servatoris

274 4173 285 4197 ¹
313 4166 379 4217 Vide
397 4165 513 4218 Servium
533 4166 561 4215 in
581 4165 654 4230 Virg.
671 4165 727 4216 AEn.
745 4181 771 4215 x.
849 4174 859 4198 ⁰
892 4165 967 4217 Mstt
979 4166 1041 4216 xxii
1055 4165 1105 4230 21.]

242 4233 298 4281 228.
847 4229 859 4262 ‘¹
888 4230 985 4280 Iinnius
1007 4232 1074 4294 apud
1102 4232 1161 4282 Aul.
1184 4231 1248 4282 Gell.
1269 4231 1345 4282 Noct

274 4294 286 4329 ὓ
316 4296 381 4348 Vide
405 4295 507 4360 Prugnu
527 4294 654 4346 Sunotion
676 4295 771 4345 Ludov.
816 4297 870 4345 Att.
893 4296 927 4345 ib.
937 4311 979 4345 xx.
990 4310 1044 4359 cap.
1058 4296 1107 4361 1o.]

243 4360 298 4421 IX..
318 4361 394 4426 <apud
414 4361 489 4412 Cone
506 4364 567 4410 tom.
585 4361 620 4409 xi.
636 4360 693 4410 coll.
713 4362 770 4420 907,
848 4368 859 4393 ⁶
889 4361 961 4410 Hom.
976 4360 1005 4409 ll.
1019 4360 1136 4425 inita]

243 4428 310 4489 908.)
321 4431 347 4477 et
358 4425 441 4477 Caroli
454 4425 523 4484 Vll,
536 4424 564 4475 iu
576 4425 649 4476 Cone
664 4425 769 4476 Bituric.
847 4425 854 4457 ¹
882 4425 947 4475 Vide
954 4424 1042 4475 Horat
1050 4425 1344 4490 EpistsdPialin369.]

241 4491 351 4552 -lbid.,
362 4497 423 4542 tom.
437 4492 482 4542 xii.
493 4491 540 4541 col.
553 4493 624 4542 1429.
636 4490 699 4555 aeq.]
846 4498 858 4531 ¹
871 4490 952 4554 [Vide
962 4505 1045 4555 supra,
1063 4506 1088 4554 p.
1100 4491 1155 4555 td]
